2346 3776
366 126 415 163 24

341 191 398 218 teri
408 192 559 218 crearent..
576 187 623 217 Et
633 185 767 218 decrevit
778 208 788 224 ‚
799 193 834 216 ut
845 191 956 215 mortuo
967 178 1148 211 Patriarcha
1159 189 1222 211 con-

336 240 476 267 venirent
485 232 626 276 Episcopi
639 259 649 274 ‚
677 240 729 277 qui
742 230 957 266 Patriarcham
969 230 1150 276 ordinarent.
1164 231 1223 260 De-

335 290 434 317 crevit
445 291 528 324 item‚
542 286 575 318 &¹
587 294 716 317 vacante
727 279 942 317 Patriarcbatu
952 281 1093 322 eligerent
1103 290 1141 311 ex
1151 289 1224 320 qua-

334 338 457 376 eumqu‘e
468 334 591 368 tandem
600 340 715 377 regione
727 332 807 373 ‚five
818 344 856 365 ex
868 331 1019 363 duodecim
1029 329 1090 360 illis
1101 326 1223 365 Presby-

335 389 422 424 teris,
427 383 492 426 five
502 385 571 416 aliis
583 381 684 416 virum
696 383 824 424 aliquem
834 386 977 415 eximium
984 375 1147 420 perspet‘lae
1153 386 1221 420 pro-

332 431 452 474 bitatis,
465 444 585 475 eumque
597 432 808 466 patriarcham
817 439 960 466 crearent,
988 431 1084 470 Atque
1095 435 1139 461 ita
1150 439 1220 462 eva-

334 489 402 516 nuit
414 482 584 523 Institutum
596 482 675 518 illud
682 489 839 525 antiquius
852 506 862 521 ‚
888 491 944 522 quo
965 483 1059 511 creari
1074 476 1179 520 filitus
1200 479 1221 508 ᾶ

334 532 517 570 Presbyteris
532 532 735 572 Patrtarcha‘,
761 534 796 566 <5
807 535 876 573 ejus
887 536 919 562 in
931 529 1022 561 locum
1025 524 1150 571 succeffit
1166 531 1219 560 De-

332 592 443 616 cretum
455 583 492 615 de
502 581 684 617 Patriarcha
696 583 735 615 ab
756 581 912 625 Episcopis
933 579 1067 612 creando.
1094 578 1221 612 Conso-

333 641 389 663 nat
401 632 436 664 in
458 632 559 666 literis
579 631 620 666 ad
640 628 821 677 Evagrium
843 631 968 665 sanstus
981 628 1217 669 Hieronymus.

332 679 567 726 Episcopatum
580 693 617 715 ac
630 681 895 725 Presbyteratum
908 678 1000 713 fuisse
1010 677 1044 710 in
1052 676 1219 719 primitiva

331 729 475 766 Ecclesia
488 732 629 766 eundem
641 732 780 776 gradum
790 729 990 766 demonstrat
1011 726 1124 760 multis
1137 749 1148 765 9
1174 735 1221 759 at-

188 794 309 834 Epist&
330 790 395 824 que
408 783 627 826 prosequitur:
642 784 736 824 ,Quod
743 792 843 816 autem
849 779 946 822 postea
956 782 1038 810 Unus
1050 776 1157 809 eleetos
1169 774 1219 816 est,

331 837 383 872 qui
394 839 509 865 caeteris
515 840 742 874 praeponeretur
754 838 787 864 in
799 829 971 873 Schismatis
991 827 1154 860 remedium
1167 825 1221 868 fa-

331 879 410 913 dum
423 881 460 922 est
475 906 485 922 ,
509 884 546 915 ne
558 879 761 923 Unusquisque
770 879 853 923 adse
865 877 990 912 trahens
1002 875 1111 916 Christi
1120 878 1219 910 Eccle-

323 929 400 975 fiam
411 939 566 972 rumperet.
583 935 668 962 Nam
680 931 714 963 Θ·
727 931 920 964 Alexandriae
931 930 951 960 ἃ
962 930 1063 960 Marco
1074 929 1218 970 Evange-

330 979 396 1021 lzsta
407 980 496 1023 usque
506 982 550 1012 ad
561 980 718 1012 Heraclam
729 980 764 1013 (τ
776 978 936 1021 Dionyfium
948 975 1107 1021 Episcopos
1131 978 1220 1009 Pres-

330 1029 420 1066 &tert
426 1027 545 1072 semper
559 1041 650 1062 unum
663 1040 701 1062 ex
716 1028 752 1072 se
761 1030 882 1063 elec‘lum
892 1054 902 1069 ,
930 1035 962 1061 t'n
972 1025 1112 1068 excelsiori
1117 1028 1219 1070 gradu

328 1079 508 1118 collecatum,
522 1077 702 1121 Episcopum
713 1080 909 1112 nominabant
922 1103 932 1118 ‚
945 1078 1083 1121 quomodo
1087 1076 1118 1118 fi
1119 1080 1217 1110 Exer—

326 1134 402 1160 citus
413 1132 625 1170 Imperatorem
631 1128 734 1170 factat
749 1153 760 1170 ‚
791 1139 845 1163 aut
859 1133 982 1161 Diaconi
994 1129 1105 1171 eligant
1117 1127 1153 1159 de
1159 1125 1195 1169 se
1207 1150 1218 1166 ‚

327 1188 414 1219 quem
424 1178 600 1223 industrium
611 1186 750 1212 noverint
762 1204 772 1221 ,
785 1181 819 1213 Θ·
833 1178 1087 1212 Archi-diaconum
1098 1184 1215 1209 vocant.

329 1227 463 1262 sanetus
476 1229 706 1271 Hieronymus
729 1229 763 1262 δε
785 1226 996 1271 Euthychius
1012 1226 1168 1259 differunt
1181 1226 1216 1259 ln

327 1276 653 1319 duobus.Pri1no‚hic
665 1289 792 1312 morem
808 1277 900 1310 illum
911 1277 1011 1322 usque
1023 1275 1064 1309 ad
1073 1274 1216 1309 Alexan-

326 1326 377 1360 dri
392 1351 402 1367 ,
428 1328 485 1362 ille
495 1328 663 1361 dumtaxat
675 1329 776 1371 usque
787 1327 826 1363 ad
842 1327 991 1361 Heraclae
1009 1326 1042 1359 ὃ(
1060 1325 1214 1367 Dionysii

327 1376 585 1413 Patriarchatum
593 1378 730 1411 affirmat
741 1378 955 1421 perseverasse.
969 1375 1215 1416 Secundd,Hie·

330 1438 490 1469 ronymus
512 1425 736 1461 Patriarcham
756 1426 798 1461 ab
818 1427 885 1461 illis
905 1425 1104 1468 Presbyteris
1122 1422 1214 1460 suissie

329 1476 502 1511 dumtaxat
513 1477 652 1511 electum
662 1488 704 1510 ex
717 1478 776 1511 suo
789 1478 916 1521 gremio
927 1493 938 1516 ,⁴
950 1476 984 1510 &
995 1487 1074 1508 mox
1087 1474 1214 1513 inthro-

329 1528 476 1561 nizatum
489 1552 500 1567 ,
526 1525 712 1570 Eutychius
722 1527 860 1561 affirmat
872 1527 965 1560 fuisse
988 1525 1117 1568 insuper
1135 1537 1214 1560 eon-

330 1579 495 1611 sectatum.
523 1577 751 1621 Hieronymus
771 1577 918 1611 excludit
944 1586 1082 1610 omnem
1102 1577 1216 1612 conse-

330 1628 520 1661 crationem.
549 1626 653 1661 Lucet
666 1639 705 1662 ex
718 1626 863 1661 addustis
875 1626 1044 1670 exemplis.

380 1677 529 1712 Eandem
541 1677 672 1711 creandi
685 1677 843 1723 Episcopi
865 1680 1005 1712 formam
1022 1676 1158 1722 viguiffe
1174 1679 1212 1713 in

327 1728 402 1767 aliis
422 1728 521 1764 etiam
545 1727 697 1763 Ecclessis
719 1728 857 1763 affirmat
879 1728 920 1762 ad
939 1738 1090 1772 quartum
1103 1727 1211 1773 Caput

329 1779 529 1825 Apostolicae
551 1779 592 1813 ad
614 1778 767 1823 Ephesios
783 1778 936 1824 Epistolae
957 1777 1192 1815 Ambrosxaster
1202 1805 1212 1822 ‚

329 1833 383 1866 seu
393 1832 531 1866 Hilarus
542 1830 693 1875 Romane
706 1830 852 1877 Ecclefie
863 1830 1046 1867 Diaconus.
1060 1829 1211 1865 Affirmat

328 1881 585 1922 Ecclefiasticam
598 1883 811 1929 {bitemporis
822 1882 1043 1927 Disciplinam
1063 1882 1100 1919 in
1117 1881 1213 1929 pluri-

329 1931 388 1970 bus
398 1931 558 1966 Articulis
575 1931 740 1967 dissentire
766 1932 808 1967 ab
825 1931 1021 1977 Apostollca
1035 1958 1046 1975 ‚
1071 1933 1212 1978 ideoque

330 1981 520 2025 Apostolica
541 1982 666 2025 Scripta
688 1995 765 2019 curn
787 1983 846 2017 ista
869 1983 1055 2026 Disciplina
1076 1995 1145 2017 non
1157 1994 1213 2028 per

328 2033 442 2066 omnia
454 2032 640 2065 convenire.
662 2032 826 2078 Adjungit
838 2033 872 2069 id
885 2033 952 2066 fieri
964 2032 1009 2066 ob
1022 2033 1212 2078 posteriores

329 2083 549 2116 Succeflbrum
563 2082 801 2124 Episcoporum
815 2082 978 2118 Canones.
998 2082 1211 2116 Demonstrat

330 2132 488 2174 exemplis
502 2155 511 2170 ‚
539 2141 636 2173 atque
647 2131 868 2175 prosequitur:
891 2136 977 2166 Nam
987 2133 1021 2165 C&
1030 2131 1212 2166 Timotheum

331 2182 536 2220 Presbyterum
544 2183 566 2213 ἂ
571 2179 605 2223 se
615 2190 747 2216 creatum
761 2181 906 2223 Apostolus
919 2180 1096 2226 Epifiopum
1106 2191 1192 2215 vocat
1201 2207 1211 2222 ‚

329 2233 401 2273 q'uia
409 2232 539 2273 primum
550 2230 717 2269 Presbyteri
728 2230 867 2275 Episcopi
877 2231 1117 2274 appellabantur,
1125 2241 1158 2266 ut
1168 2243 1213 2266 re-

331 2282 452 2314 cedente
463 2285 524 2313 Uno
528 2279 656 2323 sequens
669 2288 696 2313 ei
701 2279 876 2323 succederet.
905 2285 1040 2323 Denique
1059 2283 1144 2323 apud
1154 2284 1213 2313 ΑΞ-

326 2338 449 2374 gyptum
462 2330 628 2368 Presbyteri
640 2329 806 2374 consignant
818 2356 827 2371 ,
847 2330 1013 2374 fipraefhns
1026 2331 1126 2372 nonsit
1137 2335 1214 2373 Epi-

327 2379 451 2425 scopus„
471 2383 491 2413 5
493 2382 532 2414 ed
540 2387 610 2422 quia
617 2389 769 2422 caeperant
775 2379 932 2423 sequentes
947 2381 1116 2421 Presbyteri
1136 2384 1215 2414 indi-

326 2436 383 2472 gni
394 2437 526 2462 inveniri
535 2432 579 2461 ad
589 2434 744 2463 Primatus
758 2433 898 2464 tenendos
911 2457 920 2471 ,
940 2438 1101 2465 immutata
1117 2431 1154 2472 cst
1166 2443 1215 2463 ra-

333 2485 374 2516 tio
386 2503 395 2518 ‚
403 2487 599 2521 praeponente
610 2481 736 2518 Concilio
746 2505 756 2522 ‚
776 2490 809 2513 ut
821 2492 877 2513 non
890 2482 970 2513 Ordo
981 2505 990 2520 ‚
1012 2479 1072 2523 sed
1078 2489 1215 2515 meritum

333 2538 446 2561 crearet
466 2527 647 2571 Episcopum
666 2553 676 2568 ‚
710 2531 869 2565 multorum
898 2532 1086 2563 sacerdotum
1098 2532 1214 2571 judicio

332 2577 514 2618 constitutum
523 2604 533 2619 ‚
561 2580 597 2611 ne
607 2579 749 2622 indignus
762 2582 870 2613 temere
893 2579 1048 2623 usurparet
1060 2605 1071 2621 ‚
1097 2581 1131 2613 o·
1151 2581 1216 2623 effer

333 2628 436 2660 multis
443 2626 628 2670 scandalum.
655 2628 758 2681 Qiod
782 2630 890 2676 ipsum
911 2630 1038 2667 videtur
1049 2629 1135 2673 apud
1145 2631 1215 2664 san-

334 2679 419 2710 etum
432 2677 658 2723 Augustinum
680 2679 839 2716 infinuare
851 2678 983 2715 Author
1001 2679 1214 2722 quaestionum

333 2740 374 2761 ex
397 2726 518 2762 Vetere
540 2728 574 2761 δε
605 2728 706 2761 Novo
737 2729 964 2763 Testamento.
1002 2730 1215 2763 Demonstrat

334 2778 533 2821 Episcopum
545 2778 577 2810 &
590 2777 818 2821 Presbyterum
828 2780 891 2813 esse
917 2779 1004 2812 ‘dem
1029 2779 1113 2822 apud
1126 2779 1214 2822 Apo-

334 2827 453 2861 stolum
468 2852 477 2867 ,
503 2838 600 2870 atque
623 2827 790 2872 subjungit
804 2841 811 2861 :
843 2831 932 2872 ,Quid
946 2829 983 2869 est
1003 2835 1082 2861 enim
1092 2828 1214 2871 Episco-

329 2885 391 2917 pus
402 2901 411 2915 ‚
437 2876 492 2918 nist
491 2883 609 2918 primus
623 2878 777 2916 Presbyter
790 2904 799 2919 ‚
826 2878 877 2911 hoc
886 2878 923 2919 est
935 2904 944 2919 ,
966 2877 1102 2921 summus
1116 2881 1214 2912 sacer-

337 2927 389 2957 dos
404 2927 418 2956 ,ἓ
448 2929 579 2968 Denique
593 2938 650 2960 non
660 2929 761 2963 *aliter
783 2930 873 2970 quam
894 2928 1145 2970 compresbyteros
1165 2929 1213 2962 hic

335 2984 423 3007 vocat
433 2999 442 3015 ‚
455 2976 488 3008 (θ’
500 2975 727 3019 consacerdotes
729 2976 807 3020 suos.
822 2983 907 3011 Nam
917 2980 951 3012 (π
963 2985 994 3011 in
1008 2980 1192 3012 Alexandria
1202 3003 1211 3018 ‚

336 3026 371 3057 (τ
378 3033 433 3065 per
445 3033 535 3057 totam
548 3029 712 3067 AEgyptum
724 3051 734 3067 ,
754 3027 856 3070 fidefit
868 3027 1032 3071 Episcopus
1043 3054 1053 3069 ‚
1066 3025 1212 3072 consecrat

337 3073 499 3111 Presbyter.
529 3074 570 3105 Et
583 3072 635 3107 hic
648 3075 779 3110 Author
789 3103 799 3118 ‚
825 3079 859 3112 &
869 3078 1017 3112 Hilarius
1028 3078 1212 3118 Diac'onus,

337 3123 370 3156 &
382 3124 505 3156 sandius
528 3123 755 3169 Hieronymus
779 3129 939 3162 affirmant
957 3127 1213 3171 presbyteralem

337 3173 616 3206 consecrationem
636 3173 671 3205 in
694 3176 857 3216 primitiva
879 3178 1021 3212 Ecclesia
1044 3189 1212 3222 nunquam

337 3221 430 3254 fuisse
440 3222 614 3264 separatam
626 3222 644 3254 a
654 3225 895 3261 consecratione
907 3228 1093 3272 Episcopali
1105 3253 1115 3268 ‚
1125 3227 1215 3261 ideo-

338 3282 402 3313 que
411 3282 545 3303 ornnem
557 3282 636 3305 tunc
658 3272 886 3316 Presbyterum
910 3278 1004 3311 fuisse
1016 3279 1116 3312 etiam
1138 3277 1215 3320 Epi-

338 3321 482 3363 scopum.
512 3320 555 3352 Et
577 3321 731 3354 videntur
752 3334 862 3357 verum
879 3325 995 3362 dicere.
1023 3329 1116 3362 Hinc
1126 3327 1214 3361 enim

338 3368 460 3408 Paulus
483 3367 665 3411 Apostolus
687 3369 751 3405 haec
763 3373 923 3406 vocabula
934 3400 943 3415 ,
971 3376 1134 3420 Episcopus
1147 3402 1157 3418 ,
1183 3376 1215 3409 ὅ(

339 3419 496 3456 Presbyter
510 3443 520 3457 ‚
547 3419 658 3460 paffim
667 3431 724 3461 pro
733 3422 850 3455 eodem
861 3424 978 3466 accipit
991 3449 1001 3464 ,
1026 3429 1058 3460 ὃς
1081 3427 1216 3460 confun-

339 3468 494 3507 ditflinc
508 3469 589 3506 item
601 3469 634 3507 s&
645 3470 767 3505 sanstus
779 3471 894 3508 Petrus
902 3473 935 3506 &
943 3474 1067 3509 sanstus
1078 3477 1217 3521 Joannes

808 94 1247 147 DissERTATio
1291 93 1708 150 PRoonmtiss

1286 177 1318 209 se
1331 176 1512 214 inscribunt
1533 181 1684 216 Seniores
1707 177 1762 215 seu
1781 176 2014 226 presbyteros,
2039 179 2075 218 id
2093 183 2139 219 est
2148 208 2161 225 ,

1287 225 1472 273 Episcopos.
1485 228 1569 264 N'on
1581 231 1672 265 enirn
1682 233 1813 266 fuerunt
1824 233 1981 277 {implices
1994 232 2163 277 Presbyte-

1285 275 1322 307 ri·
1348 274 1391 311 Et
1402 279 1530 313 sanstus
1542 280 1659 313 Petrus
1669 283 1743 315 suos
1754 282 1977 327 Coepiscopos
1983 283 2087 317 etiam
2108 294 2162 317 vo-

1284 334 1335 358 cat
1345 326 1565 362 Conseniores
1574 354 1585 369 ‚
1612 330 1667 363 seu
1677 330 1982 375 Compresbyteros.
2009 331 2164 368 Omnino

1285 373 1428 418 loquitur
1438 378 1507 412 illic
1516 378 1558 414 de
1570 379 1749 423 Episcopis.
1760 381 1805 416 Et
1815 383 1876 416 suae
1882 383 1922 417 ad
1936 381 2164 427 Philippenses

1285 424 1435 467 Epistolae
1443 429 1570 462 sanctus
1582 428 1704 463 Paulus
1714 429 1804 465 dedit
1821 430 1908 466 hanc
1928 429 2141 478 Epigraphen
2154 443 2164 463 z

1286 475 1401 509 Paulus
1414 478 1547 511 omnibus
1557 479 1689 519 sanctis,
1696 479 1828 522 quisunt
1837 481 2001 524 Philippis,
2011 495 2076 517 cum
2087 486 2166 524 Epi-

1278 522 1374 566 scopis
1384 528 1418 560 ό*
1431 529 1625 563 Diaconibus.
1652 529 1784 563 Graecus
1795 541 1907 566 textus
1916 531 2015 568 habet
2027 546 2035 565 z
2062 536 2167 573 coepi-

1276 572 1374 615 scopis
1395 577 1431 610 &
1451 582 1599 612 Diacontr.
1631 579 1844 623 compendio
1854 592 2106 617 commentatur
2122 592 2166 615 ex

1282 624 1394 660 sanilo
1406 626 1531 669 Ioanne
1543 628 1783 673 Chrysostomo
1794 627 2068 675 Theophylastus
2080 646 2091 666 .-
2111 636 2166 664 Co-

1281 673 1427 718 episcopos
1451 678 1639 717 Presbyteros
1662 682 1840 722 appellavit.
1868 684 1941 713 Non
1963 688 2042 715 enim
2061 689 2094 715 in
2103 692 2168 715 una

1281 724 1356 758 Urbe
1368 727 1454 760 multi
1459 727 1589 769 fuerunt
1600 729 1748 772 Episcopi.
1775 731 1923 763 Nondum
1932 739 2021 763 erant
2030 730 2169 770 dsstntva

1281 781 1411 816 nomina,
1425 788 1530 812 verum
1541 778 1599 821 ipfi
1604 779 1744 823 Episcopi
1755 780 1985 823 appellabantur
1998 779 2168 818 Presbyter-t

1282 823 1315 855 6*
1324 826 1510 863 DiaconiDe
1519 829 1640 864 eodem
1652 829 1817 874 Apostolo
1827 830 1937 864 scribit
1948 830 1984 863 in
1997 829 2090 864 Actis
2098 830 2169 863 san-

1281 874 1349 906 stus
1358 874 1466 911 Lucas
1476 889 1483 909 :
1495 882 1520 910 A
1532 881 1633 913 Mileto
1642 887 1764 914 mittens
1776 879 1930 924 Ephesum
1937 886 2059 914 vocavit
2071 881 2169 920 Majo-

1283 933 1333 955 res
1344 927 1571 970 natu'Ecclefiae.
1599 931 1678 964 Hoc
1690 930 1736 964 est
1745 956 1755 971 ,
1778 942 1894 965 omnes
1910 942 1988 965 cum
1998 930 2168 973 Episcopo

1281 972 1500 1016 Presbyteros.
1514 978 1558 1012 Et
1568 979 1608 1013 ad
1620 980 1706 1023 ipsos
1716 981 1819 1015 dixit:
1846 982 1999 1015 Attendite
2009 980 2095 1013 vobis
2107 1002 2118 1019 ‚
2130 979 2167 1012 Θ

1283 1022 1424 1066 Universa
1429 1033 1514 1070 gregi
1527 1052 1538 1067 ‚
1564 1034 1597 1061 in
1619 1041 1675 1072 quo
1693 1042 1748 1064 vos
1766 1033 1900 1073 Spiritus
1920 1030 2048 1064 sanequs
2061 1027 2166 1072 posuit

1283 1070 1441 1127 Episcopos
1451 1086 1549 1118 regere
1559 1079 1717 1121 Ecclefiam
1728 1084 1794 1114 Dei.
1819 1081 1923 1129 Qiod
1944 1091 2002 1124 per
2019 1078 2168 1114 Ecclesia

1285 1123 1425 1165 Majores
1447 1125 1576 1159 sanctus
1605 1127 1712 1161 Lucas
1738 1130 1904 1174 intelligat
1929 1129 2063 1165 cunaos
2087 1139 2167 1164 cum

1282 1172 1444 1217 Episcopo
1455 1174 1682 1219 presbyteros,
1696 1175 1812 1212 diserte
1822 1178 2091 1221 affirmat‘lanfflss
2100 1178 2167 1213 lxe-

1281 1233 1371 1256 naeus.
1385 1223 1428 1256 Et
1439 1224 1474 1257 in
1487 1224 1555 1258 alio
1566 1225 1615 1258 sui
1625 1227 1732 1268 operis
1744 1226 1830 1261 libro
1840 1226 2014 1273 distinguit
2025 1226 2166 1273 Apbston
2182 1240 2242 1273 Lib,
2268 1252 2289 1273 ¹,

1279 1273 1329 1307 los
1339 1273 1371 1306 ὅ(
1383 1272 1596 1316 Presbyteros
1606 1298 1617 1314 ‚
1631 1276 1835 1319 affirmatque
1844 1275 1905 1310 hos
1915 1277 2089 1320 Apostolis
2098 1269 2171 1312 su‘d
2181 1289 2245 1320 cap.
2257 1290 2304 1317 ιφ.

1279 1323 1404 1356 ceffiffe.
1415 1321 1479 1357 Per
1489 1324 1576 1367 ipsos
1590 1325 1691 1369 igitur
1701 1326 1845 1360 omnino
1857 1327 2017 1372 intelligit
2030 1327 2167 1370 Episco-

1280 1384 1345 1416 pos.
1374 1373 1417 1407 Et
1430 1373 1466 1408 in
1479 1374 1536 1409 sua
1549 1374 1590 1407 ad
1602 1375 1747 1409 sanetum
1761 1377 1930 1410 Victorem
1951 1377 2076 1420 Papam
2087 1377 2165 1421 Epi-

1278 1423 1358 1456 stola
1370 1422 1479 1457 scribit
1493 1436 1500 1455 ε
1527 1425 1693 1464 Presbyteri
1703 1436 1775 1459 ante
1785 1429 1920 1459 Sotarem
1933 1451 1942 1466 ,
1953 1434 2004 1469 qui
2017 1420 2140 1469 Ecclq‘fiq
2151 1452 2164 1469 ,

1277 1480 1322 1505 cui
1336 1476 1408 1516 jam
1425 1482 1459 1507 tu
1472 1481 1574 1515 praees
1585 1500 1595 1515 ,
1608 1476 1860 1518 'preficiebantur
1870 1502 1881 1518 ‚
1905 1482 2058 1510 Anicetum
2075 1477 2166 1520 dico,

1253 1547 1258 1551 .
1279 1525 1367 1557 Pium
1379 1547 1390 1563 ‚
1416 1523 1579 1567 Highinum
1601 1549 1612 1564 ‚
1647 1525 1875 1569 Thelespborum
1897 1552 1908 1568 ‚
1933 1529 2072 1567 sixtum,
2095 1538 2164 1561 cum

1278 1577 1409 1620 Afiaticae
1428 1575 1561 1617 Ecclefiae
1584 1574 1738 1619 Epifiopis
1761 1578 1943 1611 concordiam
1962 1584 2159 1611 retinuerunt.

1277 1629 1448 1663 Romanos
1461 1626 1640 1662 Pontifices
1652 1637 1747 1662 vocat
1760 1625 1971 1672 Presbyter-os
1981 1653 1991 1669 ,
2017 1626 2162 1664 Afiaeau-

1278 1690 1344 1713 tem
1358 1677 1532 1714 Antistites
1542 1679 1684 1723 appellat
1698 1679 1892 1723 Episcopo&
1906 1676 2160 1726 -Qod*nempe

1277 1729 1336 1763 ista
1349 1730 1510 1765 vocabula
1522 1740 1602 1764 tunc
1614 1728 1700 1774 apud
1711 1730 1835 1764 multos
1845 1729 1946 1763 essent
1969 1728 2113 1771 ejusdem
2123 1728 2161 1761 fi·-

1274 1780 1508 1825 gnificationis.
1529 1780 1632 1814 Extat
1644 1779 1794 1822 Epistola
1803 1777 1888 1822 apud
1899 1777 2161 1813 Ecclefiasticam

1275 1830 1458 1864 Historiam
1468 1829 1678 1864 Caesataeenfis
1690 1827 1834 1862 Eusebii.
1861 1826 1960 1861 Plura
1980 1827 2055 1861 sunt
2074 1828 2161 1862 anti-
2198 1852 2228 1884 ,b

1273 1892 1336 1925 qua
1343 1881 1539 1919 'testimonia
1553 1903 1564 1919 ‚
1591 1889 1660 1922 quae
1667 1879 1827 1913 evincunt
1836 1879 1971 1911 cunctos
1980 1876 2163 1912 multarum·
2173 1856 2238 1934 ΞΒ
2247 1862 2294 1929 ᾗ,

1275 1932 1490 1967 Ecclefiamm
1525 1928 1739 1972 Presbyteros
1760 1929 1793 1962 in
1821 1927 1986 1972 primitiva
2011 1926 2157 1964 Ecclefia

1273 1982 1366 2016 fuisse
1378 1980 1643 2016 Consecratione
1655 1980 1844 2023 Episcopos.

1296 2071 1298 2073 ,
1322 2032 1405 2076 Non
1415 2041 1526 2065 tamen
1550 2040 1665 2063 omnes
1685 2039 1777 2063 erant
1799 2029 1900 2063 etiam
1922 2028 2155 2073 jurisdictione.

1274 2082 1410 2116 Etenim
1425 2079 1637 2124 Apostolicus
1647 2079 1768 2114 Canon
1781 2078 1922 2114 omnino
1933 2080 2068 2114 mandat
2087 2079 2156 2114 cul-

1274 2143 1337 2174 que
1358 2131 1504 2166 Ecclefiae
1527 2141 1595 2163 non
1616 2128 1679 2164 elle
1697 2131 1755 2165 nifi
1782 2132 1918 2165 unicum
1945 2132 2155 2175 Episcopum.

1274 2181 1418 2216 Proinde
1438 2182 1522 2214 inter
1543 2181 1619 2213 istos
1640 2181 1845 2215 consecratos
1869 2181 2049 2225 Episcopos
2070 2191 2158 2214 unus

1275 2233 1398 2275 semper
1408 2230 1550 2275 praesedit
1561 2242 1598 2264 ac
1610 2232 1733 2273 praefuit
1744 2231 1816 2265 aliis
1826 2255 1838 2271 ,
1859 2242 1897 2266 ac
1908 2230 2060 2277 singulari
2073 2231 2157 2264 insu-

1276 2294 1330 2325 per
1340 2282 1476 2315 nomine
1489 2278 1719 2320 honorabatur.
1747 2280 1850 2329 Qiod
1872 2291 1952 2315 tunc
1974 2281 2157 2324 Episcopus

1277 2333 1330 2366 seu
1342 2332 1512 2365 Praesectus
1522 2330 1735 2375 appellaretur
1744 2331 1924 2374 Apostolus
1936 2354 1947 2371 ‚
1959 2331 2096 2364 affirmat
2107 2331 2158 2364 fii-

1277 2393 1330 2425 per
1341 2382 1484 2425 primurn
1496 2381 1692 2425 Apostolicae
1703 2380 1744 2415 ad
1757 2380 1983 2425 Philippenses
2002 2379 2156 2423 Epistolae

1276 2442 1372 2475 caput
1383 2430 1624 2465 Theodoretus.
1654 2431 1806 2466 Affirmat
1818 2432 1851 2465 in
1867 2431 2034 2474 primitiva
2043 2429 2158 2464 Eccle-

1276 2482 1317 2515 sia
1341 2481 1553 2524 presbyteros
1580 2482 1673 2516 fuisse
1705 2483 1803 2516 etiam
1838 2482 2015 2525 Episcopos
2038 2505 2049 2521 ,
2082 2480 2158 2514 istas

1277 2532 1550 2566 Consecrationes
1558 2539 1638 2565 tunc
1651 2544 1720 2566 non
1728 2533 1819 2566 fiiiffe
1831 2530 1957 2565 divisas.
1980 2530 2104 2565 Probat
2116 2541 2158 2564 ex

1241 2618 1247 2624 ,
1275 2581 1341 2623 Jam
1353 2581 1500 2615 adductis
1512 2582 1608 2615 saneti
1622 2582 1717 2615 Pauli
1730 2594 1767 2616 ac
1779 2582 1878 2616 sansti
1898 2581 1993 2614 Lucae
2012 2580 2158 2614 testimo-

1278 2632 1348 2664 niis.
1377 2631 1541 2676 Adjungit
1554 2632 1722 2674 Episcopis
1734 2634 1855 2676 semper
1864 2632 2035 2665 Diaconos
2046 2630 2159 2664 imme·

1276 2680 1363 2715 diate‘
1375 2681 1530 2726 subjungi
1542 2681 1583 2714 ab
1595 2681 1758 2725 Apostolo
1770 2707 1781 2722 ,
1807 2682 1842 2716 &
1863 2692 1943 2715 tunc
1960 2681 2001 2715 de
2021 2679 2159 2723 Presby-

1277 2731 1354 2763 teris
1379 2731 1504 2764 nullam
1525 2731 1596 2765 fieri
1620 2732 1833 2765 mentionem.
1874 2730 2034 2775 Supponit
2049 2729 2158 2764 eidem

1278 2779 1414 2814 Civitati
1438 2792 1619 2824 numquam
1639 2782 1732 2815 fuisse
1755 2781 1860 2824 plures
1871 2782 2074 2824 Epistopos,
2099 2779 2157 2813 seu

1245 2859 1250 2862 .
1278 2829 1464 2870 Praefestos,
1490 2842 1587 2874 atque
1598 2832 1809 2875 prosequitur.
1837 2834 1966 2873 Liquido
1972 2839 2060 2874 patet
2069 2831 2159 2863 Pres-

1278 2880 1384 2918 byteros
1390 2880 1479 2924 fuisse
1500 2893 1547 2914 eos
1561 2905 1570 2921 ‚
1595 2893 1667 2924 quos
1692 2881 1836 2924 Apostolus
1858 2885 2027 2915 nominavit
2039 2877 2159 2922 Episco-

1272 2938 1336 2971 pos.
1364 2932 1495 2964 Beatum
1515 2934 1586 2965 vero
1615 2932 1858 2973 Epaphroditum
1889 2940 1922 2965 in
1948 2930 2013 2975 ipsa
2037 2929 2154 2971 epistola

1276 2991 1373 3012 corum
1393 2981 1559 3022 appellavit
1580 2981 1747 3023 Apostolum.
1785 2981 1936 3016 Adducit
1968 2979 2064 3014 verba
2091 2979 2154 3022 epi·
2175 2968 2248 3008 caP·
2272 2979 2299 2998 ²·

1277 3028 1385 3063 stolae:
1412 3031 1610 3073 Neccffarium
1620 3031 1786 3071 existt'mavi
1797 3030 2061 3074 Epaphroditum,
2080 3029 2150 3070 fra-

1276 3088 1352 3112 trem
1370 3104 1380 3120 ,
1418 3081 1452 3116 (gt
1473 3084 1697 3122 Cooperatorem
1727 3084 1761 3116 (5
1785 3082 2016 3114 commilitonem
2034 3091 2152 3119 meum,

1276 3128 1404 3170 vestrum
1434 3140 1534 3163 autem
1564 3130 1723 3173 Apostolum
1744 3156 1755 3172 ‚
1791 3136 1909 3163 mittere
1934 3131 1980 3162 ad
2006 3141 2069 3163 vos.
2094 3120 2153 3163 Ἑῑ

1277 3179 1382 3222 pergit
1392 3179 1432 3212 de
1444 3179 1607 3222 Apostolo
1618 3180 1724 3215 Paulo
1757 3192 1764 3211 :
1802 3181 1910 3222 Aperte*
1928 3181 2011 3212 docet
2034 3177 2152 3221 Episco-

1271 3229 1372 3268 palem
1393 3228 1638 3273 dispensationem
1660 3228 1864 3272 Apaphrodito
1877 3228 1966 3273 fuiffe
1983 3231 2150 3269 creditam,

1276 3289 1341 3310 cum
1378 3280 1604 3320 appellationem
1638 3278 1760 3312 haberet
1794 3277 1919 3321 Apostoli.
1970 3279 2014 3312 Et
2039 3279 2153 3312 infra:

1277 3328 1521 3369 Epaphroditum
1542 3334 1664 3362 vocavit
1685 3327 1813 3372 ipsorum
1831 3327 1994 3369 Apostolum
2011 3353 2022 3368 ,
2049 3338 2082 3361 ut
2107 3332 2154 3361 cui

1279 3376 1343 3419 effet
1379 3376 1504 3420 ipsomm
1533 3390 1603 3411 cura
1631 3378 1801 3411 concredita.
1841 3381 1880 3411 Ut
1907 3379 2019 3410 clarum
2043 3377 2082 3420 fit
2098 3376 2156 3420 sub

1280 3437 1310 3459 eo
1327 3426 1415 3470 fuiffe
1436 3430 1500 3462 illos
1513 3451 1523 3467 ‚
1548 3433 1599 3469 qut·
1618 3433 1650 3459 in
1665 3433 1810 3469 principio
1824 3424 1899 3469 sunt
1921 3427 1991 3460 dic‘lt·
2009 3426 2158 3470 Episcopi.

1280 3476 1518 3515 Presbyterorum
1534 3475 1642 3521 scilicet
1661 3483 1692 3513 in
1711 3477 1813 3512 ordine
1831 3475 1980 3519 constituti.
2008 3478 2055 3512 Et
2079 3476 2149 3509 haec

2018 3525 2157 3572 Aposto-
