2346 3776
219 219 379 292 -pfflet-
392 206 543 282 tju‘xt'a‘
564 206 842 280 wApcistomm
870 206 1166 259 -Benefieentia
1205 205 1435 276 postquam
1474 209 1512 256 L
1535 226 1564 255 υ
1578 226 1600 257 ι»
1615 225 1644 255 u
1659 223 1692 255 M
1729 206 1873 260 adhuc
1914 209 1962 261 in
2007 210 2075 262 vi.-

221 282 541 350 wis-agentem:
573 276 696 343 omni
730 281 909 331 Officio‘
930 279 992 329 est
1026 275 1337 348 prosequutus,
1373 275 1565 327 defuncti
1600 279 1735 327 etiam
1761 281 2023 331 memoriam
2044 280 2072 331 ὲ

216 352 502 409 mortalitate
516 348 802 403 ³2Litterarum
836 349 1079 410 Beneficio,
1106 351 1237 417 cupit
1271 346 1485 397 vindicari
1499 385 1512 397 .
1551 353 1670 398 Inter
1693 347 1784 397 haec
1807 351 1962 398 tertius
1985 357 2072 415 jam

216 441 423 495 coeperat
438 421 442 423 ’
457 424 595 485 annus
610 456 636 487 ,·
657 441 710 472 ex
728 436 837 490 fquo
872 425 1060 471 Romam
1095 434 1275 470 venerat
1311 422 1359 466 P.
1396 422 1559 480 Lupus,
1594 437 1695 469 cum
1730 418 1938 469 solemnia
1962 424 2075 470 Uni-

216 497 346 548 „verfiv
377 493 527 543 Ordinis
561 491 759 553 Comitia
778 495 842 541 in
878 491 970 560 ipsa
999 489 1125 541 *Urbe
1159 488 1379 538 celebrata
1414 487 1538 550 sunt,
1574 491 1621 538 in
1657 489 1817 557 quibus
1851 488 1940 558 ipse
1976 505 2073 539 tan-

214 576 367 635 -qu'am
403 566 642 615 Provinciae
676 564 858 627 Belgicae
894 563 1055 623 Κεὲἶον,
1091 565 1137 609 in
1158 561 1394 610 Elefflone
1417 561 1646 608 Generalis
1673 559 1918 623 suffragium
1954 561 2072 621 tulit,

215 654 284 687 :ac
304 640 432 687 inter
465 652 540 686 eos
575 642 737 695 Patres,
773 651 960 701 quorum
995 631 1206 697 judicium
1241 630 1302 679 est
1330 666 1343 691 ,
1378 632 1560 697 quinam
1596 633 1643 679 in
1678 628 1928 694 suffragium
1965 631 2074 695 legi-

227 708 355 758 time-
374 710 436 757 ire
468 703 653 774 possint,
689 705 848 754 eleetus
883 703 967 752 fuit
993 740 1004 750 .
1043 708 1147 771 Qo
1181 703 1227 750 in
1262 718 1438 750 munere
1460 703 1566 750 teeti
1594 701 1802 769 propositi
1829 716 1983 762 tenax,
2019 718 2075 750 ne

217 777 338 845 ‘quid
373 792 526 846 praeter
560 776 677 839 leges
711 774 858 835 fieret,
894 777 1016 822 omni
1052 791 1137 841 ope
1172 774 1343 822 curavit
1359 808 1372 819 .
1408 774 1506 821 Hoc
1541 772 1649 821 vero
1674 773 1973 820 Comitiorum
1997 789 2073 820 oc·-

220 845 349 898 cursu
385 850 403 909 (
436 849 483 901 in
517 845 677 914 quibus
712 847 922 909 largiente
958 849 1140 904 Domjno,
1175 841 1233 890 ad
1268 841 1489 893 Universae
1516 842 1688 892 Nostrae
1711 844 1959 892 Eremiticae
1985 846 2073 892 Re-

222 918 404 981 ligionis
439 918 589 968 navim
625 915 935 966 moderandam
964 952 978 977 ,
1015 917 1060 963 in
1095 913 1356 962 Generalem
1392 930 1492 960 cum
1527 930 1689 976 magno
1712 912 1895 963 Ordinis
1931 915 2072 963 incre-

218 1003 379 1038 mento
414 988 570 1036 electus
608 986 692 1036 fuit
727 994 795 1037 Pr.
833 994 911 1035 M.
947 988 1164 1033 Dominicus-
1198 981 1443 1048 Valvasbrius
1465 1018 1478 1042 ,
1515 982 1803 1048 Mediolanenfis
1828 988 1849 1049 )
1886 985 1971 1034 hoc
2006 987 2074 1033 in·-

223 1075 361 1126 quam
396 1055 558 1107 acceffu
593 1059 733 1121 magis
758 1056 978 1124 magisque
1013 1055 1159 1103 illuxit
1184 1057 1292 1102 Lum
1317 1050 1577 1115 magnitudo
1605 1072 1618 1101 ι
1657 1069 1760 1101 nam
1785 1056 2069 1116 Dignitates,

221 1128 305 1178 etsi
339 1144 517 1192 rogatus
542 1165 556 1188 ,
591 1129 712 1177 nulla
745 1131 913 1177 ratione
947 1123 1105 1175 adduci
1139 1126 1289 1192 potuit
1313 1138 1363 1173 ut
1398 1125 1612 1190 reciperet
1645 1159 1660 1171 .
1709 1120 1879 1171 Eodem
1904 1122 2071 1192 prorsus

212 1201 363 1248 ‘animi
396 1197 578 1256 robore,
613 1215 706 1262 quo
728 1199 850 1245 volim
887 1197 914 1245 ὲ
948 1194 1128 1243 Clemente
1161 1198 1230 1243 IX.
1267 1196 1313 1243 F.
1351 1200 1414 1243 M.
1462 1193 1706 1263 Apostolici
1741 1196 1923 1243 Sacrarii
1959 1197 2070 1243 Praea.

216 1267 433 1318 §ceturam
468 1267 587 1316 ultro
618 1265 698 1313 fibi
732 1263 926 1315 delatam
961 1264 1206 1316 constanter
1241 1262 1512 1316 recusaverat
1530 1301 1544 1314 .

293 1334 518 1386 Caeterum
551 1334 761 1386 confeffis
793 1372 808 1398 ,
854 1353 1033 1406 propter
1066 1354 1164 1405 quae
1198 1339 1387 1385 Romam
1424 1352 1602 1385 venerat
1636 1341 1652 1397 ζ
1699 1337 1889 1400 negotiis
1936 1336 2075 1386 homo

215 1408 364 1457 -moris
398 1408 598 1475 antiqui,
633 1410 678 1456 &
715 1409 1049 1475 tranquillitatis
1084 1403 1394 1457 amantiffimus
1408 1442 1421 1467 ,
1457 1406 1654 1469 Belgium
1677 1443 1692 1466 ,
1727 1411 1772 1455 &
1807 1410 2077 1456 &cretum-a

222 1475 498 1528 Lovaniense
533 1474 641 1527 serio
675 1480 871 1542 cogitare
905 1481 1073 1547 coepit3
1109 1475 1476 1528 animadverterat
1512 1478 1630 1525 enim
1655 1475 1867 1544 quosdam
1904 1476 1944 1526 se
1969 1495 2072 1545 pro-

216 1545 412 1615 -speQare
443 1584 458 1596 .
493 1548 634 1597 Nulla
668 1564 817 1600 tamen
852 1547 922 1598 sua
956 1549 1060 1599 data
1095 1550 1220 1618 culpa
1245 1586 1258 1598 .
1303 1551 1430 1597 Hanc
1467 1549 1618 1614 itaque
1654 1549 1816 1597 mentis
1851 1546 1932 1596 suae
1967 1565 2073 1596 cun-

219 1619 488 1679 stationem,
523 1635 612 1686 qua
647 1620 695 1668 in
729 1619 917 1670 reditum
953 1619 1010 1670 ad
1044 1635 1205 1669 terram
1229 1622 1509 1685 Gentemque
1534 1617 1652 1667 suam
1680 1617 1936 1678 tenebatur,
1970 1635 2074 1667 cum

218 1687 355 1737 nobis
380 1725 394 1750 ,
439 1689 537 1738 tum
571 1696 621 1737 P.
660 1691 857 1758 Magistro
890 1690 1012 1739 Paulo
1046 1694 1265 1751 Mariani,
1301 1691 1499 1739 interiori
1536 1688 1834 1738 familiaritate
1869 1693 1960 1754 ejus
1995 1706 2076 1739 no-

224 1757 387 1808 tiffimo
412 1796 427 1818 ,
462 1777 545 1825 pro
579 1762 776 1810 amicitia
814 1759 903 1829 ipse
937 1763 1105 1830 aperire
1140 1762 1285 1812 voluit
1319 1782 1333 1820 3
1371 1757 1600 1828 propoerea
1634 1758 1759 1827 quod
1793 1758 1848 1808 de
1883 1765 1974 1826 ejus
2007 1758 2081 1806 di-

223 1825 356 1875 scessu
390 1827 669 1878 vehementer
704 1832 1015 1896 querebamur.
1052 1834 1233 1880 Caeteris
1267 1830 1375 1881 vero
1411 1829 1643 1880 tacendam
1678 1828 1870 1889 censuit3
1906 1832 2075 1897 quippe

221 1895 485 1946 Christianae
518 1897 858 1948 mansuetudinis
893 1918 1085 1962 memor,
1123 1902 1278 1950 maluit
1314 1902 1510 1949 levitatis
1546 1916 1699 1948 notam
1735 1899 1899 1962 subire,
1936 1917 2075 1967 quam

221 1967 317 2017 illis
352 1971 540 2034 qu'o'rum
576 1967 836 2018 finisteritati
871 1969 1057 2019 cedebat
1080 2008 1094 2031 ,
1142 1969 1259 2038 apud
1293 1974 1504 2019 Romanae
1536 1972 1686 2018 Curiae
1719 1973 1923 2019 Pr0ceres
1959 1973 2074 2019 invi-

224 2035 345 2086 diam
381 2053 550 2086 creare.
586 2041 687 2087 Hoc
722 2041 857 2104 igitur
891 2039 1095 2089 Consilio
1128 2038 1346 2103 Pontificem
1379 2037 1533 2100 semel,
1570 2043 1615 2088 &
1651 2041 1811 2089 iterum
1848 2039 1958 2089 adiit
1978 2078 1992 2101 ,
2028 2044 2073 2091 &

222 2106 437 2157 defiderio
470 2110 606 2156 Patrii
644 2110 740 2158 Poli
776 2108 817 2160 se
854 2113 992 2159 teneri
1027 2109 1168 2160 dixit:
1206 2107 1329 2159 Posse
1364 2126 1555 2176 namque
1591 2109 1656 2159 ibi
1684 2147 1698 2170 ,
1734 2110 1877 2176 ajebat
1902 2147 1916 2172 ,
1952 2112 2073 2160 lucu-

222 2177 497 2228 brationibus
530 2179 804 2230 commodius
839 2198 1019 2241 vacare,
1057 2185 1101 2231 δε
1137 2198 1219 2248 pro
1254 2178 1326 2229 sua
1353 2183 1571 2229 tenuitate
1599 2179 1688 2228 sedi
1711 2180 1927 2249 Apostolicae
1949 2200 2071 2230 com-

222 2247 468 2319 pendiosrus
503 2247 707 2300 inservire
738 2288 752 2299 .
800 2251 988 2301 Proinde
1022 2250 1207 2300 demiffis
1255 2250 1455 2318 precibus
1491 2248 1517 2299 a
1553 2250 1766 2299 Sanffltare
1819 2257 1900 2299 Sem
1950 2270 2071 2301 com-

225 2333 420 2367 meatum
456 2321 502 2367 in
538 2323 729 2370 Patriam
765 2321 999 2389 postulavit
1023 2359 1037 2370 .
1084 2320 1287 2371 Pontifex
1320 2337 1466 2370 autem
1493 2358 1506 2381 ,
1542 2323 1620 2388 qui
1656 2321 1822 2370 firmam
1859 2327 1948 2388 ejus
1986 2325 2072 2373 ind

215 2404 349 2439 tanta
394 2387 640 2440 eruditione
685 2393 822 2441 animi
857 2392 1150 2442 demiffionem
1201 2409 1440 2458 numquam
1475 2389 1579 2440 satis
1626 2391 1831 2449 admirari
1880 2395 2030 2461 potuit
2058 2431 2074 2453 ,v

218 2459 331 2508 ficut
366 2458 581 2523 ambiguis
618 2461 763 2511 verbis
796 2463 1106 2530 profectionem
1141 2462 1389 2512 retardabat
1414 2499 1427 2525 ,
1475 2464 1540 2510 ita
1573 2479 1665 2511 non
1699 2461 1876 2511 obscura
1913 2463 2070 2526 fignifi-

220 2532 398 2579 catione
434 2528 551 2579 suam
585 2530 642 2581 de
676 2530 771 2600 ipso
805 2537 957 2583 Romae
992 2532 1232 2583 detinendo
1267 2534 1541 2583 voluntatem
1578 2531 1831 2583 ostendebat
1866 2569 1879 2582 .
1936 2537 2068 2587 Enim

223 2599 332 2649 vero
366 2599 647 2667 quaestuosam
682 2602 951 2653 Cathedram
989 2606 1035 2653 in
1062 2603 1426 2671 Archigymnafio
1453 2607 1662 2653 Romano.
1695 2604 1761 2652 illi
1796 2603 2066 2655 offerendam

223 2670 336 2735 jussit
365 2707 380 2732 ,
417 2688 510 2737 quo
545 2673 711 2723 honore
744 2673 803 2722 ab
835 2692 891 2724 eo
924 2674 1117 2724 modeste
1152 2673 1320 2723 excusso
1353 2689 1530 2724 centum
1565 2680 1808 2725 Aureorum
1844 2673 2066 2742 pensum-2

221 2738 365 2788 eidem
399 2740 561 2803 affixit3
597 2742 668 2792 sed
703 2747 841 2794 Lupus
876 2747 923 2794 in
957 2745 1255 2794 abituritionis
1294 2743 1505 2794 sententia
1533 2744 1778 2812 persistens,
1815 2743 2065 2797 discedendi

222 2812 398 2860 veniam
431 2813 489 2861 ab
522 2816 667 2865 invito
702 2813 815 2883 pene
853 2815 1030 2880 Pontifice
1052 2852 1066 2876 ,
1104 2832 1197 2864 tum
1232 2833 1309 2884 per
1344 2814 1410 2877 se,
1447 2832 1547 2863 cum
1582 2833 1660 2882 per
1694 2817 1804 2864 alios
1840 2814 2064 2864 tandem-⁴

219 2880 429 2929 extorsit.
464 2884 572 2934 Sane
605 2885 826 2951 Pontificem
861 2885 1001 2954 ipsum
1035 2885 1180 2936 dicere
1215 2886 1390 2935 solitum
1416 2887 1689 2953 accepimus:
1725 2889 1976 2933 LvPvM
1993 2906 2065 2935 non

217 2949 396 3019 vulgaris
433 2956 587 3003 virtutis
604 2993 618 3016 ,
652 2974 698 3003 erc
728 2958 930 3025 probitatis
964 2974 1206 3024 argumento,
1240 2961 1300 3004 (9⁴
1334 2956 1548 3004 ducumemo
1583 2952 1666 3018 effi,
1702 2954 1797 3021 quod
1829 2960 1890 3002 (θ’
1912 2957 1955 3021 fi
1984 2976 2065 3006 cre-

218 3020 286 3068 brb
320 3041 469 3089 rogatus
504 3060 518 3084 ,
552 3030 611 3071 <9⁴
644 3031 708 3092 qui
738 3044 809 3075 'non
843 3026 1064 3075 incommodb
1099 3033 1230 3086 Romae
1264 3030 1486 3074 commorari
1514 3022 1626 3093 poffit
1658 3045 1677 3081 ;
1711 3042 1754 3071 ut
1786 3025 1869 3073 inde
1902 3042 2062 3075 tamen-2

217 3094 320 3140 abire
343 3094 422 3158 fibi
455 3092 576 3141 liceret
611 3131 624 3156 ,
659 3112 842 3167 tantopere
877 3095 1110 3146 laboraverit
1136 3119 1153 3154 ,·
1200 3096 1391 3165 Qando
1426 3097 1622 3163 plerique
1657 3099 1878 3144 Sacrarum
1915 3100 2060 3146 Fami-

216 3164 377 3211 liarum
412 3165 595 3221 Alumni
631 3167 741 3227 nihil
776 3169 934 3233 reliqui
970 3167 1164 3229 faciunt,
1200 3183 1250 3215 ut
1285 3169 1359 3216 vel
1394 3183 1494 3214 cum
1529 3167 1730 3214 maximis
1764 3167 2059 3218 incommodis

218 3236 267 3280 in
301 3234 454 3301 aliquo
488 3234 622 3284 Urbis
657 3238 816 3298 angulo
860 3236 1016 3304 pedem
1064 3237 1194 3301 figere
1229 3254 1413 3304 quoquo
1448 3234 1582 3285 modo
1616 3235 1774 3304 poffint
1799 3274 1813 3287 .
1860 3237 2057 3288 Abeunti

216 3303 469 3353 munuscula
503 3305 652 3364 mifit3
688 3308 734 3354 in
770 3309 822 3354 iis
857 3325 910 3355 ex
935 3314 1039 3355 Auro
1074 3309 1144 3356 duo
1178 3310 1353 3371 majoris
1385 3305 1534 3355 formae
1561 3305 1861 3373 Nmnismata,
1895 3308 2057 3374 quibus

215 3375 311 3421 Viri
349 3377 574 3442 Principes
607 3374 762 3425 donari
799 3374 935 3426 solent
956 3414 968 3425 .
1004 3377 1099 3446 lpse
1133 3380 1266 3427 etiam
1302 3382 1358 3426 D.
1393 3375 1608 3438 {Benedibluf
1641 3376 1879 3446 Pamphilius
1902 3414 1916 3438 ,
1957 3383 2057 3429 Ma·-

215 3459 324 3507 gnus
368 3445 661 3497 Melitensium
695 3452 805 3495 Prior
825 3483 839 3508 ,
885 3465 1017 3515 quem
1064 3466 1177 3500 nunc
1212 3451 1340 3497 Sacro
1388 3449 1557 3497 Murice
1602 3463 1804 3498 ornatum
1854 3445 2051 3514 impense}

1463 3536 1488 3567 c
1563 3535 1590 3566 2
1883 3533 1986 3582 gau·
