2346 3776
187 755 370 818 tingant
405 792 418 806 .

566 75 883 138 Senotus,
907 85 988 123 ET
1012 81 1645 126 N0T181LLUSTRAT1.

1851 88 1971 139 263-

612 204 1169 264 CANON
1263 201 1607 261 XVIII.

198 333 391 563 P

403 333 588 382 Ervenit
623 329 681 381 ad
715 329 904 379 sanetum
940 343 1232 395 magnumque
1267 326 1518 378 Concilium
1554 363 1569 388 ,
1613 326 1736 394 quod
1770 329 1817 376 in
1851 330 2026 395 quibus.

436 401 539 452 dam
574 403 684 453 locis
707 438 721 462 ,
767 404 811 450 δε
845 397 1102 448 civitatibus
1126 433 1140 457 ‚
1187 395 1457 464 Presbyteris
1512 400 1698 461 gratiam
1746 397 1870 450 sacrae
1906 417 2029 448 com-

438 475 655 523 munionis
689 471 881 521 Diaconi
916 471 1139 536 porrigant
1174 487 1188 526 3
1235 466 1356 534 quod
1390 484 1471 517 nec
1507 469 1651 532 regula
1675 506 1689 532 ‚
1737 487 1817 519 nec
1851 469 2027 536 consue-

435 543 550 595 -tudo
584 540 765 595 tradidit
800 578 814 601 ,
849 554 899 589 ut
934 539 991 590 ab
1038 538 1106 587 his
1142 573 1156 599 ‚
1191 541 1269 604 qui
1305 537 1562 607 potestatem
1599 556 1689 588 non
1724 539 1887 594 habent
1921 539 2027 592 offe.

194 613 319 664 rendi
345 651 358 674 ‚
393 616 494 677 illi,
530 617 609 683 qui
643 611 828 663 offerunt
851 647 863 671 ,
900 608 1062 661 Christi
1097 625 1253 676 corpus
1287 610 1510 675 accipiant
1545 645 1558 657 .

1610 612 1711 658 Nec
1747 629 1837 660 non
1895 616 1939 663 δε
1974 612 2027 661 il-

195 682 273 732 lud
308 687 501 736 innotuit
526 722 540 747 ,
575 682 696 752 quod
730 680 911 749 quidam
946 680 1140 729 Diaconi
1176 694 1277 729 ante
1311 677 1549 747 Episcopos
1585 677 1702 728 sacra
1736 680 1886 731 oblata
1921 699 2028 731 con-

466 760 571 805 Haec
605 757 737 818 igitur
771 753 918 802 omnia
953 748 1191 801 resecentur
1226 785 1239 809 ‚
1286 754 1330 798 &
1365 752 1412 798 in
1458 748 1530 798 sua
1565 752 1758 799 Diaconi
1793 751 2026 801 mensura...

193 841 475 892 permaneant
497 862 511 887 ‚
547 824 728 877 scientes
750 860 764 884 ‚
800 820 921 890 quod
956 817 1269 890 Episcoporum
1303 818 1484 886 quidem
1518 820 1703 869 ministri
1739 818 1835 871 sunt
1866 858 1880 882 ,
1915 821 2028 871 infe-

193 897 327 944 riores
361 912 508 945 autem
543 894 810 964 Presbyteris
847 891 1059 943 habentur
1081 926 1094 939 .
1113 892 1212 938 'Per
1247 889 1442 941 ordinem
1477 890 1581 955 erg&
1615 891 1712 958 post
1745 892 2030 959 Presbyteros

191 967 381 1027 gratiam
415 965 539 1016 sacrae
573 966 891 1016 communionis
927 963 1147 1029 accipiant
1171 996 1184 1021 ,
1220 975 1295 1007 aut
1330 959 1551 1029 Episcopo
1585 964 1647 1011 eis
1683 998 1696 1022 ‚
1731 978 1806 1011 aut
1842 962 2030 1030 Presby-

193 1049 291 1083 tero
338 1038 585 1105 porrigente
620 1073 634 1085 .

680 1034 761 1086 Sed
808 1052 888 1083 nec
934 1031 1076 1083 sedere
1113 1032 1168 1077 in
1217 1029 1363 1080 medio
1411 1030 1764 1098 Presbyterorum
1813 1034 2029 1081 Diaconis

193 1105 326 1153 liceat
352 1126 364 1155 :
402 1110 508 1173 quia
543 1107 574 1155 s1
610 1107 693 1156 hoc
727 1105 804 1156 fiat
841 1142 853 1165 ‚
900 1119 1053 1172 praeter
1087 1101 1279 1162 regulam
1315 1137 1328 1160 ‚
1376 1104 1419 1148 &
1453 1099 1651 1149 ordinem
1695 1102 1904 1170 probatur
1939 1104 2027 1150 exi-

193 1174 301 1223 stere
335 1212 348 1222 .

192 1245 432 1298 ministerio
476 1245 629 1300 cessare
662 1245 840 1298 debebit
864 1282 877 1296 .

418 1368 842 1417 SCHOLION.

195 1460 492 1549 Dlaconorum
512 1465 659 1511 superbia
671 1464 719 1503 est
739 1461 959 1508 antiquiffima
982 1460 1078 1494 &va-

317 1514 386 1554 ria,
411 1515 454 1550 de
464 1526 528 1558 qua
552 1515 673 1550 Canon
694 1514 870 1559 vigesimus
894 1509 1079 1547 Laodicen-

194 1563 258 1597 fis:
283 1563 378 1607 ,ριιοιί
396 1574 454 1600 non
488 1574 600 1608 oportet
633 1568 796 1599 Diaconum
828 1571 900 1596 ante
930 1560 1083 1599 Presbyte-

192 1624 286 1653 rum,
312 1614 366 1647 seu
376 1626 488 1650 coram
500 1615 695 1658 Presbytero
700 1616 831 1661 sedere,
852 1612 911 1655 sed
925 1610 1030 1656 sedere
1043 1622 1081 1644 ex

188 1661 273 1705 juffu
295 1663 480 1703 Presbyteri.
509 1666 627 1699 invasit
639 1665 673 1698 &
683 1665 872 1699 Romanam
886 1662 1060 1697 Ecclesiam
1070 1686 1080 1701 ‚

28 2937 62 2971 1.-
75 2946 118 2973 ¹4.
127 2935 187 2974 sup.

30 2976 178 3010 exechiel.

32 3019 108 3052 048.

31 3128 188 3167 lau-048-

196 1712 240 1746 de
262 1724 326 1757 qua
348 1712 471 1749 Canon
491 1715 640 1749 decimus
660 1716 792 1748 ostavus
812 1714 922 1757 primae
953 1711 1082 1754 synodi

196 1761 417 1797 Arelatensis:
447 1768 493 1798 De
516 1763 698 1798 Diaconibus
719 1764 828 1797 urbicis
853 1787 864 1803 ‚
888 1772 922 1795 ut
947 1773 1005 1794 non
1030 1762 1084 1795 ali-

198 1814 276 1854 quid
289 1821 347 1855 per
362 1813 398 1858 se
417 1813 633 1858 praesumant,
654 1812 713 1857 sed
730 1813 819 1846 honor
846 1812 1031 1851 Presbyteris
1042 1823 1084 1844 re-

191 1861 356 1906 servetur.
385 1865 561 1900 Romanus
586 1865 676 1898 enim
688 1864 860 1897 Diaconus
886 1872 953 1896 erat
973 1862 1007 1896 δε
1028 1861 1096 1895 ille⁴

197 1912 366 1949 Falcidius
392 1938 403 1955 ‚
428 1914 471 1948 de
496 1927 564 1958 quo
589 1913 675 1958 apud
704 1913 933 1958 Augustinum
957 1911 1083 1945 Auster

132 2004 139 2014 ⁸
198 1962 417 2004 quaestionum
429 1965 545 1999 veteris
555 1976 593 1998 ac
605 1964 685 1998 novi
697 1963 882 1998 testamenti
895 1976 906 1995 :
934 1965 1081 1994 Diaconos

200 2014 384 2053 Presbyteris
405 2026 556 2057 coaequare
578 2014 752 2060 contendit,
778 2024 835 2046 non
845 2014 944 2046 dicam
951 2011 1081 2054 praefer-

198 2074 254 2104 ee,
280 2070 352 2106 qula
367 2063 490 2102 stultius
511 2064 571 2107 est,
596 2063 722 2107 &forte
745 2062 915 2096 incredibile
940 2064 1080 2096 videtur.

150 2114 160 2126 ⁰
195 2112 247 2147 Et
259 2114 395 2148 Sanetus
418 2115 650 2157 Hieronymus
670 2115 706 2148 in
729 2113 879 2157 Epistola
899 2111 942 2146 ad
952 2112 1082 2157 Evagri-

198 2173 277 2198 um:
306 2167 444 2208 Legimus
466 2171 499 2198 in
520 2163 621 2207 Esaia
640 2189 651 2205 ,
678 2163 792 2206 fatuus
810 2163 909 2205 fatua
928 2163 1083 2204 loquetur.

198 2213 296 2246 Audio
317 2214 477 2255 quemdam
502 2220 536 2248 in
556 2223 679 2248 tantam
692 2213 812 2256 eruprffi‘
836 2213 1030 2252 vecordiam,
1050 2220 1085 2244 ut

199 2265 347 2296 Diaconos
372 2264 555 2304 Presbyteris
580 2262 745 2306 anteferret
770 2289 777 2295 .
808 2261 851 2296 Et
878 2261 1025 2306 superbia
1050 2263 1084 2296 &

199 2324 289 2346 error
299 2312 440 2347 habuere
460 2315 563 2355 varias
583 2314 724 2348 radices.
753 2312 857 2361 Qo‘d
882 2314 917 2346 in
940 2312 1083 2346 Ecclesia

200 2361 470 2399 Romanassessent
482 2364 614 2408 plurimi
627 2364 770 2398 minores
783 2362 894 2407 clerici
906 2388 916 2404 ,
943 2362 1083 2406 ideoque

201 2411 343 2448 {multis
356 2414 563 2449 inferioribus
574 2414 762 2448 ministeriis
784 2413 930 2447 Diaconi
953 2414 1084 2446 excusa-

200 2472 335 2504 rentur,
365 2463 455 2505 quod
479 2463 652 2498 Romanus
671 2464 852 2507 Episcopus
875 2464 955 2497 esset
979 2463 1083 2496 totius

201 2510 354 2545 Ecclesiae
364 2512 513 2553 Primas,
539 2513 681 2557 ideoque
693 2513 761 2556 ejus
782 2512 874 2547 lateri
894 2513 1018 2556 semper
1029 2513 1082 2547 ad-

203 2559 361 2595 haerentes
371 2562 515 2597 Diaconi
529 2563 655 2604 possent
676 2561 833 2597 omnibus
855 2562 1035 2604 plurimum
1049 2563 1083 2597 ἀ

202 2610 333 2650 obesse,
359 2612 567 2655 &prodesse3
595 2612 685 2655 quod
700 2617 802 2646 Romae
823 2613 867 2645 ad
886 2611 1083 2652 testimonium

203 2663 330 2694 Diaconi
341 2662 496 2701 Presbyter
518 2663 727 2704 ordinaretur-3
754 2664 837 2705 qubd
856 2664 1000 2695 Diaconos
1007 2671 1083 2704 pau-

201 2715 279 2743 citas
302 2710 483 2745 honorabiles
495 2735 505 2751 ,
534 2712 722 2751 Presbyteros
733 2712 823 2745 turba
847 2712 1081 2754 contemptibiles

195 2759 316 2802 faceret
340 2773 351 2803 3
376 2763 457 2805 quod
490 2762 657 2801 Presbyteri
682 2762 770 2806 effent
804 2763 895 2796 lucrls
931 2768 1081 2796 minores.

202 2810 288 2857 Qae
308 2812 420 2845 omnia
432 2812 489 2845 suo
501 2812 602 2846 modo
613 2813 712 2845 etiam
734 2812 769 2846 in
780 2812 854 2847 aliis
865 2813 1015 2847 Ecclesiis
1029 2812 1082 2847 ha-

203 2859 303 2894 buere
324 2860 435 2894 locum
453 2886 463 2901 ‚
486 2871 583 2905 atque
603 2862 648 2895 ita
661 2862 783 2906 ubique
810 2862 923 2906 paffim
935 2862 1080 2896 Diaconi

203 2915 376 2954 ignorantes
398 2910 598 2944 humilitatem
612 2910 713 2952 status
732 2910 803 2955 sui,
828 2914 909 2945 ultra
930 2913 1080 2952 Presbyte-

202 2972 253 2994 ros
274 2958 507 3004 intumescebant
518 2984 529 3001 ‚
554 2963 589 2995 6*
601 2963 781 3006 dignitatem
793 2974 851 2996 non
875 2968 980 2996 multo
993 2986 1004 3002 ‚
1025 2962 1084 3007 sed

203 3011 325 3043 divitiis
335 3010 524 3051 aestimabant
535 3036 542 3043 .

251 3061 372 3094 Invasit
393 3060 538 3104 superbia
571 3062 740 3104 praesertim
767 3061 1075 3097 Archi-Diaconos.

203 3110 344 3145 Causam
370 3111 425 3144 dat
443 3111 576 3146 sanstus
597 3112 825 3155 Hieronymus
846 3114 881 3146 in
903 3113 1080 3146 Commen-

203 3161 293 3195 tariis
318 3161 501 3196 Ezechielis
526 3160 697 3205 Prophetae
721 3176 733 3196 .·
760 3164 855 3206 ,Quod
882 3171 939 3205 per
961 3162 1077 3211 singula

202 3216 438 3245 concionarentur
449 3218 482 3245 in
488 3212 611 3254 populos
625 3237 634 3253 ‚
655 3214 719 3246 &a
742 3213 894 3255 Pontificis
915 3213 1010 3246 latere
1022 3225 1079 3247 non

202 3261 370 3296 recederent
380 3288 387 3295 .
415 3262 519 3296 Erant
530 3272 598 3295 non
611 3263 844 3297 tantummodo
855 3263 1080 3298 sacramento-

204 3320 277 3343 rum
291 3333 302 3349 ‚
327 3311 381 3346 sed
400 3313 434 3348 δε
454 3312 558 3346 totius
580 3312 807 3347 Ecclefiasticae
827 3312 1009 3347 substantiae
1020 3314 1078 3349 dis-

205 3360 389 3402 pensatores
414 3386 425 3402 ,
450 3362 601 3397 Praesules
627 3362 921 3398 Ecclesiasticarum
956 3374 1078 3407 opum,

205 3409 350 3442 Praefesti
363 3413 511 3446 omnium
540 3412 837 3447 Ecclesiasticorum
850 3413 1058 3458 negotiorum
1070 3440 1080 3455 ,

205 3459 257 3494 uti
280 3459 387 3494 scribit
409 3462 538 3497 δασέως
562 3462 632 3499 Leo
657 3463 850 3510 Magnusin
871 3465 1019 3499 sermone
1040 3464 1081 3500 de

394 1180 436 1225 Si
471 1180 572 1244 quis
607 1193 753 1227 autem
787 1178 922 1227 etiam
956 1172 1053 1245 post
1087 1171 1164 1222 has
1209 1169 1485 1224 definitiones
1518 1169 1696 1221 obedire
1730 1173 1919 1223 noluerit
1950 1208 1963 1235 ,
2001 1170 2029 1220 'a

1147 1363 1265 1397 San-sto
1276 1361 1458 1398 Laurentio
1468 1387 1479 1404 ‚
1505 1363 1538 1397 δε
1549 1363 1583 1397 in
1597 1363 1746 1409 Epistola
1758 1363 1800 1398 ad
1816 1361 2028 1398 Pulcheriam

1147 1412 1352 1457 Augustam.
1380 1412 1546 1447 Praeerant
1565 1414 1722 1447 omnibus
1745 1413 1935 1452 Diaconis‚
1961 1414 2030 1446 eos-

1145 1474 1209 1506 que
1221 1473 1291 1497 non
1313 1463 1445 1502 minus,
1470 1463 1569 1506 quam
1582 1464 1649 1507 ipse
1662 1464 1845 1507 Episcopus
1859 1487 1869 1503 ‚
1895 1473 2032 1496 excom-

1146 1512 1381 1554 municabant,
1406 1513 1456 1547 uti
1468 1513 1504 1546 in
1524 1514 1662 1555 Synodo
1687 1512 2030 1556 Berytenssinsertain

1147 1562 1456 1597 Chalcedonensem
1483 1587 1494 1603 ‚
1532 1563 1667 1597 testatur
1701 1563 1775 1598 lbas
1813 1563 2032 1606 Metropolita

1149 1613 1327 1648 Edeffenus
1339 1638 1346 1645 .
1373 1613 1586 1659 Quinimmo
1597 1614 1631 1648 δε
1643 1613 1944 1657 Metropolitanum
1958 1614 2034 1657 Epi-

1149 1664 1308 1706 scopum,
1334 1662 1531 1697 evehentem
1552 1663 1710 1708 indignos
1730 1664 1772 1697 ad
1794 1663 1932 1707 gradum
1956 1664 2034 1705 Epi-

1146 1713 1307 1756 scopalem
1318 1737 1328 1754 ‚
1341 1712 1562 1756 corripiebant
1571 1713 1605 1747 ὅ(
1620 1713 1864 1756 prohibebant,
1891 1714 1939 1747 uti
1951 1715 2035 1747 affir-

1147 1773 1214 1797 mat
1225 1762 1355 1797 libellus
1364 1762 1497 1796 oblatus
1507 1763 1575 1806 jam
1587 1762 1676 1797 dicim
1687 1764 1827 1807 Synodo
1839 1774 1954 1797 contra
1968 1776 2034 1798 me-

1147 1824 1311 1848 moratum
1324 1813 1579 1855 Metropolitam
1592 1813 1634 1848 ab
1656 1813 1724 1856 ejus
1744 1813 1883 1849 Clericis
1904 1815 2033 1848 Edesse-

1148 1864 1198 1897 nis
1211 1887 1218 1895 .
1247 1864 1291 1898 Et
1304 1863 1384 1896 dum
1409 1862 1568 1902 Meletius
1580 1888 1591 1904 ,
1618 1863 1809 1899 Antiochiae
1820 1863 2009 1898 Patriarcha
2021 1889 2033 1904 ,

1147 1913 1247 1948 fidem
1269 1913 1444 1948 Nicaenam
1465 1912 1484 1946 ὲ
1509 1913 1662 1958 suggestu
1686 1914 1870 1957 praedicaret
1893 1939 1904 1954 ‚
1931 1914 2033 1948 Archi-

1148 1967 1299 1997 Diaconus
1312 1962 1437 1997 Ariana
1449 1962 1538 2007 lepra
1551 1963 1714 1998 scabiosus
1724 1989 1735 2005 ‚
1747 1966 1792 1997 ad
1801 1976 1867 1998 eum
1877 1970 2007 1999 accurrit
2018 1989 2030 2005 ‚

1147 2015 1285 2049 &manu
1294 2014 1493 2054 admotaejus
1502 2025 1536 2046 os
1545 2013 1719 2047 obturavit.
1747 2015 1792 2050 Et
1804 2014 1883 2048 hinc
1908 2015 2032 2049 Canon

1147 2063 1433 2108 quinquagesimus
1445 2064 1601 2106 septimus
1613 2063 1775 2098 Arabicus
1790 2064 2032 2100 Archi-Diaco-

1147 2125 1229 2148 num
1249 2113 1284 2147 in
1311 2112 1447 2157 publico
1483 2114 1635 2148 Ecclefiae
1659 2114 1809 2148 consessu
1837 2116 1934 2158 ponit
1954 2126 2032 2149 ante

1147 2162 1505 2206 omnesPresbyteros,
1531 2164 1632 2198 etiam
1657 2163 2030 2208 Archi-Presbyterum,

1147 2212 1494 2258 &Chorepiscopum‚
1522 2214 1563 2248 ad
1590 2214 1743 2248 dextrum
1757 2215 1912 2258 Episcopi
1924 2215 2029 2249 latus.

1148 2265 1196 2300 At
1206 2263 1291 2298 male
1302 2288 1309 2296 .
1330 2264 1417 2297 Eum
1428 2263 1548 2307 quippe
1559 2265 1651 2298 fuisse
1661 2265 1817 2299 omnibus
1828 2264 2029 2308 Presbyteris

1145 2314 1356 2360 posteriorem
1366 2314 1464 2348 docet
1475 2313 1628 2357 Synodus
1650 2314 1881 2359 Mopsuestena
1896 2315 2028 2350 laudata

1145 2376 1201 2408 per
1223 2366 1375 2408 quintam
1398 2364 1625 2398 Collationem
1647 2364 1778 2407 Synodi
1798 2365 1922 2407 quintae
1946 2391 1957 2407 ‚
1991 2367 2027 2400 ἀ

1145 2415 1298 2448 Romana
1322 2413 1464 2448 Adriani
1489 2413 1623 2448 secundi
1647 2413 1823 2451 Pontificls
1844 2415 1946 2450 relata
1972 2427 2028 2459 per

1143 2466 1264 2499 ostavae
1284 2463 1463 2497 Actionem
1489 2464 1670 2508 Septimam
1691 2490 1699 2498 .
1727 2463 1890 2500 Attamen
1917 2466 2029 2499 sancti

1144 2514 1295 2550 Anselmi
1322 2514 1568 2548 Cantuariensis
1585 2513 1743 2550 Primatis
1770 2515 1804 2548 in
1817 2515 1955 2558 Synodo
1969 2515 2030 2549 Ba-

1142 2565 1222 2598 rensi
1235 2564 1494 2598 coramUrbano
1506 2564 1650 2599 secundo
1659 2566 1728 2599 asta
1739 2566 1879 2599 referens
1890 2565 2029 2599 Guiliel-

1144 2626 1218 2648 mus
1240 2613 1562 2654 Malmesberienfis,
1588 2612 1656 2648 haec
1678 2614 1777 2648 dicit.
1805 2616 1856 2647 Ad
1874 2613 2027 2657 confi’ffum

1145 2663 1290 2706 Apostolici
1300 2665 1421 2697 levatus
1445 2662 1503 2704 est,
1524 2661 1630 2707 sedere
1636 2665 1732 2707 juffus
1737 2667 1836 2706 juxta
1860 2667 2028 2697 Romanum

1143 2714 1407 2748 Archi-Diaconum
1430 2737 1441 2753 ,
1471 2720 1515 2747 cui
1551 2723 1622 2747 ante
1655 2718 1775 2755 Papam
1803 2712 1907 2756 fidere
1934 2721 2026 2747 moris

1142 2764 1182 2805 est
1208 2789 1215 2796 .
1242 2764 1382 2799 Sedebat
1413 2775 1492 2808 ergo
1513 2763 1548 2797 in
1570 2764 1641 2806 ipso
1664 2763 1778 2807 Papali
1799 2762 1922 2797 throno
1943 2789 1955 2805 ‚
1982 2765 2027 2797 ei-

1141 2826 1206 2858 que
1243 2814 1377 2849 affidere
1404 2814 1468 2848 fuit
1504 2813 1636 2858 grandis
1662 2811 1772 2847 honor
1797 2814 1917 2849 Sancto
1955 2813 2028 2849 An·

1143 2865 1246 2900 selmo
1260 2861 1273 2898 .’

1194 2914 1299 2949 Addit
1310 2914 1443 2948 Sanetus
1454 2912 1684 2956 Hieronymus
1697 2913 1730 2946 in
1744 2912 1838 2947 distis
1856 2925 2025 2949 commen-

2047 1376 2183 1418 epist-58.

2051 1568 2114 1599 Ast.
2141 1579 2184 1599 10.

2048 1916 2162 1946 Sozom.

2047 1955 2066 1986 l.
2074 1966 2101 1991 4.
2111 1963 2186 1989 c.27.

2046 2595 2197 2635 L.1.f.223.

1142 2965 1233 2998 tariis
1254 2963 1436 2998 Ezechielis
1458 2961 1652 3006 Propheta.-
1680 2964 1829 3004 Injuriam
1850 2972 1944 3006 putat
1969 2989 1980 3006 ,
1998 2964 2030 3006 si
2043 2980 2124 3021 Epist·
2151 2992 2163 3018 5
2170 2987 2197 3013 6.

1144 3014 1297 3053 Presbyter
1319 3015 1472 3048 ordinetur
1500 3038 1506 3044 .

1145 3065 1296 3107 politanae
1330 3089 1341 3105 ‚
1380 3064 1414 3097 ὅσ
1450 3062 1599 3097 Andreas
1639 3063 1838 3097 Salonitanae
1875 3064 2025 3099 Ecclefiae

1143 3114 1405 3149 Archi-Diaconi
1421 3138 1431 3153 ‚
1454 3112 1545 3155 quod
1570 3114 1587 3146 ὲ
1610 3114 1674 3146 suis
1690 3113 1914 3158 Episcopisad
1937 3115 2027 3152 Pres-

1148 3165 1333 3208 byteratum
1345 3162 1557 3197 eveherentur
1568 3187 1578 3203 ‚
1603 3163 1722 3198 Sansto
1733 3163 1840 3198 Leoni
1853 3165 1887 3199 ὅ(
1898 3165 2027 3210 Grego-

1148 3216 1197 3248 rio
1209 3214 1339 3258 Magno
1352 3212 1571 3247 Pontificibus
1579 3213 1683 3257 questi
1692 3215 1780 3248 fuere
1790 3238 1801 3254 ,
1820 3215 1884 3249 sese
1896 3215 1954 3249 sub
1967 3215 2026 3250 ho-

1149 3265 1236 3298 noris
1247 3265 1324 3298 fuco
1335 3262 1523 3308 degradari,
1552 3263 1687 3308 juliique
1711 3264 1860 3298 restitui.
1883 3265 1925 3299 Et
1937 3266 2024 3309 apud

1148 3315 1306 3348 Photium
1319 3313 1352 3347 in
1366 3311 1569 3348 bibliotheca
1580 3313 1691 3348 scribit
1702 3314 1837 3349 Sanstus
1847 3316 2023 3359 Eulogius,

1547 3013 1596 3047 lta
1640 3012 1757 3047 AEtius
1785 3013 2183 3059 Constantino-57.58.71.

1148 3363 1333 3398 Patriarcha
1354 3362 1620 3404 Alexandrinus,
1647 3369 1862 3399 Novatianum
1889 3366 2023 3399 Cornelio
2043 3365 2194 3393 L·¹8²·²80

1150 3413 1288 3456 Pontifice
1300 3418 1443 3447 Romanae
1463 3414 1514 3457 effe
1526 3414 1658 3456 Ecclefiae
1670 3414 1936 3448 Archi-Blaconum
1945 3427 2023 3447 crea-

1148 3476 1212 3499 tum
1222 3488 1234 3506 ,
1260 3465 1306 3498 ad
1313 3475 1399 3507 quem
1408 3461 1504 3507 ipfiim
1518 3465 1705 3508 Pontificium
1715 3490 1725 3507 ,
1737 3474 1796 3508 pro
1806 3467 1870 3507 eius
1881 3469 2019 3505 temporis

1872 3523 1949 3547 more
1960 3536 1971 3553 ,
