2346 3776
50 1251 113 1284 Lib.
124 1262 167 1288 17·

47 1301 110 1338 cff-
122 1297 149 1322 6.

47 1986 140 2014 Anno.

52 2034 63 2052 1
74 2027 105 2052 18
113 2032 121 2051 ι
128 2043 136 2052 .

47 2065 141 2093 Anno.

47 2111 133 2137 '1177-

49 2718 111 2748 1²01.

53 2766 66 2789 ι
73 2761 117 2793 98.

652 107 1099 159 DissERTATm
1149 107 1576 158 PRoOEMsALrs.
1963 139 2005 165 11

200 187 576 233 Eccrefiammbjiciebat
586 185 816 222 Alexandrino
827 186 1074 222 Patriarchatui.
1129 191 1161 233 J
1162 194 1267 221 oannis
1278 194 1310 220 in
1320 199 1429 231 magna
1452 190 1660 224 Alexandrina
1679 191 1805 231 Ecclesia
1825 195 2006 227 Paramona-
2031 201 2036 205 '

286 237 420 288 mdiista
430 238 585 282 subjectio
597 237 639 272 ad
650 238 734 272 noni
743 237 849 275 saeculi
855 238 1002 272 medium
1011 239 1076 272 fue-

191 291 242 330 'rit
368 289 455 324 salva
465 298 563 333 atque
574 288 703 332 integra
714 312 725 329 ‚
750 288 840 322 lucet
856 299 901 323 ex
911 289 1075 326 Orientali

196 340 500 388 Alexandrinorum
511 337 771 375 patriarcharum
790 336 961 375 Chronico
973 363 984 378 ‚
993 340 1077 373 ‚scri-

197 387 297 435 bente
303 389 345 424 ad
356 387 487 434 Josephi
496 387 757 425 Patriarchatum
770 402 777 421 :
795 393 830 433 J
830 387 932 432 osepbi,
949 398 1076 431 tempore

193 434 361 484 {sspissspus
371 441 497 483 quidam
505 448 573 474 erat
585 444 618 474 in
628 438 791 480 AEtbiopia
801 463 814 478 ,
832 448 920 481 quem
928 440 1074 479 constitue-

187 484 243 536 rat
254 489 422 524 Paniai-ba
423 493 458 535 J
459 489 528 523 acob
538 515 549 530 ,
576 490 678 534 cgreffo
686 492 765 532 Rege
776 488 947 531 AEtbiopiae
956 492 1000 523 ad
1018 490 1074 523 bel-

183 541 254 586 lum
267 565 279 582 ,
286 540 363 574 hunc
372 541 460 578 exilio
472 540 632 583 mule‘lavit
640 543 757 583 Regina
769 540 803 573 ό·
815 542 985 582 Principes,
997 542 1073 574 ideo-

191 601 249 634 que
259 593 381 624 minime?
384 591 467 633 pluit
478 597 511 624 eo'
519 602 612 631 anno,
623 589 754 632 &pestis
760 589 897 633 grassata
903 590 942 631 est
949 599 1007 633 per
1017 602 1073 623 om-

190 651 244 674 nes
256 643 534 686 Regiones.Remiffl›
540 641 638 678 autem
648 642 679 673 E
674 637 791 683 pifi‘opo
800 641 848 673 illo
854 648 887 673 in
895 646 1072 685 AEgyptum‚

185 688 671 733 aliumfibi'constitueruntpreter
681 694 842 724 canonem.
869 692 964 734 ,Quod
977 696 1074 732 perci-

181 735 274 782 piens
284 744 353 775 Rex
364 739 524 783 ‹Ethiopie
533 738 671 784 reversus
682 740 786 774 &bello
799 764 810 780 ,
829 742 982 785 aegerrime
991 743 1070 780 tulit,

189 789 323 835 mifitque
330 790 445 834 reliquos
457 813 468 829 ,
493 796 546 832 qui
566 797 688 824 veniam
701 799 840 833 peterent
853 794 873 823 ἃ
885 794 949 824 Deo
966 802 1000 822 ac
1014 793 1071 823 Pa-

186 837 323 881 triarcba
332 863 344 880 ,
369 840 404 875 Θ
412 841 598 874 reduxerunt
608 842 691 874 illum
711 839 892 887 Episcopum
903 847 936 875 in
948 840 1071 874 AEthio-

179 895 279 935 pium.
305 889 380 933 Nec
389 889 515 924 mireris
525 888 611 924 hanc
634 889 762 925 barbari
781 891 886 936 Regis
906 891 1069 934 pietatem.

184 937 289 1023 ἔστι
300 939 391 981 enim
400 942 499 974 etiam
509 939 568 976 sub
578 940 695 983 Justini
706 942 803 985 primi
809 941 952 986 Imperio
963 941 1071 975 omnis

239 986 368 1035 thiopia
378 990 476 1024 fuerit
486 988 673 1035 orthodoxa
687 1016 698 1032 ‚
709 991 799 1036 quod
811 992 880 1035 ejus
892 992 967 1026 Rex
980 990 1070 1025 Elesr

183 1038 270 1084 b²e²¹²
281 1038 405 1075 distum
416 1039 653 1086 Imperatorem
663 1041 778 1076 contra
789 1053 934 1087 paganos
946 1042 1069 1079 Home·

180 1089 261 1132 ¹ritas
271 1088 398 1125 strenue
409 1089 570 1134 adjuverit
581 1116 592 1132 ‚
603 1092 638 1126 ὃ(
649 1091 740 1135 quod
750 1091 884 1125 tandem
894 1090 935 1125 ad
947 1087 1067 1125 Christi

183 1138 328 1177 Domini
349 1138 574 1177 humilitatem
596 1140 794 1175 imitandam
811 1139 994 1185 deposuerit
1005 1139 1067 1173 Re-

181 1200 290 1234 gnum
300 1190 334 1222 &
346 1191 448 1225 fastus
460 1190 497 1222 fit
508 1189 720 1227 sanstiffimus
729 1189 919 1225 Monachus
929 1214 940 1230 ,
959 1200 1002 1223 ex
1012 1200 1066 1223 an-

184 1237 284 1283 tiquis
304 1237 521 1283 Scriptoribus
546 1240 643 1271 refert
673 1236 883 1282 Nicephorus
905 1238 1067 1285 Calixtufl'

184 1286 291 1323 Addit
299 1289 405 1330 ipsum
414 1297 493 1320 cum
501 1280 671 1330 AEgyptio
681 1286 915 1321 Romanorum
923 1290 1066 1326 exercitu

181 1331 448 1384 militasserd
457 1333 575 1378 nempe
587 1334 756 1380 AEgyptio
769 1335 957 1378 Patriarche
967 1339 1066 1372 etiam

181 1384 327 1431 subesset.
355 1385 400 1421 Et
411 1394 478 1419 tam
490 1384 682 1425 Ecclefiam,
693 1397 792 1429 quam
808 1388 900 1421 suam
923 1387 1065 1432 Rempu-

182 1435 303 1471 blicam
313 1434 396 1470 adeo
405 1435 592 1471 constanter
602 1436 701 1470 tutati
711 1437 786 1470 sunt
801 1435 983 1480 AEthiopes
995 1462 1007 1477 ,
1029 1448 1066 1472 ut

180 1480 284 1530 usque
303 1480 408 1523 bodie
427 1497 533 1530 neque
554 1485 573 1519 a
593 1485 776 1520 Sarracenis
798 1487 920 1523 fuerint
931 1486 1021 1521 duCti
1031 1488 1064 1521 in

178 1537 368 1573 servitutem
378 1560 389 1576 ,
407 1546 513 1578 neque
526 1534 545 1568 a
557 1535 688 1570 Turcis.
716 1536 761 1571 Et
773 1535 853 1572 dum
865 1549 926 1571 nos
937 1537 971 1570 in
984 1547 1065 1572 terra

179 1581 295 1621 Sa‘nst'a
314 1595 429 1621 contra
452 1585 643 1621 Sarracenos
664 1586 700 1621 δε
719 1586 851 1621 Turcas
862 1585 915 1622 bel
930 1588 1065 1633 igeravi-

179 1646 253 1670 mus
263 1661 275 1677 ‚
300 1632 437 1671 istorum
449 1636 524 1672 Rex
535 1634 577 1670 ab
588 1634 784 1671 Alexandro
793 1638 891 1671 tertio
903 1636 1066 1672 Pontifice

181 1684 357 1736 postulavit
370 1685 484 1721 instrui
495 1685 579 1721 circa
591 1684 813 1723 Christianam
834 1687 933 1722 fidem
945 1688 978 1722 ὅ(
999 1700 1066 1722 mo-

182 1747 231 1772 res
242 1760 254 1776 ,
278 1735 370 1781 uniri
381 1736 541 1771 Romanae
551 1735 700 1772 Ecclefiae
711 1761 723 1777 ‚
749 1735 868 1771 habere
889 1737 1064 1774 Ecclesiam

182 1785 219 1818 in
230 1785 384 1821 Romana
395 1785 476 1819 urbe
486 1809 497 1825 ,
521 1786 555 1820 ὅ(
566 1787 601 1819 in
612 1785 824 1822 Patriarchali
831 1787 1065 1831 Hierosolyme

185 1833 330 1870 Ecclesia
343 1832 465 1868 Altare.
492 1833 602 1877 Ipsum
612 1831 723 1868 titulat
734 1836 893 1871 Indorum
915 1837 1043 1881 Regem
1057 1862 1066 1876 ,

181 1883 251 1930 ejus
261 1894 369 1930 preces
379 1882 548 1916 exaudivit
559 1907 570 1922 ,
584 1895 621 1917 ac
632 1885 687 1927 ipsi
700 1886 866 1930 Legatum
877 1885 1065 1921 Alexander

181 1933 269 1978 misit
280 1957 292 1975 ,
300 1944 338 1967 ac
351 1933 520 1976 supersunt
530 1931 601 1966 duae
613 1932 680 1975 ejus
691 1933 731 1968 ad
741 1934 835 1969 istam
845 1945 979 1979 gentem
991 1937 1066 1980 Epi-

181 1982 289 2018 stolae:
317 1979 432 2020 Altera
446 1981 533 2026 apud
543 1980 739 2018 Matthaeum
750 1982 958 2019 Parisiensem
968 2010 978 2024 ,
991 1986 1066 2021 alte-

180 2045 217 2069 ra
225 2031 313 2078 apud
326 2032 488 2077 Ioannem
503 2032 716 2068 Brontonum
728 2058 738 2074 ‚
767 2031 934 2069 Abbatem
956 2036 1066 2079 Jorna-

182 2083 315 2128 leusem.
327 2083 401 2119 Nec
411 2093 523 2117 tamen
536 2083 693 2118 Romano
705 2082 943 2119 Patriarchatui
957 2086 988 2119 se
997 2085 1064 2120 sub-

180 2133 337 2177 jecerunt.
350 2129 454 2181 Qiod
464 2133 565 2177 usque
576 2131 678 2168 hodie
689 2131 921 2169 Alexandrino
932 2135 1064 2175 subsint,

180 2185 266 2219 infra
274 2182 560 2218 demonstrabitur.
587 2183 798 2219 Hodiernam
819 2185 963 2228 ipsorum
977 2185 1067 2220 Reli-

181 2234 319 2280 gionem
326 2243 490 2277 exponere
501 2244 570 2268 non
581 2233 627 2268 est
639 2232 735 2277 hujus
745 2233 819 2270 loci.

229 2284 349 2332 Tertia
359 2283 401 2318 ad
414 2282 666 2319 Patriarchalem
675 2284 896 2324 Alexandrini
909 2286 1063 2330 Episcopi

180 2333 380 2380 Potestatem
394 2334 608 2377 spectantium
620 2335 838 2371 Barbatorum
849 2336 990 2379 Diecefis
999 2337 1065 2380 qui-

181 2382 317 2427 busdam
327 2383 454 2419 videtur
463 2384 527 2418 effe
538 2385 697 2430 Regnum
707 2384 966 2422 Auxumitarum
979 2411 989 2426 ,
1014 2385 1065 2420 ha-

182 2433 362 2469 bitantium
372 2434 578 2469 orientalem
586 2435 715 2470 Indiam
728 2461 737 2476 ‚
759 2437 912 2480 Judaicos
924 2435 1021 2470 Ritus
1031 2438 1063 2471 ὅ(

182 2494 304 2518 errores
314 2484 505 2519 sectantium
518 2509 528 2524 ,
555 2485 636 2519 &ad
649 2497 730 2529 quos
741 2487 889 2521 Romani
909 2496 1065 2520 mercato-

183 2544 231 2567 res
242 2545 285 2568 ex
299 2532 398 2568 rubro
407 2534 491 2568 mari
500 2534 650 2569 solebant
661 2537 822 2581 navigare.
836 2536 902 2571 Sub
916 2537 1065 2580 Iustinia-

185 2583 222 2616 ni
237 2582 379 2627 Imperio
399 2583 474 2618 Rex
494 2585 639 2628 ipsorum
660 2584 758 2622 Adad
787 2598 865 2622 cum
896 2587 1064 2623 Damiano

186 2633 435 2668 Homeritarum
446 2633 532 2678 apud
547 2646 704 2680 magnam
714 2636 874 2672 Arabiam
896 2637 989 2682 Rege
1001 2637 1065 2672 bel-

186 2682 256 2716 lum
267 2681 381 2719 habuit
391 2708 402 2725 ‚
427 2684 496 2727 ejus
506 2687 615 2719 causas
626 2685 737 2720 educit
756 2696 878 2731 martyr
889 2686 1066 2733 Theopha-

186 2744 244 2766 nes
255 2757 266 2772 ,
292 2743 388 2777 atque
398 2736 602 2779 prosequitur
614 2748 620 2768 ι
647 2741 698 2770 Ita
718 2738 835 2771 demum
856 2745 974 2782 magnis
987 2745 1064 2772 inter

181 2781 215 2826 se
225 2788 388 2816 inimicitiis
394 2782 540 2828 suſseptis
552 2811 562 2827 ,
587 2796 687 2819 mutuo
695 2793 774 2821 inter
783 2786 818 2830 se
830 2788 904 2822 bello
914 2791 1065 2823 contende-

185 2833 270 2866 bant.
299 2838 432 2875 Cumque
443 2837 514 2875 jam
535 2842 568 2869 in
589 2843 680 2870 aciem
692 2839 861 2881 congressuri
873 2840 959 2881 essent
970 2865 981 2880 ‚
1007 2843 1065 2872 Au-

186 2885 372 2916 xumitarum
393 2886 460 2917 Rex
480 2887 572 2919 Adad
589 2885 692 2930 votose
703 2889 844 2921 devinxit
855 2895 887 2921 in
899 2888 976 2922 banc
988 2901 1055 2923 men

184 2943 246 2966 tem
267 2945 274 2965 t
310 2935 342 2966 51·
370 2938 528 2968 Homeritae
549 2934 682 2979 superior
707 2940 820 2972 rediero
839 2963 850 2979 ,
877 2938 1063 2980 Cbrtstc‘anus

182 2982 257 3024 fiam
265 3007 275 3023 ,
300 2985 334 3018 i&
345 2989 377 3015 in
389 2983 621 3024 Christianorum
625 2994 761 3031 gratiam
771 2988 849 3022 bello
866 2990 1005 3031 deinceps
1017 2991 1065 3022 de-

186 3031 308 3066 certabo.
338 3037 399 3066 Deo
418 3040 507 3077 igitur
527 3037 688 3077 opitulante
700 3063 710 3079 ‚
737 3051 877 3083 magnam
897 3040 946 3072 ille
962 3042 1064 3072 retulit

120 3081 126 3086 '
187 3083 344 3116 vriiortam
365 3108 375 3123 ,
402 3087 566 3128 Regemque
586 3089 767 3122 Damianum
789 3095 896 3123 vivum
912 3096 1065 3131 captivum

188 3139 248 3177 egit
270 3158 281 3174 ‚
307 3137 526 3167 Homeritarum
546 3139 702 3178 Regionem
723 3162 734 3177 ,
760 3150 914 3182 eorumque
941 3143 1064 3184 Regiam

189 3184 326 3217 reddidit
331 3185 426 3225 plane
429 3182 586 3226 subditam
600 3197 609 3227 ·,
635 3189 681 3218 Et
692 3189 752 3219 Deo
757 3196 877 3235 gratias
890 3192 1064 3223 Auxumita-

190 3243 255 3266 rum
265 3237 331 3268 Rex
339 3232 465 3276 subinde
470 3233 645 3277 persolvens
664 3235 841 3279 Episcopum
861 3249 959 3281 atque'
972 3241 1065 3273 Cleri-

191 3293 235 3315 cos
254 3282 344 3326 adse
366 3290 445 3318 mitti
459 3309 468 3324 ‚
496 3285 530 3317 (τ
545 3282 579 3327 se
601 3297 636 3318 ac
653 3282 723 3327 suos
747 3288 785 3320 de
807 3280 976 3328 Christiana
987 3292 1065 3322 Reli-

186 3337 270 3377 gione
289 3334 383 3367 doceri
405 3358 415 3374 ‚
453 3335 537 3375 mtffis
560 3336 606 3368 ad
628 3340 838 3378 Imperatorem
855 3338 1065 3382 justinianum

195 3384 313 3424 Legatis
326 3407 336 3423 ‚
363 3390 494 3426 expetiit.
522 3388 570 3417 Eo
588 3392 691 3419 nuntio
704 3386 999 3431 justinianusficpra
1010 3402 1067 3422 mo-

192 3430 263 3462 dum
279 3433 398 3466 laetatus
412 3458 421 3473 ‚
448 3432 626 3476 Episcopum
651 3447 735 3478 quem
756 3435 811 3479 ipſs
826 3438 937 3476 vellent
958 3463 968 3479 ,
994 3441 1062 3472 dari

184 3480 277 3521 juffit.
306 3484 409 3524 Legati
431 3508 441 3523 ,
466 3485 601 3528 diligenti
621 3493 756 3520 examine
774 3487 942 3532 praemi'ffi'3
961 3486 1061 3534 saniir·

296 3530 410 3573 Dtffi’rt.
422 3534 543 3567 Prooem.
556 3537 635 3569 Tom.
644 3539 668 3569 Ι.

1136 245 1214 271 rium
1225 263 1235 278 ,
1249 244 1351 273 virum
1355 244 1472 279 pietate
1483 248 1622 273 ornatum
1632 264 1643 280 ‚
1654 237 1823 282 &servata
1833 250 2010 286 virginitate

1136 289 1274 323 celebrem
1283 313 1294 329 ,
1309 300 1453 321 annorum
1463 291 1587 324 duorum
1597 287 1799 333 &sexaginta
1811 314 1822 330 ‚
1834 292 2011 335 delegerunt.

1136 342 1184 371 Eo
1194 345 1284 381 igitur
1293 338 1421 371 addueio
1428 363 1438 379 ‚
1449 341 1493 371 ad
1501 343 1610 383 Regem
1618 341 1709 374 Adad
1718 341 1916 382 &propriam
1926 350 2015 385 regio·

1128 400 1204 421 nem
1215 390 1374 422 redierunt.
1386 392 1437 420 Ita
1449 390 1568 422 demum
1580 389 1689 431 Christi
1694 390 1787 432 fidem
1790 389 1918 432 profem,
1931 394 2015 433 Bap-

1134 437 1214 481 tismi
1225 439 1336 471 lumine
1346 438 1575 479 cunHifuerunt
1594 440 1740 480 illustrati.
1767 440 1923 484 Diligens
1940 452 2016 475 exa·-

1135 499 1212 522 men
1225 489 1311 531 ipsos
1320 488 1435 522 docuit
1447 489 1539 525 istam
1551 489 1701 527 Indicam
1713 491 1885 535 regionem
1905 490 2016 527 deberi

1135 537 1324 572 Patriarchae
1336 536 1575 573 Alexandrino.
1602 540 1753 575 Eandem
1772 552 1841 575 rem
1861 542 1958 575 refert
1980 541 2015 575 in

1135 587 1356 624 Ecclesiastica
1369 586 1505 623 historia
1515 589 1701 624 Anastafius
1721 591 1879 624 Romana:
1905 591 2016 625 Eccle«

1135 639 1181 674 siz
1191 638 1363 682 Presbyter
1371 650 1409 673 ac
1420 637 1697 676 Bibliothecarius
1710 665 1720 680 ,
1746 640 1838 674 addit
1850 639 2016 675 Auxumi-

1135 699 1182 723 tas
1193 688 1311 734 degere
1323 691 1358 723 in
1369 690 1424 722 sita
1436 689 1507 732 post
1520 689 1714 733 AEyyptum
1726 690 1821 725 India
1833 715 1844 731 ‚
1870 691 1904 724 &
1916 690 2014 727 istum

1135 739 1365 776 Alexandrina.-
1374 739 1518 783 Ecclesie
1527 739 1798 774 Paramonarium
1810 741 1863 774 seu
1874 741 2015 775 Manlio-

1136 789 1261 824 narium
1281 789 1375 824 fuisse
1396 790 1534 824 nomine
1556 790 1726 833 Joannem.
1761 789 1862 834 Apud
1883 789 2016 824 eosdem

1134 837 1334 874 Auxumitas
1345 840 1524 883 praedicaffe
1535 839 1765 883 Theophilum
1777 840 1911 879 Indum,
1924 842 2015 883 supra

1108 887 1110 891 '
1133 888 1317 922 audivimus
1327 890 1344 922 a
1359 889 1548 932 Nicephoro
1560 891 1704 925 Calixto.
1714 890 1841 924 Verum
1853 890 1911 924 ista
1924 889 2016 924 Aria-

1134 950 1174 972 na
1185 937 1369 981 praedicatio
1383 939 1489 973 nullas
1499 940 1623 974 radices
1634 947 1753 985 egerat.
1782 941 1905 975 Omnis
1925 941 2015 974 enim

1134 988 1295 1030 plantatio
1307 1012 1318 1027 ,
1343 999 1412 1031 quae
1424 1001 1491 1024 non
1503 990 1549 1022 est
1560 991 1578 1022 a
1590 990 1683 1024 Patre
1696 1014 1706 1030 ,
1721 989 1812 1024 brevi
1822 990 2015 1030 eradicatur.

1132 1038 1257 1073 Eadem
1268 1039 1363 1075 refert
1377 1037 1541 1083 Georgius
1552 1039 1731 1073 Cedrenus.

1179 1087 1376 1131 Respondeo
1388 1086 1472 1122 hanc
1483 1089 1661 1122 Dioecesim
1681 1100 1750 1123 non
1775 1091 1836 1123 effe
1856 1089 2016 1125 diversam

1129 1138 1148 1171 a
1158 1138 1267 1181 priori.
1282 1138 1477 1172 Auxumitae
1488 1140 1561 1172 sunt
1573 1139 1630 1181 ipfi
1645 1136 1809 1181 Abyffinae
1821 1137 2015 1182 AErhiopes,

1129 1186 1287 1222 habentes
1298 1200 1421 1222 nomen
1432 1189 1451 1222 a
1463 1189 1596 1223 civitate
1609 1188 1836 1223 Auxumitana
1849 1213 1859 1228 ,
1871 1189 2015 1232 ipsorum

1129 1238 1323 1282 Metropoli.
1336 1239 1441 1275 Lucet
1453 1249 1495 1272 ex
1508 1239 1689 1279 Nonnoso,
1701 1239 1911 1282 imperatoris
1924 1238 2017 1282 Justi-

1130 1288 1221 1321 niani
1234 1288 1276 1322 ad
1288 1285 1481 1322 Homeritas
1491 1289 1525 1322 ὅ(
1536 1288 1737 1323 Auxumitas
1751 1290 1891 1334 Legato,
1903 1290 1958 1334 qui
1972 1291 2017 1327 af-

1130 1337 1234 1372 firmat
1245 1337 1406 1372 Elesbaan
1417 1347 1498 1371 tunc
1507 1338 1860 1373 fuiffiAuxurnitarum
1872 1340 2013 1385 Regem,

1130 1398 1226 1431 atque
1238 1388 1389 1431 adjungit
1402 1400 1409 1418 :
1430 1392 1576 1420 Auxumis
1587 1388 1625 1429 est
1630 1397 1688 1429 per
1700 1401 1809 1431 magna
1818 1396 1931 1423 civitas
1943 1416 1953 1432 ‚
1980 1392 2027 1429 &-

1128 1437 1212 1480 quast
1218 1443 1308 1471 totius
1332 1436 1502 1479 AEtln'opiae
1517 1439 1688 1478 Metropolis
1703 1462 1714 1477 ‚
1739 1443 1836 1481 magis
1862 1441 1906 1472 ad
1926 1443 2016 1472 Meri-

1130 1490 1208 1521 diem
1215 1490 1250 1522 t&
1257 1491 1411 1521 Orientem
1419 1489 1653 1531 vergens,qudm
1665 1490 1832 1520 Romanum
1843 1492 2013 1532 Imperium.

1130 1538 1281 1572 Nonnosi
1294 1537 1415 1571 librum
1427 1536 1538 1572 laudat
1549 1563 1560 1579 ‚
1570 1539 1604 1574 δε
1613 1534 1813 1581 compendio
1827 1540 1965 1583 exponit
1978 1538 2014 1572 in

1129 1586 1338 1623 Bibliotheca
1349 1586 1497 1622 Photius.
1525 1586 1570 1621 Et
1592 1589 1628 1622 in
1650 1587 1738 1622 libris
1759 1588 1800 1623 de
1813 1588 1941 1624 Perfico
1953 1590 2015 1623 Im-

1129 1639 1283 1681 peratoris
1294 1638 1469 1681 Iustiniani
1491 1637 1579 1673 bello
1602 1637 1784 1682 Procopius
1806 1640 2014 1680 Caesaraeensis

1128 1688 1265 1722 affirmat
1286 1689 1479 1723 Homeritas
1499 1688 1533 1723 &
1557 1689 1759 1723 Auxumitas
1778 1689 1938 1735 distingui
1958 1702 2013 1733 per

1127 1750 1216 1773 mare
1237 1738 1372 1772 rubrum
1384 1763 1394 1778 ‚
1421 1750 1458 1772 ac
1470 1739 1593 1782 pergit:
1621 1742 1652 1773 Ε
1666 1747 1781 1783 regione
1792 1742 2012 1774 Homeritarum
2035 1732 2089 1762 Lib.
2119 1746 2140 1762 ¹-

1127 1791 1293 1822 ulteriorem
1304 1794 1502 1822 continentem
1521 1787 1635 1822 habent
1646 1789 1808 1832 AEtbiopes
1823 1794 2013 1835 Auxumitaer,
2027 1781 2088 1811 ΜΡ·
2108 1785 2147 1809 19—

1127 1844 1170 1881 ita
1181 1839 1252 1873 dxcvi
1264 1841 1302 1873 de
1312 1845 1427 1871 nomine
1439 1839 1521 1871 urbis
1535 1842 1716 1873 Auxumidis
1725 1865 1736 1880 ,
1761 1840 1812 1872 ubi
1823 1840 1860 1880 est
1884 1839 2013 1883 ipsorum

1127 1891 1232 1932 Regia.
1271 1890 1364 1921 Porro
1385 1886 1567 1929 interfusum
1588 1901 1671 1922 mare
1687 1890 1809 1930 ferente
1830 1892 2013 1924 mediocriter

1128 1946 1237 1978 vento,
1264 1939 1416 1978 trajicitur
1439 1942 1569 1980 quinque
1589 1938 1693 1971 diebus
1705 1963 1716 1979 ,
1741 1941 1775 1973 er
1796 1940 1926 1980 movibus
1947 1947 2017 1974 toti-

1128 1988 1203 2020 dem.
1241 1986 1386 2022 Proinde
1408 1987 1593 2021 Homeritae
1611 1989 1689 2022 sunt
1712 1989 1837 2023 Felices
1858 1989 1983 2023 Arabes
2003 2014 2014 2029 ,

1129 2035 1321 2069 Auxumitae
1333 2036 1407 2069 sunt
1423 2034 1576 2079 Abyssini
1585 2036 1773 2080 AEthiopes.
1801 2039 1884 2086 Qae
1900 2040 2014 2083 omnia

1129 2085 1192 2121 late
1203 2097 1240 2119 ac
1258 2085 1383 2119 erudite
1400 2084 1601 2121 demonstrat
1624 2087 1659 2120 in
1681 2087 1744 2121 suis
1755 2087 1795 2122 ad
1812 2087 2014 2123 Theodofia-

1130 2147 1210 2170 num
1223 2135 1384 2171 Codiccm
1396 2134 1538 2170 Scholiis
1551 2136 1691 2180 Jacobus
1705 2136 1940 2173 Gothofredus.
1968 2140 2013 2173 Et
2033 2155 2088 2184 Lib.
2106 2168 2147 2186 ‚2-

1129 2184 1208 2220 hinc
1220 2186 1306 2221 lucet
1320 2211 1330 2226 ‚
1356 2186 1446 2230 quod
1453 2198 1561 2231 neque
1573 2186 1763 2222 venerabilis
1775 2189 1916 2231 joannes
1927 2214 1937 2230 ,
1962 2201 2014 2223 ne·
2028 2196 2082 2225 Tit.
2099 2208 2139 2225 ιι.

1129 2247 1193 2279 que
1204 2238 1284 2270 item
1294 2238 1421 2270 sanstus
1431 2237 1643 2272 Frumentius
1655 2237 1726 2271 istic
1737 2236 1962 2273 Christianam
1980 2240 2014 2274 fi·
2029 2246 2090 2275 OEP·
2116 2248 2140 2265 ²·

1129 2286 1204 2322 dem
1214 2286 1439 2330 plantaverint.
1469 2288 1608 2331 Lapsam
1625 2287 1795 2322 dumtaxat
1817 2300 2010 2332 repararunt.

1130 2337 1222 2371 Hinc
1234 2337 1313 2371 item
1323 2337 1409 2372 lucet
1420 2335 1654 2381 Theophilum
1677 2337 1797 2372 Indum
1817 2339 1899 2373 &ad
1911 2339 2012 2373 Indos

1129 2388 1163 2421 δε
1181 2388 1221 2421 ad
1243 2387 1446 2421 Auxumitas
1466 2388 1560 2422 fuiffe
1582 2388 1713 2421 missum
1746 2387 1787 2421 ab
1812 2389 2010 2432 Imperatore

1129 2436 1326 2471 Constantio
1341 2461 1352 2477 ,
1378 2447 1415 2471 ut
1427 2437 1526 2471 santii
1547 2438 1730 2471 Frumentii
1749 2438 2009 2481 praedicationem

1129 2487 1196 2521 illic
1208 2487 1392 2522 destrueret.
1421 2487 1516 2522 Hinc
1538 2486 1625 2521 lucet
1646 2488 1679 2521 &
1692 2488 1776 2521 ratio
1789 2512 1800 2528 ,
1827 2500 1884 2522 cur
1896 2488 2013 2523 Auxu-

1128 2536 1283 2573 mitarum
1296 2537 1369 2572 Rex
1381 2535 1479 2572 Adad
1492 2549 1560 2571 non
1573 2537 1592 2571 ὲ
1611 2537 1986 2582 Constantinopolitana
2001 2563 2013 2579 ,

1128 2587 1179 2622 sed
1193 2599 1233 2622 ex
1247 2586 1473 2622 Alexandrina
1482 2587 1622 2621 Ecclesia
1632 2587 1690 2622 fibi
1701 2587 1858 2632 delegerit
1879 2589 2011 2632 Episco-

1126 2650 1214 2682 pum.
1242 2637 1392 2682 Antiqua
1404 2634 1533 2682 Regula
1544 2638 1650 2681 ipsum
1673 2637 1813 2672 docebat
1832 2639 1922 2672 suam
1934 2650 2011 2682 gen-

1126 2699 1194 2724 tem
1202 2690 1350 2733 spee'tare,
1361 2689 1395 2722 &
1404 2689 1526 2731 semper
1537 2687 1685 2731 spectasse
1696 2687 1736 2721 ad
1751 2687 2010 2722 patriarchatum

1127 2738 1344 2786 Alexandriae.
1365 2737 1470 2772 Porro
1482 2739 1552 2772 suas
1568 2738 1681 2772 contra
1697 2739 1840 2772 sanstum
1853 2739 2009 2770 Frumen-

1127 2790 1211 2823 tium
1223 2789 1345 2823 Literas
1356 2789 1533 2833 imperator
1555 2788 1768 2823 Constantius
1787 2788 1943 2830 inscripsit
1967 2786 2009 2826 ad

1128 2839 1218 2873 istius
1232 2839 1375 2884 regionis
1386 2839 1568 2881 Tyrannos
1582 2851 1591 2881 ·,
1603 2848 1637 2872 at
1647 2839 1722 2871 vero
1735 2838 1929 2878 Nomosus,
1941 2839 2010 2872 san-

1127 2892 1195 2924 stus
1207 2887 1443 2932 Theophanes,
1455 2886 1640 2922 Anastasius
1651 2885 2008 2927 Bibliothecarius‚alii-

1128 2951 1190 2983 que
1201 2940 1363 2972 affirmant
1375 2939 1409 2972 δε
1424 2936 1585 2972 Anastafii
1597 2939 1630 2972 &
1641 2936 1812 2980 justiniani
1833 2937 2009 2981 Imperato-

1128 3002 1200 3023 rum
1209 3000 1354 3033 tempore
1365 2989 1490 3022 cunffis
1500 2987 1687 3021 Auxumios
1696 2985 1903 3031 Regionibus
1915 2987 2009 3023 fuisse

1129 3041 1265 3074 unicum
1278 3040 1415 3084 Regem.
1429 3039 1471 3072 Et
1485 3039 1530 3071 ita
1540 3036 1584 3070 est
1598 3036 1779 3070 etiamnum
1791 3034 2007 3071 hodieNem-

1128 3091 1165 3133 pe
1176 3101 1282 3123 rerum
1293 3089 1376 3123 edax
1387 3099 1513 3131 tempus
1523 3086 1592 3119 illic
1605 3086 1742 3120 mutavit
1763 3087 1903 3120 formam
1926 3088 2008 3131 regi-

1128 3140 1233 3173 minis.
1261 3138 1363 3185 Q1od
1377 3138 1434 3172 sub
1454 3136 1643 3170 Constantii
1654 3136 1796 3179 Imperio
1810 3148 1863 3180 per
1875 3137 2008 3180 Tyran-

1127 3201 1188 3224 nos
1198 3199 1384 3232 regerentur
1395 3187 1445 3220 isti
1459 3185 1638 3229 AEthiopes
1650 3210 1661 3226 ,
1688 3186 1793 3231 palum
1804 3188 1958 3231 supponit
1969 3188 2005 3221 in

1127 3240 1226 3283 priori
1238 3240 1291 3271 sua
1304 3236 1473 3281 Apologia
1485 3237 1608 3271 sanetus
1621 3234 1829 3270 Athanasius.

1177 3288 1322 3336 Qaestio
1333 3286 1378 3320 est
1393 3311 1403 3327 ,
1430 3298 1471 3320 an
1481 3286 1640 3320 Indorum
1651 3285 1832 3330 Apostolus
1843 3286 1876 3320 &
1892 3285 2006 3320 Auxu-

1129 3340 1213 3373 mios
1226 3336 1371 3371 Antistes
1382 3337 1441 3371 sint
1452 3348 1536 3370 unus
1546 3347 1645 3380 atque
1659 3336 1747 3370 idem
1768 3338 1978 3371 Frumentum:
1993 3338 2005 3369 ἒ

1129 3389 1258 3423 Partem
1270 3387 1455 3432 negativam
1466 3386 1578 3421 suadet
1596 3387 1787 3420 Romanum
1808 3387 2008 3429 Martyrolo-

1128 3440 1220 3483 giurn
1234 3450 1240 3469 z
1269 3437 1360 3479 Apud
1368 3438 1457 3470 Indos
1463 3435 1562 3479 sanc‘li
1584 3441 1612 3469 F
1614 3443 1754 3474 rumentii
1768 3435 1906 3478 Episcopi
1918 3460 1928 3476 ‚
1955 3442 2007 3477 qui
2024 3429 2130 3461 030¹>-

1127 3489 1167 3522 ibi
1182 3489 1314 3532 primum
1338 3493 1478 3532 captivus
1490 3511 1502 3528 ,
1541 3488 1650 3520 deinde
1679 3485 1843 3531 Episcopus
1865 3489 1885 3519 ὰ
1903 3484 2009 3530 [αηῧο
2028 3480 2068 3505 '⁷·

1549 3531 1555 3536 ⁸
1564 3537 1592 3570 B
1643 3547 1666 3573 2
1918 3534 2007 3567 Atha-

2031 1617 2090 1648 Lib.
2103 1628 2129 1654 3.
