2346 3776
82 2025 144 2059 Lib·
178 2034 204 2055 ι.

80 2074 146 2104 czp.
156 2069 204 2095 62.

93 3125 157 3158 Lib.
186 3131 231 3153 10.

96 3175 158 3204 essp.
169 3174 181 3195 ι
189 3173 213 3194 1·

577 128 860 177 ScHoLus
879 161 890 179 ,
913 138 990 173 ET
1015 122 1735 173 N02T181LLUSTRATUM.

261 196 597 250 tmuerms‘synsbeiam
609 232 619 248 ‚
641 203 754 241 utnon
774 204 988 255 oblinifimnini
1008 231 1018 246 ‚
1044 211 1136 249 quoti-

260 267 312 300 die
331 263 439 300 dicite,
465 260 585 302 quando
598 255 728 302 surgitis
740 281 751 296 ‚
779 256 898 298 quando
916 267 970 288 vos
989 258 1131 289 collocatis

259 316 307 349 ad
316 312 473 356 somnum,
500 310 619 342 reddite
640 307 821 347 symbolum,
847 307 967 339 reddite
988 309 1111 339 Domino
1123 331 1132 346 ‚

241 368 477 399 ’commemorate
502 369 557 393 vos
575 382 586 399 ,
611 369 666 391 vos
687 355 763 400 ipfhs
787 367 843 389 non
860 362 964 399 pigeat
984 365 1133 397 repetere,

259 413 334 451 bona
352 410 391 451 est
410 415 567 452 repetitio,
593 420 630 442 ne
644 407 791 453 suorepat
812 406 919 438 oblivio
944 430 954 445 ‚
980 418 1031 439 nec
1053 407 1134 439 dica-

244 464 302 496 'eis
320 486 334 502 ‚
360 461 428 493 dixi
446 459 534 500 heri,
560 460 628 492 dixi
653 458 737 491 bodie
753 479 764 496 ‚
791 457 922 498 quotidie
944 457 1027 496 dico,
1053 466 1134 489 teneo

256 510 337 545 iilud
347 509 436 543 bene.
464 514 664 542 commemora
671 507 761 549 fidem
771 514 877 546 tuam,
903 505 1010 548 inspice
1031 516 1074 539 te:
1094 504 1134 547 fit

259 569 409 603 tanquam
425 557 575 602 speculum
584 558 742 598 symbolum
751 565 848 588 tuum.
879 555 926 587 lbi
944 565 974 589 te
994 557 1087 596 vide,
1105 554 1136 596 fi

257 611 355 645 eredis
373 615 472 643 omnia
483 634 493 649 ,
519 621 587 652 quae
604 618 633 642 te
653 606 769 648 eredere
780 605 927 647 confiteris
942 630 952 645 ,
978 606 1013 639 (θ’
1029 605 1130 649 gaude

257 661 389 703 quotidie
411 665 444 692 in
458 660 520 703 fide
538 668 592 692 tua
604 682 616 698 ,
638 656 694 701 fint
709 657 832 689 divitiae
846 664 907 687 tuae
924 679 934 694 ,
952 654 1014 696 fint
1039 659 1134 697 quoti-

258 711 356 744 diana
375 709 428 751 ista
452 708 665 752 quodammodo
693 707 871 738 indumenta
904 711 1012 738 mentis
1045 713 1105 736 tuae
1124 729 1130 736 .

259 761 424 802 Numquid
441 769 498 792 non
507 759 625 801 quando
640 756 742 800 surgis
754 779 764 795 ‚
777 764 806 787 te
823 754 935 788 veliis?
960 756 1009 787 sic
1019 755 1053 787 Θ
1062 764 1133 786 com-

259 809 448 843 memorando
456 808 615 847 symbolum
624 816 707 840 tuum
718 804 802 856 ‘vesti⁸
810 811 943 837 animam
963 814 1068 844 tuam,
1094 815 1131 836 ne

251 858 337 901 forte
355 870 420 892 eam
444 859 538 890 nudet
558 857 685 895 oblivio,
710 856 744 889 (ι’
768 866 924 889 remaneas
949 855 1069 893 nudus,
1095 855 1130 887 Θ

255 909 315 950 fiat
334 909 416 950 quod
430 913 476 939 ait
497 905 643 948 Apostolus
657 930 668 945 ,
692 906 773 948 quod
791 903 863 945 absit
882 906 902 936 ἃ
917 914 967 946 te3
987 902 1018 945 fi
1032 912 1132 936 tamen

257 956 359 997 ,vestiti
371 968 428 990 non
440 958 514 989 nudi
524 962 725 989 inveniamur.
752 954 852 995 Vestiti
864 960 943 987 enim
953 959 1064 986 erimus
1069 953 1132 995 fide

257 1006 373 1042 nostra:
386 1010 433 1039 Et
444 1004 509 1049 ipsa
525 1006 606 1049 fides
615 1004 654 1046 est
664 1008 774 1038 Tunica
789 1028 799 1044 ‚
825 1006 859 1038 <¹5
870 1007 993 1036 Lorica.
1021 1005 1133 1036 Tunica

255 1060 361 1090 eontra
379 1055 569 1100 confusionem
581 1079 591 1096 ,
617 1059 724 1090 Lorica
743 1062 846 1087 contra
868 1052 1111 1095 adverfitatatem
1122 1076 1129 1083 .

252 1106 408 1155 Qsque
429 1105 534 1140 fidelis
554 1105 711 1140 affiduam
732 1103 829 1138 debet
850 1104 886 1138 in
902 1102 1000 1138 corde
1011 1103 1069 1136 suo
1080 1099 1134 1134 δι’

256 1155 333 1190 bere
353 1155 484 1196 Fidem,
513 1155 632 1199 Spem,
659 1153 864 1189 Charitatem
885 1152 1074 1188 virtualem:
1098 1150 1133 1184 &

255 1204 342 1249 ipsas
363 1204 412 1239 bis
433 1204 475 1240 de
494 1204 550 1239 die
569 1204 667 1239 debet
682 1204 719 1238 in
734 1204 842 1237 actum
853 1214 1005 1237 exerere:
1023 1201 1133 1235 Mane

257 1256 294 1290 ἀ
304 1255 446 1298 Vespere
455 1278 463 1287 .
489 1252 592 1301 Qiod
602 1250 708 1297 ipsum
718 1263 760 1286 ex
770 1251 963 1297 Augustino
972 1251 1092 1286 docent
1099 1250 1134 1284 δε

257 1296 367 1348 ΡῙυὲες
385 1304 461 1338 alii.
489 1303 544 1336 Ex
562 1313 628 1346 quo
640 1301 814 1336 lucetillos
826 1325 837 1341 ,
861 1301 920 1345 qui
930 1301 1063 1335 istarum
1073 1300 1136 1334 vir-

252 1362 368 1388 tutum
388 1353 476 1386 astus
495 1351 618 1386 docent
639 1375 651 1392 ,
677 1361 733 1386 aut
754 1361 925 1395 nunquam
947 1375 959 1391 ,
986 1361 1043 1385 aut
1061 1355 1134 1385 'raro

252 1403 322 1438 esse
338 1411 532 1447 praeceptos,
559 1401 729 1446 insigniter
750 1399 963 1435 hallucinari.

307 1451 424 1487 Praeter
445 1450 676 1496 Apostolicum
687 1450 882 1494 Symbolum
895 1475 907 1491 ,
933 1461 971 1485 ac
981 1449 1136 1485 Domini-

250 1509 331 1537 'cam
338 1502 521 1538 orationem
529 1501 638 1536 cuncti
648 1499 748 1536 hodie
759 1500 870 1535 fideles
879 1501 1067 1536 memoriter
1075 1499 1135 1533 dis

256 1563 340 1587 cunt
360 1576 372 1593 ‚
396 1563 434 1586 ac
455 1551 604 1595 quotidie
624 1551 761 1586 recitant
779 1551 881 1586 etiam
901 1550 1133 1586 salutationem

256 1600 471 1647 Angelicam,
480 1602 514 1635 &z
524 1601 660 1636 eandem
673 1596 810 1636 recitant
818 1612 934 1635 omnes
945 1600 1133 1635 Conciona-

252 1656 347 1687 'tores
366 1652 402 1685 in
417 1651 480 1686 suae
491 1652 677 1686 Concionis
703 1651 841 1686 exordio
853 1676 861 1683 .
888 1650 1021 1684 Morem
1048 1650 1135 1694 prius

258 1700 393 1736 laudare
409 1702 506 1746 coepit
519 1725 530 1741 ‚
556 1701 614 1746 qui
625 1700 666 1735 ad
676 1701 783 1745 quinti
796 1701 915 1735 decimi
929 1699 1033 1735 saeculi
1043 1710 1137 1734 exor-

261 1750 358 1785 dium
368 1751 479 1786 floruit
490 1775 501 1791 ‚
512 1752 637 1785 sanstus
648 1750 848 1785 Vincentius
859 1751 1020 1785 Ferrerius
1032 1774 1043 1791 ‚
1057 1751 1137 1783 sem-

259 1812 318 1846 per
339 1800 535 1844 praemittens
554 1801 618 1835 suis
629 1798 830 1834 sermonibus
842 1814 853 1834 .-
875 1798 1024 1843 salutetur
1035 1802 1136 1833 Beata

261 1855 371 1894 Virgo,
399 1850 488 1885 unde
498 1849 634 1894 quidam
647 1850 833 1884 existimant
846 1849 941 1883 illum
961 1849 1061 1885 moris
1084 1859 1134 1882 au-

260 1901 405 1941 ctorem,
430 1910 487 1935 aut
509 1900 594 1934 certe
614 1911 655 1934 ex
677 1900 790 1943 primis
810 1899 903 1934 fuisse
925 1900 1019 1944 ipsius
1050 1899 1136 1932 usur-

258 1948 447 1993 patoribus.
476 1950 521 1984 Et
539 1949 574 1983 in
596 1951 655 1983 suo
666 1947 854 1983 Christiano
873 1951 1013 1984 Oratore
1025 1948 1136 1983 scribit

260 1999 402 2033 Carolus
423 1999 566 2045 Regius:
593 1999 728 2032 Arbitror
749 2002 800 2043 effe
822 2009 921 2033 recens
950 1998 1113 2041 institutum
1126 2022 1136 2038 ,

262 2051 299 2083 (2⁴
317 2049 470 2083 tridudum
478 2049 563 2091 forte
579 2058 702 2092 propter
723 2048 847 2092 haereses
867 2055 901 2083 in
927 2051 1059 2083 Beatam
1071 2054 1137 2083 Vir-

255 2105 360 2144 ginem
376 2109 497 2133 exortas
509 2124 520 2140 ,
544 2111 610 2133 cum
631 2098 697 2143 ipsa
709 2098 749 2141 fit
768 2111 835 2143 quae
847 2111 945 2133 omnes
956 2097 1079 2142 haereses
1090 2105 1137 2131 in-

257 2154 396 2183 terimere
417 2158 524 2192 queat.
550 2150 644 2184 Dum
668 2148 792 2184 Ariana
811 2149 907 2193 pestis
928 2150 1056 2199 &sliri
1075 2159 1138 2183 coe-

257 2199 310 2244 pit
322 2223 334 2239 ,
359 2199 467 2243 plures
488 2199 636 2234 Ecclefiae
654 2198 779 2234 avitum
799 2199 1049 2244 glorificationis
1062 2199 1138 2242 Hy-

258 2260 377 2283 mnum
397 2259 563 2293 coeperunt
581 2248 652 2293 post
665 2249 808 2294 (iugulos
819 2249 966 2284 Psalmos
985 2249 1138 2283 solemni-

260 2309 310 2333 ter
319 2309 448 2334 cantare
458 2299 493 2332 in
506 2299 646 2333 Ecclesia
657 2323 668 2340 ‚
684 2310 782 2343 atque
814 2299 859 2333 ita
870 2300 1022 2333 omnium
1036 2299 1136 2333 trium

259 2347 478 2397 Personarum
504 2348 887 2384 Consubstantialitatem
905 2374 916 2391 ,
954 2348 1137 2383 &Coaeter-

258 2398 399 2433 nitatem
421 2398 550 2443 publice
568 2400 733 2443 profiteri.
761 2400 805 2433 Et
825 2400 992 2434 Lucianus
1018 2399 1138 2435 Hiero-

260 2448 465 2491 solymitanae
498 2449 645 2483 Ecclefiae
680 2449 852 2492 Presbyter
882 2450 946 2483 suis
968 2448 1009 2483 de
1029 2448 1135 2483 Sancti

261 2496 419 2541 Stephani
433 2497 686 2541 protomartyris
696 2524 706 2540 ,
714 2499 752 2533 '&
762 2499 931 2532 Sociorum
946 2499 1136 2534 inventione

260 2546 305 2582 ad
315 2558 448 2582 omnem
462 2547 637 2582 Ecclesiam
648 2548 763 2582 litteris
773 2548 863 2583 dedit
875 2547 964 2582 hunc
976 2549 1111 2583 titulum
1125 2564 1135 2584 :

264 2592 417 2630 Lucianus
440 2595 642 2639 Misericordia
654 2601 711 2631 Dei
730 2600 868 2642 indigens
879 2624 889 2639 ‚
917 2598 1069 2638 Presbyter
1080 2602 1138 2632 Ec-

262 2645 350 2688 clesi'ae
361 2650 434 2694 Dei.
456 2646 522 2681 Isto
543 2647 658 2682 saeculo
679 2648 785 2691 plures
797 2649 861 2683 suis
872 2647 1027 2692 Epistolis
1038 2649 1135 2683 istum

263 2695 397 2731 titulum
421 2698 641 2740 praefixerunt.
669 2697 799 2742 Nempe
811 2708 893 2732 tunc
903 2698 1032 2743 graffiri
1055 2698 1137 2732 inci-

1914 140 2004 185 193

1202 204 1311 238 Errat.
1341 201 1620 238 Additamentum
1630 201 1716 236 istud
1726 202 1771 237 est
1784 204 1883 251 longe
1893 210 2062 254 antiquius
2070 210 2082 243 .“

1201 254 1334 288 Etenim
1355 252 1397 288 de
1408 252 1558 287 Mauritii
1571 252 1777 295 Imperatoris
1801 259 1946 292 exercitu
1967 260 2079 295 adver-

1199 305 1249 338 sus
1274 303 1384 338 Persas
1406 297 1591 347 pug'naturo
1612 301 1723 336 scribit
1748 301 2020 348 Theophylastus
2030 310 2076 344 Si-

1198 364 1328 387 mocata
1350 366 1357 385 :
1385 355 1444 386 Pro
1461 353 1586 391 symbolo
1603 356 1730 386 Romani
1756 349 1849 395 socios
1870 362 1928 395 pro
1948 355 2074 396 hostibus
2095 359 2155 392 Lib.
2184 368 2214 396 ς.

1197 405 1345 437 caederent
1356 427 1367 443 ‚
1392 404 1631 445 quandoquidem
1650 411 1756 447 pugna
1773 401 1894 446 confusa
1906 427 1916 444 ,
1943 406 2078 441 maxime*
2096 409 2212 439 C²P·¹0·

1193 459 1329 494 proprios
1353 451 1485 493 distinHe*
1506 451 1698 499 internoscere
1721 458 1877 496 nequirent
1900 478 1907 485 .
1935 453 2002 489 Pro
2023 467 2076 490 ex·

1197 503 1287 546 pulso
1298 502 1392 546 Rege
1403 502 1514 537 Castra
1528 502 1674 536 Romani
1694 514 1754 546 pro
1776 502 1877 538 Perfis
1901 505 2076 549 pugnaturi

1197 562 1288 587 erant
1316 551 1485 587 adversum
1508 552 1637 586 Persas:
1666 551 1746 586 hinc
1762 553 1862 587 etiam
1883 553 1978 589 sociis
1999 554 2080 589 Per-⁴

1197 603 1257 643 fis,
1283 613 1350 646 quo
1371 603 1456 646 ipsos
1475 600 1516 635 ab
1537 600 1685 636 hostibus
1703 601 1932 647 dignoscerent
1946 605 1979 638 in
1995 603 2077 639 Prae-

1198 652 1268 692 lio,
1295 651 1380 686 istud
1402 650 1562 686 dederunt
1581 651 1780 694 Symbolum
1794 677 1805 693 ,
1830 653 1864 687 &
1889 654 1992 698 ipsum
2018 666 2075 688 eos

1196 702 1396 736 docuerunu
1423 702 1506 749 Quae
1526 701 1669 736 docendi
1694 702 1883 738 necessitas?
1902 703 1982 747 ¹quis
2005 716 2073 738 non

1197 752 1306 786 statim
1326 750 1461 795 capiat‚⁴
1478 763 1515 786 ac
1536 762 1645 786 teneat
1665 751 1745 786 duas
1771 752 1928 787 voculas?
1955 765 2073 797 nempe

1200 814 1265 835 non
1288 802 1393 836 solum
1415 800 1472 836 has
1492 826 1503 842 ,
1528 801 1584 836 sed
1608 813 1744 836 omnem
1763 813 1841 836 cum
1865 803 1924 836 suo
1950 802 2074 836 addita-

1196 861 1310 885 mento
1333 851 1528 897 Angelicam
1549 851 1787 886 Salutationem
1800 851 1900 886 Persae
1910 851 2075 887 debebant

1197 901 1383 935 memoriter
1404 901 1543 936 discere.
1572 902 1617 935 Et
1640 902 1750 936 nescio
1772 906 1871 945 quem
1881 901 2073 936 dissolutum

1197 950 1382 992 Clericum‚
1412 951 1501 994 quod
1523 951 1559 984 in
1580 950 1651 986 dies
1661 953 1783 987 Sanstae
1794 952 1946 997 Virginis
1958 952 2073 987 Altare

1196 999 1361 1035 accederet
1372 1024 1384 1040 ,
1410 1010 1508 1044 atque
1527 999 1616 1035 hunc
1627 1001 1832 1047 Angelicum
1853 1003 1888 1037 ἀ
1904 1002 2076 1047 Evangeli-

1196 1061 1274 1084 cum
1295 1050 1484 1084 verficulum
1497 1075 1507 1090 ,
1534 1054 1600 1084 Ave
1621 1055 1724 1085 Maria
1737 1059 1844 1096 gratia
1860 1054 1954 1095 plena
1976 1056 2079 1086 Domi-

1196 1110 1255 1132 nus
1274 1109 1388 1140 tecum,
1413 1099 1567 1133 benedicta
1584 1110 1618 1133 tu
1638 1106 1672 1134 in
1692 1102 1886 1143 mulieribus,
1912 1114 1989 1137 cum
2013 1114 2079 1138 ma-

1197 1160 1262 1194 gna
1273 1149 1451 1184 reverentia
1469 1149 1656 1184 decantaret
1667 1174 1677 1191 ‚
1698 1151 1733 1185 in
1754 1151 1872 1186 litteris
1888 1151 1929 1186 ad
1947 1153 2076 1187 Deside-

1198 1199 1283 1233 rium
1295 1198 1516 1234 Caffinensem
1527 1199 1695 1235 Abbatem
1713 1201 1844 1243 laudat,
1869 1202 1903 1236 ὃ(
1923 1202 1991 1245 ejus
2009 1203 2076 1247 pier
2096 1195 2159 1228 Lib?
2188 1208 2212 1227 2·

1197 1250 1274 1283 tatis
1293 1249 1412 1285 merito
1435 1250 1528 1284 fuisse
1552 1251 1631 1291 suo,
1657 1251 1746 1295 quod
1766 1251 1956 1287 dissolutam
1967 1253 2070 1288 vitam

1199 1299 1361 1344 castigans
1379 1300 1561 1345 Episcopus
1586 1299 1782 1342 abstulerat,
1803 1301 1971 1337 'beneficio
1991 1302 2078 1337 resti-

1198 1358 1306 1383 tutum
1317 1350 1347 1395 ,ὲ
1358 1349 1501 1394 Deipara
1522 1350 1660 1385 affirmat
1671 1351 1805 1386 Sanstus
1816 1350 1931 1387 Petrus
1942 1353 2080 1388 Damia-

1199 1399 1252 1432 ni.
1280 1398 1444 1444 Angelica
1466 1399 1620 1435 salutatio
1638 1401 1782 1435 omnino
1792 1401 1921 1436 videtur
1933 1412 2012 1436 tunc
2023 1402 2079 1437 ha-

1200 1448 1303 1482 buiffe
1312 1449 1403 1482 suur'n
1415 1448 1676 1484 additamentum
1689 1464 1700 1483 .-
1728 1450 1856 1485 videtur
1868 1451 1952 1486 istud
1963 1454 1980 1486 a
1995 1454 2080 1487 Grae-

1199 1499 1246 1533 cis
1257 1498 1377 1532 veniffe
1390 1497 1431 1533 ad
1442 1499 1600 1534 Latinos.
1629 1499 1810 1549 Qidquid
1825 1501 1861 1535 sst
1871 1526 1881 1542 ‚
1908 1501 2078 1537 adversum

1199 1548 1408 1592 Imperatoris
1429 1548 1591 1583 Frederici
1614 1550 1747 1584 secundi
1767 1551 1801 1584 in
1826 1551 2001 1586 Ecclesiam
2013 1554 2080 1587 vio-

1197 1598 1317 1632 lentias
1328 1599 1508 1643 Gregorius
1529 1610 1638 1633 nonus
1655 1599 1816 1635 Pontifex
1837 1601 1970 1635 induxit
1992 1604 2078 1637 varia

1201 1648 1330 1691 pietatis
1350 1648 1458 1682 officia
1471 1674 1478 1680 .
1506 1648 1620 1683 Primo
1642 1658 1677 1683 ut
1688 1648 1779 1684 horis
1790 1650 1972 1686 canonicis
1983 1653 2078 1687 adde-

1200 1709 1287 1732 retur
1298 1697 1339 1732 ab
1350 1698 1546 1733 Hermanno
1559 1699 1739 1735 Contrasto
1751 1702 1950 1745 compositus
1969 1702 2078 1745 Hym-

1182 1759 1285 1789 nus,
1311 1749 1401 1782 salve
1422 1752 1558 1792 Regina,
1585 1749 1704 1784 deinde
1732 1760 1768 1784 ut
1789 1762 1886 1785 mane
1911 1753 1945 1786 ἅς
1971 1753 2080 1797 vespe-

1200 1809 1255 1838 re,
1280 1798 1321 1832 ad
1343 1798 1488 1832 dandum
1502 1799 1679 1843 Campanae
1694 1800 1820 1845 signum
1839 1813 1956 1836 omnes
1966 1803 2078 1837 fideles

1182 1848 1300 1881 'tertio
1327 1846 1474 1882 dicerent
1495 1850 1709 1883 Salutationem
1736 1852 1907 1894 Angelicam
1929 1877 1935 1884 .
1973 1854 2078 1887 Hisce

1181 1874 1349 1941 lprecibus
1371 1898 1507 1942 speravit
1528 1899 1710 1933 violentum
1732 1900 1921 1945 Principem
1941 1903 1958 1936 a
1981 1904 2078 1937 Sacra

1201 1947 1344 1992 Virgine
1371 1947 1574 1983 domandum
1596 1962 1604 1982 :
1631 1961 1729 1994 quare
1751 1962 1826 1985 cum
1851 1952 2078 1987 moderamine

1201 1997 1453 2043 intelligendum
1473 1998 1518 2032 est
1541 1997 1606 2034 hoc
1627 2000 1798 2035 Guilielmi
1819 2002 2012 2036 Senonenfis
2029 2004 2073 2037 ad

1201 2047 1307 2090 quarti
1328 2048 1449 2082 decimi
1466 2049 1575 2083 rsaecull
1595 2049 1741 2084 medium
1753 2050 2003 2096 Archiepiscopi
2015 2054 2073 2096 Sy-

1180 2110 1184 2143 ς
1201 2097 1322 2131 nodale
1342 2097 1508 2137 decretum
1531 2110 1539 2129 τ
1578 2102 1774 2141 Praecipimus
1804 2102 1886 2143 quod
1903 2101 2074 2145 observetur

1181 2147 1183 2152 ’
1201 2147 1413 2181 inviolabiliter
1436 2149 1584 2181 ordinatio
1594 2149 1686 2190 falla
1701 2159 1758 2192 per
1783 2150 1902 2185 sanc‘iae
1927 2159 2076 2187 memoria,-

1202 2200 1320 2239 Papam
1324 2201 1357 2243 J
1359 2210 1481 2234 oannem
1498 2197 1833 2243 vIgefimumsecundum
1845 2202 1882 2235 de
1892 2203 2017 2235 dicendo
2027 2212 2075 2237 ter

1201 2251 1266 2281 Ave
1277 2251 1385 2296 Marta*
1398 2257 1545 2290 tempore,
1567 2247 1623 2292 seu
1644 2249 1716 2283 bora
1734 2257 1867 2295 ignitegii
1878 2276 1889 2292 ‚
1915 2258 1947 2285 in
1960 2264 2020 2295 qua
2029 2264 2077 2286 er-

1199 2298 1353 2332 dinatione
1374 2301 1540 2333 conceditur
1557 2309 1637 2332 certa
1647 2301 1834 2344 indulgentia
1844 2303 2011 2336 dicentibus
2026 2312 2075 2337 ter

1200 2352 1264 2381 Ave
1284 2351 1385 2381 Maria
1422 2349 1511 2381 dieiis
1532 2358 1662 2391 tempore
1686 2351 1720 2384 Θ
1748 2349 1839 2384 bora.
1868 2355 1914 2384 Et
1939 2364 2003 2385 cum
2023 2352 2074 2386 boc

1179 2413 1182 2434 ι
1199 2400 1286 2431 Sacro
1304 2399 1486 2441 approbante
1507 2402 1634 2432 Concilio
1655 2425 1666 2440 ,
1691 2401 1825 2434 omnibus
1844 2425 1855 2441 ‚
1880 2410 1946 2434 tum
1966 2408 2076 2436 oranti-

1179 2438 1183 2488 !
1200 2448 1255 2480 bus
1265 2456 1322 2490 pro
1335 2448 1419 2488 statu
1439 2447 1580 2491 prospero
1592 2451 1732 2494 &Regni
1745 2476 1755 2490 ,
1782 2462 1817 2484 ac
1821 2459 1878 2492 pro
1890 2454 1968 2486 Pace
1979 2477 1990 2492 ‚
2019 2455 2076 2485 Do-

1200 2504 1290 2531 minis
1301 2523 1311 2538 ‚
1337 2502 1414 2545 Rege
1433 2501 1467 2533 (9⁶
1478 2503 1613 2542 Regina,
1639 2498 1795 2542 liberisque
1803 2499 1932 2543 ipsorum
1945 2526 1956 2541 ‚
1982 2514 2017 2535 ac
2030 2504 2078 2535 di·

1199 2548 1331 2581 centibus
1342 2558 1413 2581 tunc
1423 2573 1433 2588 ‚
1458 2551 1549 2582 Pater
1560 2548 1651 2589 noster
1662 2574 1672 2590 ‚
1684 2550 1718 2584 ὦ*
1731 2554 1794 2583 Ave
1807 2554 1912 2583 Maria
1925 2576 1935 2591 ‚
1946 2554 2075 2585 concedi-

1199 2610 1266 2630 mus
1278 2599 1486 2642 Indulgentias
1498 2623 1508 2637 ,
1534 2610 1602 2641 quae
1606 2597 1773 2642 sequuntur
1788 2602 1943 2634 :videlicet
1948 2600 2073 2644 singulis

1199 2648 1301 2680 diebus
1314 2648 1490 2681 auei‘oritate
1501 2648 1596 2687 nostra
1606 2655 1733 2692 triginta
1750 2651 1815 2683 dies
1827 2675 1837 2691 ‚
1863 2651 1899 2683 <9¹
1917 2651 2073 2691 cujuslibet

1193 2696 1383 2741 ficffragandi
1394 2705 1504 2742 viginti
1514 2700 1578 2731 dies
1589 2705 1621 2731 in
1632 2702 1793 2735 Provincia
1802 2698 1960 2740 senonensi.
1988 2700 2072 2735 Gui-

265 2744 376 2789 piebat
386 2745 564 2791 Pelagiana
576 2746 719 2787 hoerefis,
745 2749 779 2782 ὅτ
800 2749 888 2782 suam
908 2748 950 2782 ab
973 2749 1038 2792 ipsa
1051 2749 1136 2792 puri-
1176 2729 1328 2782 llielmus
1340 2759 1407 2782 non
1428 2748 1581 2782 debuerat
1602 2750 1709 2783 dicere
1720 2749 1814 2783 istam
1826 2749 2073 2786 ordinationem

263 2803 368 2830 tatem
388 2794 555 2830 Catholici
567 2798 766 2841 Episcopi&
779 2799 898 2832 Clerici
912 2810 992 2832 tunc
1014 2795 1060 2833 ita
1071 2800 1136 2842 pas
1176 2783 1313 2848 [hPapa
1336 2799 1461 2841 Joanne
1484 2798 1770 2836 fuisseinstitutam
1791 2824 1801 2839 ,
1836 2798 1889 2833 sed
1902 2799 2073 2835 dumtaxat

264 2846 324 2880 sim
334 2844 575 2888 profitebantur.
596 2847 722 2882 Eodem
732 2848 834 2882 modo
846 2849 979 2882 Sandius
991 2847 1136 2883 Vincen-

263 2895 331 2929 tius
343 2895 503 2928 Ferrerius
523 2896 689 2930 adversum
710 2899 830 2932 Sanssae
842 2898 975 2943 Virgini
1004 2898 1135 2941 injurio-

264 2946 315 2979 sas
337 2943 468 2979 haereses
487 2945 580 2988 poffit
591 2946 757 2980 laudatum
768 2959 891 2982 morem
905 2946 1136 2983 Concionibus

265 2994 386 3028 fixisse.
416 2993 542 3028 Verum
563 3006 632 3039 quae
653 2997 727 3030 sunt
747 3008 790 3030 eae
810 2997 940 3032 haereses
962 2999 974 3031 ?
1002 2999 1135 3033 Etenim

265 3044 556 3080 SanstiVincentii
588 3045 706 3079 saeculo.
721 3046 811 3081 nulla
832 3042 953 3083 haerefi's
973 3048 1136 3093 singulari-

265 3102 316 3128 ter
337 3093 775 3138 blasphemavitDeiparam.
804 3097 846 3130 Et
860 3097 937 3131 hinc
950 3099 984 3131 in
998 3096 1087 3131 libris
1097 3098 1137 3132 ad

267 3144 435 3178 Sacrarum
456 3139 669 3179 Con'cionum
689 3146 826 3189 antiquo
846 3147 928 3181 Ritu
951 3148 1137 3181 Franciscus

267 3193 487 3228 Bernardinus
506 3194 666 3228 Ferrarius
678 3218 689 3234 ,
704 3194 791 3228 'licet
806 3196 918 3230 Caroli
932 3195 1030 3241 Regii
1043 3198 1138 3231 ratio-

268 3246 435 3278 nem'non
456 3243 617 3287 improbet
637 3269 648 3285 ‚
675 3245 798 3278 mavult
818 3246 1045 3280 salutationem
1067 3250 1138 3280 An-

267 3292 407 3336 gelicam
426 3293 532 3336 primo
553 3292 674 3327 habitis
694 3293 735 3327 de
756 3294 896 3338 Deipara
919 3296 1138 3330 concionibus

268 3341 363 3375 fuisse
371 3343 555 3385 praemissam
568 3368 578 3384 ,
597 3355 634 3378 ac
644 3343 775 3378 tandem
788 3344 963 3387 proceffiffe
972 3345 1014 3379 ad
1025 3357 1139 3381 omnes

269 3391 459 3426 conciones
471 3416 482 3432 ,
507 3404 604 3436 atque
615 3393 781 3438 adjungit:
810 3398 898 3427 Certe
908 3395 1014 3435 constat
1031 3404 1127 3437 appen

271 3441 365 3473 dicem
385 3441 472 3474 iiiam*
486 3441 676 3485 salutationis
697 3445 839 3487 Angelicae
860 3468 871 3484 ‚
908 3443 1018 3477 samia
1041 3439 1139 3478 Maria

271 3491 331 3535 (tc.
342 3498 413 3524 ante
423 3500 536 3524 centum
547 3498 763 3537 quinquaginta
773 3505 867 3527 annos
881 3495 1019 3528 additam
1031 3494 1137 3539 fuiffe.

375 3539 532 3583 Drysertde
545 3542 732 3585 symbnp&
741 3546 873 3578 Nic.T.1.

1196 2848 1374 2882 restitutam
1386 2873 1393 2879 .
1422 2848 1529 2881 Etiam
1543 2848 1676 2882 Zoenus
1688 2847 1925 2883 Avenionenfis
1941 2850 2074 2894 Episco-

1198 2908 1310 2941 pus‚ac
1324 2899 1404 2930 noni
1418 2898 1571 2941 Gregorii
1584 2909 1638 2939 per
1649 2897 1790 2931 Galliam
1803 2899 1957 2942 Legum,
1969 2900 2003 2939 in
2017 2901 2073 2935 sua

1199 2947 1345 2980 Albiensi
1357 2947 1493 2990 Synodo
1505 2946 1623 2980 statuit:
1638 2950 1730 2980 Pueri
1742 2946 1921 2991 tiseptennto
1931 2947 2067 2992 &supra
2086 2945 2158 2985 Cap.
2178 2950 2224 2978 18.

1198 2998 1242 3029 ad
1251 2999 1282 3028 E
1283 2996 1407 3038 eclesiam
1418 2999 1438 3029 ἃ
1450 2997 1630 3029 Parentibus
1654 2999 1844 3030 adducantur
1854 2999 1959 3033 diebus
1972 3002 2073 3033 nomia

1199 3052 1272 3079 nicis
1287 3045 1441 3087 &festivis
1457 3071 1466 3085 ,
1479 3055 1512 3079 ut
1523 3047 1625 3087 infide
1637 3041 1980 3088 Catholica'instruantur
1991 3054 2014 3090 ‚¹
2026 3060 2074 3083 at-

1200 3108 1255 3138 que
1265 3097 1362 3129 Credo
1373 3101 1405 3129 in
1418 3100 1512 3128 Deum
1522 3121 1531 3135 ‚
1559 3097 1593 3129 (ὃ
1605 3098 1698 3129 Pater
1709 3096 1798 3135 noster
1817 3099 1851 3131 (ν
1861 3100 2074 3135 Salutationem

1201 3149 1307 3178 Beatae
1334 3149 1466 3189 Virginis
1492 3143 1650 3188 addiscant
1675 3171 1682 3179 .
1710 3146 1776 3181 Isto
1796 3146 1897 3192 igitur
1923 3158 2072 3193 tempore

1202 3195 1362 3239 Angelica
1374 3195 1534 3228 salutatio
1545 3219 1554 3235 ‚
1582 3207 1650 3229 non
1674 3196 1783 3231 minus
1808 3209 1907 3241 quam
1929 3198 2073 3243 Aposto-

1202 3247 1298 3279 licum
1311 3244 1505 3287 Symbolum
1532 3256 1569 3278 ac
1582 3242 1762 3281 Dominica
1772 3247 1891 3282 Oratio
1911 3250 2071 3284 memoria

1202 3294 1371 3330 tenebatur
1381 3294 1421 3328 ab
1434 3294 1588 3335 omnibus
1599 3294 1749 3330 fidelibus
1760 3321 1770 3337 ‚
1783 3297 1818 3331 ἀ
1827 3298 1978 3342 quotidie
1995 3300 2071 3333 reci-

1202 3345 1346 3379 tabatur.
1376 3344 1418 3378 Et
1430 3343 1562 3378 Zoenus
1582 3343 1677 3387 hujus
1699 3346 1828 3389 pietatis
1846 3359 1917 3382 non
1929 3349 1992 3382 fuit
2011 3349 2071 3391 pri-

1204 3405 1274 3429 mus
1295 3395 1406 3427 austor
1418 3419 1428 3434 ,
1455 3393 1506 3428 sed
1525 3404 1680 3429 executor
1690 3395 1858 3432 dumtaxat
1870 3398 1904 3432 &
1916 3408 2071 3441 propaga-

1203 3455 1261 3478 tor.
1272 3444 1530 3478 Praenominatus
1541 3444 1744 3490 Juvenis,qui
1755 3446 1840 3481 circa
1852 3448 1972 3480 sacram
1984 3447 2071 3478 Lan-

1203 3505 1294 3529 ceam
1313 3494 1476 3529 commisit
1497 3494 1707 3578 ωοιιάἱσίιζη
1719 3519 1731 3536 ,
1757 3496 1839 3531 vixit
1857 3495 1914 3530 sub
1924 3493 2068 3576 Utilrano

1988 3553 2019 3578 e-

2093 1236 2175 1277 Epist.
2208 1240 2256 1271 14.v
