2346 3776
362 120 406 171 33
810 99 1239 154 DISSERTATIO
1289 100 1710 158 Pnoamiims.

347 189 434 227 mus)
461 189 542 223 ne&
560 188 674 229 pudore
694 187 729 220 Za·
748 187 890 220 dilatione
910 186 963 218 illa
981 191 1121 218 temporis
1136 207 1146 223 ‚
1173 188 1244 233 qui
1240 191 1245 208 s

341 237 435 281 semel
446 245 516 278 prae
550 237 750 271 imbecillitate
770 236 804 269 ὀ·
826 240 951 278 ignavia
972 236 992 266 ἅ
1023 234 1144 267 Diabolo
1160 244 1223 266 con-

344 287 408 335 ruffi
429 287 463 320 <tt
479 286 657 328 labe-fallari
673 283 779 328 sum,
790 285 915 325 penitus
926 282 1093 327 deciscant,
1118 294 1170 317 nec
1180 294 1226 316 re-

345 337 476 373 medium
486 338 578 370 ullum
589 334 772 374 adhibeant,
800 335 1046 376 quemadmodum
1052 332 1150 377 sacrae
1175 336 1228 365 Li-

345 395 421 419 terae
429 392 637 428 praecipiunt,
663 395 720 417 non
732 390 872 425 perverti
888 386 1047 424 claudum,
1070 381 1227 427 sedsana-

347 432 376 471 ri
392 443 496 478 potius
535 433 741 479 ,Quamobrem
763 435 850 467 Petri
870 437 990 476 quidem
1002 440 1098 471 oratio
1106 435 1152 467 ad
1161 434 1228 467 cle-

346 492 491 523 mentiam
510 497 545 518 ac
567 484 787 522 humanitatem
799 482 992 527 spellabat,
1019 485 1134 517 Meletii
1155 486 1225 516 vero

348 548 382 573 ac
397 535 558 577 fautorum
575 536 642 575 eJ'us
655 533 831 578 susceperat
849 540 995 573 veritatis
1016 545 1052 566 ac
1066 536 1168 567 divini
1179 545 1227 565 ar-

348 587 427 618 doris
436 593 647 628 patrocinium
676 591 754 619 Cum
779 587 846 628 ergo
867 587 887 616 ei
903 585 938 628 [ἓ
955 591 1088 618 invicem
1101 581 1227 625 diversa

341 630 492 677 sentirent
508 660 517 675 ,
546 647 584 669 ex
596 648 694 670 eorum
717 647 784 677 qua·
806 641 957 678 utrimque
971 636 1024 676 pie*
1044 645 1080 666 ac
1091 634 1226 676 religiose

340 686 577 727 'proferebantur
590 712 600 726 ‚
627 686 764 728 occafione
775 682 914 728 &specie
925 682 1059 727 schisma
1069 683 1226 723 conflatum

347 734 396 782 est.
423 739 550 769 Etenim
562 739 674 773 Petrus
688 734 854 777 Archi-Epi
854 733 961 778 scopus
976 759 987 775 ‚
1012 745 1078 768 cum
1090 733 1227 769 animad-

347 795 482 824 verteret
492 786 634 830 conffi'ium
652 785 742 830 suum
753 809 763 826 ,
789 786 992 825 humanitatis
1009 783 1202 825 plentffimum
1214 806 1225 822 ‚

347 838 522 870 Meletianis
545 839 668 873 minime
686 836 829 880 placutffe
842 860 853 876 ‚
880 838 962 878 quod
980 836 1084 872 divini
1102 833 1223 867 honoris

347 887 521 922 ardentiore
523 887 621 929 studio
635 888 822 932 flagrarent,
849 887 945 921 medio
964 891 998 918 in
1019 895 1134 918 carcere
1155 884 1226 917 Pal-

347 940 443 978 lium,
469 940 551 980 quod
556 939 693 973 lodicsum
703 939 838 979 dicitur,
850 936 1010 977 veliinstar
1019 935 1199 977 appendens
1213 958 1223 973 ,

341 990 526 1029 proclamari
547 990 567 1020 ιί
593 993 722 1025 Diacono
731 989 839 1030 juffit:
868 989 934 1030 ,Qui
945 982 1201 1028 mecumfitntt'unt
1214 1008 1223 1023 ,

345 1036 403 1070 huc
413 1040 458 1071 ad
466 1051 512 1072 me
522 1045 669 1075 veniant·
663 1065 672 1080 ,
699 1046 752 1081 qui
763 1039 876 1071 Meletii
888 1036 1086 1079 opinionifat
1087 1044 1163 1076 ent,
1183 1035 1226 1067 ad

346 1089 508 1123 Meletium.
549 1091 645 1132 ‚Quod
665 1100 730 1121 cum
754 1094 799 1120 ita
807 1087 932 1129 fac‘lum
952 1089 1040 1130 esset,
1067 1084 1168 1129 diviso
1188 1091 1222 1120 in

341 1147 451 1180 partes
476 1140 610 1180 Populo,
637 1137 849 1182 Episcoporum
871 1163 881 1179 ‚
920 1136 1131 1174 Monachorum
1152 1161 1163 1177 ‚
1190 1137 1224 1172 (ν

350 1188 591 1227 presbyterorum
606 1214 616 1230 ‚
643 1202 679 1228 ac
693 1190 874 1231 reliquorum
889 1190 1039 1225 Ordinum
1057 1188 1153 1227 major
1171 1197 1223 1218 nu-

345 1251 447 1275 merusv
463 1238 530 1283 sese
553 1240 598 1272 ad
620 1241 776 1273 Meletium
799 1240 970 1278 adJ'unxit;
991 1243 1084 1279 pauci
1104 1237 1224 1277 quidem

347 1287 563 1332 Epifi·oporum
585 1290 619 1321 Θ
642 1289 765 1321 aliorum
784 1286 858 1331 sunt
877 1289 1001 1321 Petrum
1018 1285 1123 1329 secuti.
1152 1288 1223 1329 ,Quo

346 1352 384 1372 ex
408 1348 538 1381 tempore
554 1347 660 1380 preces
683 1350 718 1372 ac
733 1336 904 1381 sacrificia,
932 1334 1113 1379 caeterasque
1124 1347 1222 1371 omnes

344 1396 526 1424 ceremonias
545 1386 684 1431 separati
704 1390 724 1420 ἃ
739 1386 805 1431 sese
828 1394 958 1421 invicem
981 1387 1130 1419 obierunt.
1157 1385 1223 1425 Post

346 1439 410 1472 haec
422 1442 531 1472 Petrus
548 1441 687 1476 Martyrio
695 1438 822 1479 affec‘lus
834 1437 873 1478 est
884 1463 894 1479 ‚
923 1438 1094 1474 Alexandro
1111 1434 1224 1480 succes-

341 1488 408 1533 sore
418 1489 527 1523 relic‘lo.
555 1492 610 1522 Hic
624 1494 704 1523 enim
710 1487 773 1530 post
785 1490 910 1521 Petrum
930 1488 1149 1520 Alexandrinae
1161 1491 1224 1521 Ec-

343 1538 433 1581 'clefiae
447 1538 670 1582 estpraepofitus
684 1551 690 1571 :
719 1539 859 1571 Meletius
872 1541 947 1572 verb
958 1548 1023 1571 cum
1036 1538 1108 1571 aliis
1113 1536 1222 1581 pleris-

345 1602 404 1632 que
425 1591 575 1634 relegatus
588 1614 599 1630 ‚
625 1591 660 1625 (2-
676 1590 731 1624 ad
749 1587 893 1630 Phanefia
911 1588 1035 1624 metalla
1054 1589 1220 1622 damnatus

346 1640 393 1679 est.
422 1639 488 1679 Post
508 1640 587 1675 illud
603 1648 723 1682 tempus
747 1640 887 1672 Meletius
911 1651 976 1673 cum
998 1637 1134 1672 omnibus
1159 1639 1220 1672 illis

346 1690 566 1733 confessoribus
581 1714 591 1730 ,
618 1697 671 1733 qui
700 1689 792 1723 trae‘li
814 1691 850 1724 la·
869 1689 994 1732 abrepti
1006 1688 1137 1731 fuerant
1156 1699 1221 1722 cum

345 1753 396 1782 eo,
424 1750 488 1775 tam
507 1748 539 1773 in
559 1753 677 1776 carcere
694 1742 826 1783 quamin
839 1746 972 1781 itinere,
1000 1741 1034 1773 (⁴5
1052 1749 1220 1782 quamcum-

345 1803 404 1832 que
430 1797 578 1834 regionem
601 1793 646 1824 ad
666 1793 758 1825 locum
772 1799 989 1836 peragraret,
1015 1789 1056 1823 ibi
1070 1791 1196 1823 Clericos
1209 1814 1219 1830 ‚

343 1839 509 1888 Episcopos
523 1867 533 1882 ‚
560 1842 776 1882 Presbyteros‚
803 1844 838 1876 &
855 1845 999 1878 Di'aconos
1010 1838 1160 1879 instituit,
1186 1840 1220 1874 6·

336 1897 490 1932 privatas
501 1889 647 1935 Ecclefias
650 1891 827 1932 fundavit
838 1881 903 1924 cuni
915 1896 1039 1924 interim
1050 1900 1103 1923 nec
1112 1887 1144 1920 hi
1153 1899 1219 1921 cum

342 1941 428 1981 illis,
441 1952 493 1974 nec
502 1943 548 1974 illi
560 1952 625 1974 cum
635 1939 684 1973 bis
697 1951 846 1975 commune
858 1939 1138 1983 aliquidbaberent.
1149 1940 1221 1970 Por-

341 1994 374 2026 νό
381 1989 407 2033 s
401 2004 472 2024 uam
484 1990 608 2034 quisque
619 1989 777 2032 Bes-leſsam
789 1990 915 2032 diverfis
926 1989 1091 2023 nominibus
1118 1986 1219 2029 inscri-

344 2041 457 2083 bebat.·'
466 2045 555 2073 Nam
565 2043 649 2073 Petri
656 2038 682 2083 s
675 2041 827 2082 ucceffores
833 2047 928 2081 penes
940 2051 1013 2082 quos
1032 2046 1121 2071 erant
1140 2037 1219 2069 vete-

341 2102 392 2129 res
418 2090 554 2132 Ecclestae
576 2115 586 2130 ,
613 2088 774 2126 Catholicae
797 2089 932 2132 Ecclefiae
956 2089 1076 2122 titulum
1096 2085 1219 2129 usurpa-

343 2140 417 2173 bant
431 2153 439 2182 ·,
466 2142 621 2175 Meletiani
632 2143 663 2172 E
665 2139 761 2182 cclefia
771 2143 944 2179 Martyrum.
972 2143 1067 2182 Igitur
1077 2140 1108 2168 E
1110 2135 1217 2170 leuthe-

343 2192 467 2233 ropolim
479 2216 489 2232 ‚
517 2194 633 2226 Gazam
644 2215 654 2231 ‚
665 2192 699 2224 (5·
712 2189 995 2232 AEliamprofeclus
1007 2189 1144 2222 Meletius
1154 2189 1205 2228 ple

341 2239 444 2287 rosque
455 2243 571 2275 adeum
592 2242 711 2274 modum
733 2242 898 2282 ordinavit.
929 2241 1102 2281 deciditque
1121 2247 1156 2271 ut
1177 2238 1220 2269 ad

344 2292 472 2324 Metalla
481 2292 596 2325 dlutius
609 2293 802 2325 detineretur.
831 2293 852 2324 5
853 2293 892 2323 ed
901 2290 989 2323 abiis
1002 2289 1127 2323 tandem
1140 2291 1213 2323 Gon-

335 2341 462 2385 fessores
473 2342 592 2376 liberati
598 2340 672 2385 sunt
685 2366 695 2382 ,
721 2351 785 2374 tam
797 2347 848 2384 qui
861 2344 951 2373 Petro
956 2338 1114 2381 favebant.
1140 2339 1216 2381 (ad—

341 2391 401 2428 'huc
412 2398 491 2426 enim
512 2394 676 2434 complures
694 2401 783 2425 erant
806 2393 817 2433 )
843 2403 936 2434 quam
955 2392 1124 2424 Meletiani.
1152 2389 1217 2431 ,Qui

344 2443 465 2486 quidem
482 2448 515 2474 in
536 2443 665 2476 metallis
690 2445 709 2474 ἃ
730 2452 835 2475 mutua
858 2446 1069 2476 Communione
1092 2437 1216 2479 abstine-

343 2491 421 2525 bant,
432 2516 443 2531 ‚
454 2503 488 2526 ac
499 2504 535 2526 ne
541 2492 631 2533 fimul
642 2493 763 2533 quidem
770 2491 911 2524 orabant.
934 2493 1072 2525 Meletius
1085 2493 1156 2524 vero
1167 2490 1218 2522 diu

340 2541 439 2583 postea
442 2540 592 2583 superstes
600 2541 666 2583 fuit
683 2565 692 2580 ,
709 2543 791 2574 adeo
804 2551 837 2573 ut
844 2553 908 2574 cum
921 2542 1091 2575 Alexandro
1104 2551 1216 2582 quoque

346 2595 433 2624 Petri
455 2591 606 2635 succeffore
628 2592 760 2631 floruerit
788 2615 799 2630 ,
835 2593 869 2624 (ν’
888 2590 1138 2631 familiaritatem
1164 2589 1215 2621 ha-

344 2641 448 2675 buerit.
489 2645 679 2683 Praecipuam
694 2643 784 2682 porro
807 2641 942 2683 Ecclefiae
964 2654 999 2675 ac
1021 2641 1095 2682 fidei
1113 2651 1215 2673 curam

339 2692 427 2734 geffit.
456 2696 565 2736 Nam,
592 2701 626 2724 ut
631 2689 718 2734 saepe
737 2692 828 2732 dixi,
856 2691 934 2725 nihil
955 2691 993 2724 ab
1016 2702 1052 2723 ea
1063 2688 1216 2733 diversum

343 2751 396 2774 aut
419 2742 551 2778 alienum
570 2743 675 2775 docuit.
713 2740 823 2776 Addit
843 2741 949 2784 ipsum
969 2741 1062 2775 fuiffe
1072 2741 1214 2783 primum

342 2792 481 2826 errantis
493 2790 568 2834 Arii
580 2792 812 2828 accusatorem.
832 2790 943 2825 Etiam
958 2791 990 2824 in
1006 2790 1092 2824 libro
1105 2790 1215 2825 Anco-

344 2852 416 2875 κιο
427 2842 542 2876 eadem
567 2842 758 2877 confirmat:
788 2843 946 2875 Meletiani
966 2840 1000 2873 ob
1011 2853 1058 2874 eos
1072 2865 1082 2880 ‚
1109 2848 1160 2883 qui
1184 2847 1218 2875 in.

339 2888 539 2932 persecutione
552 2891 645 2933 lapsi,
671 2893 704 2927 <u
715 2893 735 2922 ἢ
749 2891 849 2932 nostris
863 2897 894 2924 in
911 2889 1000 2934 suum
1012 2892 1159 2924 Ordinem
1181 2902 1216 2923 ac

339 2937 455 2980 statum
467 2941 596 2980 fuerant
620 2948 728 2982 recepti
743 2941 806 2983 post
822 2946 1033 2983 poenitentiam
1046 2967 1056 2982 ‚
1078 2940 1113 2985 se
1139 2939 1215 2984 ipfhs

346 2987 521 3030 avulserant
545 3014 555 3030 ,
594 3002 686 3033 neque
710 3001 814 3028 tamen,
834 2998 870 3027 in
886 2990 1037 3028 haereticis
1045 2989 1214 3033 verfizntur.

346 3039 500 3076 Sanstum
510 3039 734 3074 Patriarcham
745 3041 879 3077 Petrum
886 3043 1018 3078 accusat
1024 3041 1065 3076 de
1077 3040 1214 3078 duobus.

345 3088 483 3128 Primo,
511 3088 602 3131 quod
613 3089 719 3131 lapsos
732 3092 915 3135 Epist-‚opos
926 3092 959 3127 &
983 3091 1130 3126 Clericos
1144 3103 1214 3125 non

346 3138 519 3171 dumtaxat
533 3138 568 3171 in
584 3137 892 3182 communionem,
918 3141 1086 3176 sedetiam
1096 3142 1134 3178 in
1145 3152 1215 3186 gra-

348 3187 430 3221 dum
443 3187 611 3221 admiserit
622 3211 633 3226 ,
659 3198 759 3231 atque
771 3192 816 3224 ita
827 3192 1052 3235 praevaricatus
1073 3192 1109 3225 fit
1124 3190 1217 3234 Apo-

346 3237 503 3271 stolicum
515 3237 702 3272 Canonem.
732 3238 882 3274 Secundo
897 3266 906 3281 ‚
920 3242 1011 3285 quod
1023 3241 1130 3285 lapsos
1142 3241 1216 3281 Lai-

349 3298 406 3327 cos
423 3285 767 3329 nirnis'praecipitanter
778 3300 814 3322 ac
838 3290 1050 3336 indulgenter
1072 3290 1216 3326 reconci-

350 3336 460 3375 linit,
487 3337 646 3378 atqueita
658 3336 830 3371 violaverit
854 3339 1011 3376 Canones
1033 3342 1176 3377 sancitos
1197 3340 1215 3373 ὲ

348 3386 464 3423 fausto
472 3386 645 3428 Cypriane>
659 3385 691 3418 ὃ(
705 3386 860 3421 Romana
872 3387 1027 3427 Ecclesia.

397 3435 484 3483 Qa:
500 3435 614 3468 omnia
638 3434 726 3467 unde
750 3436 959 3493 Epiphanius
979 3438 1145 3481 hauserit,
1171 3441 1215 3475 est

346 3496 518 3535 ignotum.
543 3483 648 3533 Haud
660 3483 759 3519 dubie
782 3482 888 3521 haufit
910 3487 1051 3523 nimium
1063 3490 1216 3526 credulus

213 2866 287 2902 Cap.
294 2875 303 2893 i
310 2876 328 2899 4

1292 194 1332 216 ex
1351 185 1474 229 scriptis
1495 186 1695 224 Meletiania
1725 187 1858 222 Etenim
1878 189 1913 222 in
1931 187 2074 222 secunda
2100 188 2156 223 suu

1293 231 1458 280 Apologia
1469 235 1569 280 longe
1580 236 1672 275 aliud
1682 237 1794 272 scribit
1807 240 1932 272 sanstus
1944 236 2154 272 Athanafius:

1292 285 1400 317 Petrus
1408 288 1494 327 apud
1501 295 1556 317 nos*
1566 295 1637 318 ante
1642 285 1873 329 persecutionem
1882 286 2047 331 Episcopus
2056 313 2065 328 ,
2078 289 2113 322 Θ
2124 294 2157 321 in

1286 331 1481 376 persecutione
1500 338 1615 374 Martyr
1635 336 1804 371 declaratus
1824 363 1834 378 ‚
1861 340 2014 373 Meletium
2035 336 2158 380 Episco-
2183 367 2185 372 .

1285 390 1360 426 pum
1371 386 1497 429 AEgypti
1507 390 1691 423 nominatum
1702 410 1713 426 ‚
1738 389 1840 422 multis
1851 388 2017 422 conviblum
2028 393 2161 422 crimini-

1290 431 1344 474 bus
1355 455 1367 472 ,
1391 435 1588 479 &inprimis
1602 436 1682 478 quod
1691 436 1782 472 Idolis
1797 436 2008 481 sacrificaffltt‚
2033 444 2067 471 in
2084 450 2157 471 com-

1289 490 1372 516 muni
1384 484 1596 529 Episcoporum
1605 486 1713 524 synodo
1724 485 1866 529 deposuit.
1896 489 2035 522 Meletius
2058 497 2163 521 autem

1288 544 1346 565 non
1356 535 1401 566 ad
1408 536 1500 569 aliam
1509 537 1654 576 Synodum
1661 535 1794 579 confugit
1805 559 1816 575 ‚
1841 549 1935 579 neque
1947 550 2045 571 eorum
2049 537 2165 582 succes

1282 580 1309 624 s
1303 583 1404 616 oribus
1408 583 1444 627 se
1448 584 1565 625 studuit
1574 594 1730 629 purgare,
1753 584 1814 628 sed
1820 586 1953 629 Schisma
1959 588 2039 628 fecit
2047 613 2058 629 ‚
2085 590 2166 622 adea

1287 641 1319 664 ut
1329 633 1579 678 illiusseoffatores
1590 643 1683 669 etiam
1706 647 1783 669 nunc
1798 643 1857 677 pro
1875 635 2054 676 Christianis
2076 641 2168 672 Mese-

1287 690 1365 716 tiani
1376 691 1553 719 vocitentur.
1580 688 1697 727 cham
1710 695 1774 718 tum
1794 691 1828 718 in
1852 684 2014 727 Episcopo:
2032 694 2166 724 convitia

1288 734 1384 768 dicere
1399 741 1538 777 incaepit:
1566 739 1595 768 E
1598 745 1612 769 t
1616 739 1717 778 primo
1727 738 1852 770 Petrum
1862 760 1873 775 ‚
1903 736 2012 769 deinde
2023 738 2089 778 qius
2101 736 2168 780 suc-

1286 783 1412 825 cefforem
1423 785 1568 819 Achillam
1577 810 1588 826 ,
1614 787 1649 826 (α
1664 785 1728 828 post
1750 785 1898 821 Achillam
1914 786 2105 819 columnatus
2127 785 2173 827 est'

1287 834 1500 873 Alexandrum.
1526 837 1622 879 quue
1633 849 1743 881 magna
1755 848 1823 870 cum
1842 836 2021 870 calliditate.
2050 838 2167 870 Exem-

1282 884 1367 924 plum
1377 884 1416 917 ab
1428 885 1569 930 absalone
1580 896 1738 921 mutuatus
1751 912 1762 928 ,
1789 896 1824 919 ut
1839 887 1989 929 pudorem
2012 885 2167 928 Depofitio-

1287 940 1334 971 nis
1341 931 1409 976 suae
1417 937 1575 970 calumniis
1587 941 1788 971 Innocentium
1797 936 1995 980 ulcisceretur.
2021 937 2074 971 Ex
2095 938 2167 979 qui-

1287 984 1345 1021 bus
1355 984 1460 1020 verbis
1471 986 1632 1027 habemus
1653 988 1756 1032 plura.
1783 987 1899 1022 Primo
1911 1011 1922 1027 ,
1947 986 2038 1032 quod
2052 988 2166 1022 sansto

1285 1033 1385 1068 Petro
1397 1046 1468 1069 non
1483 1035 1694 1080 Alexander,
1720 1037 1774 1074 sed
1788 1037 1939 1072 Achillas
1958 1039 1996 1071 in
2018 1036 2168 1074 Alexan.-

1287 1084 1419 1118 drinum
1455 1084 1720 1122 patriarchatum
1748 1088 1942 1126 immediate
1970 1088 2165 1123 successerit.

1289 1135 1343 1168 Est
1354 1147 1404 1170 res
1417 1144 1504 1169 certa
1517 1159 1527 1175 ,
1554 1135 1706 1178 adeoque
1717 1138 1843 1175 sanstus
1867 1137 2078 1182 Epiphanius
2099 1139 2168 1172 ma-

1288 1185 1400 1219 nifeste
1412 1185 1468 1221 hic
1481 1185 1612 1220 labitur.
1641 1186 1755 1220 Etiam
1766 1188 1860 1231 supra
1871 1188 1907 1221 in
1921 1187 2168 1223 Alexandrino-

1286 1247 1356 1270 rum
1367 1234 1627 1270 patriarcharum
1641 1236 1837 1271 succeffione
1848 1237 1893 1273 cst
1908 1236 2014 1280 lapsus
2024 1260 2035 1276 ,
2054 1236 2169 1272 dicens

1287 1288 1395 1321 fausto
1407 1284 1604 1319 Alexandro
1614 1297 1683 1319 non
1695 1287 1841 1323 sanctum
1866 1285 2087 1322 Athanasium
2099 1288 2179 1323 suc-,

1285 1337 1401 1371 ceffiffe
1413 1360 1424 1376 ‚
1451 1335 1506 1373 sed
1517 1334 1708 1369 Theonam.
1736 1335 1888 1372 Secundo
1912 1347 1954 1370 ex
1979 1336 2049 1371 istis
2061 1338 2168 1372 verbis

1284 1387 1450 1427 discimus,
1461 1385 1551 1430 quod
1563 1387 1661 1420 sancti
1676 1385 1763 1421 Petri
1777 1387 1810 1419 in
1826 1385 2007 1420 Meletium
2020 1388 2168 1430 quaestio·

1286 1449 1340 1474 nes
1353 1462 1363 1478 ,
1388 1435 1527 1478 &hujus
1538 1437 1570 1474 in
1585 1437 1683 1470 illum
1695 1437 1832 1471 rebellio
1846 1448 1914 1470 non
1937 1447 1978 1469 ex
1999 1437 2105 1472 nimia
2128 1440 2166 1471 in

1286 1489 1409 1532 Lapsos
1420 1486 1577 1523 facilitate
1585 1488 1739 1522 duxerint
1762 1487 1928 1531 originem
1943 1509 1953 1525 ,
1981 1486 2036 1522 sed
2056 1499 2099 1522 ex
2110 1498 2168 1522 va-

1285 1539 1340 1573 riis
1350 1537 1481 1572 Meletii
1493 1536 1695 1575 facinoribus
1707 1561 1718 1578 ‚
1744 1538 1776 1571 &
1789 1538 1863 1582 ipfiS
1876 1535 2000 1573 inflicta
2013 1537 2166 1581 synoda-

1284 1588 1308 1622 li
1321 1588 1579 1644 Degradatione.
1606 1589 1694 1623 Inter
1713 1599 1783 1632 quae
1804 1586 1945 1622 crimina
1965 1587 2165 1632 praecipuum

1284 1640 1366 1672 fuit
1358 1650 1392 1671 m
1406 1638 1635 1682 persecutione
1645 1639 1793 1682 Lapsus·
1824 1638 1868 1672 Et
1890 1637 2025 1681 quidem
2047 1638 2165 1682 plenus

1285 1691 1339 1734 usq
1346 1700 1385 1723 ue
1396 1689 1438 1723 ad
1448 1688 1759 1724 Thurificationem

1335 1739 1460 1774 Eadem
1470 1738 1511 1773 de
1521 1751 1555 1773 re
1567 1739 1676 1773 scribit
1687 1741 1855 1774 Socrates.
1867 1742 2008 1774 Meletius
2019 1745 2161 1774 civitatis
2177 1732 2241 1766 I-ib
2276 1742 2302 1770 12

1283 1788 1456 1832 cuiusdam
1445 1801 1478 1822 m
1490 1792 1621 1832 AEgypto
1633 1788 1822 1832 Episcopus,
1829 1802 1850 1820 a
1863 1791 1955 1822 Petro
1967 1789 2162 1823 Alexandria
2177 1781 2244 1815 ⁶²9·-
2254 1780 2283 1814 3¹·

1281 1835 1447 1881 Episcopo,
1473 1843 1525 1880 qui
1535 1847 1679 1881 regnante
1701 1839 1881 1872 Diocletiano
1901 1849 2025 1872 mortem
2045 1838 2161 1873 obierat

1282 1894 1420 1927 martyrio
1435 1912 1446 1928 ‚
1471 1889 1535 1922 cum
1557 1889 1660 1921 multis
1682 1889 1752 1921 aliis
1763 1886 1899 1927 decaufis
1911 1911 1921 1926 ‚
1948 1889 2012 1920 ram
2026 1890 2161 1923 maxime

1282 1940 1362 1979 quod
1370 1946 1500 1980 tempore
1507 1935 1718 1980 persecutionis
1725 1938 1818 1980 fidem
1827 1936 1988 1978 inficiatus,
2001 1938 2093 1972 Idolis
2106 1945 2163 1972 m
2174 1940 2181 1943 i

1281 1989 1449 2020 molaverat
1460 2011 1471 2027 ,
1499 1984 1698 2029 Episcopatus
1710 1997 1830 2019 munere
1842 1986 2000 2020 abdicatus
2020 1987 2067 2028 est.

1280 2046 1344 2069 cum
1354 2037 1419 2080 esset
1428 2036 1586 2071 abdicatus
1597 2061 1608 2077 ,
1633 2033 1848 2079 compluresque
1870 2036 1995 2071 haberet
2004 2040 2056 2080 qui
2069 2037 2160 2081 ipstm

1280 2087 1360 2118 dillo
1371 2087 1458 2130 efflent
1472 2088 1627 2121 audientes
1640 2110 1651 2126 ‚
1677 2087 1722 2119 illi
1742 2092 1793 2128 qui
1811 2085 1850 2118 ab
1871 2087 1920 2120 illo
1929 2086 2020 2130 usque
2030 2095 2161 2131 tempore

1280 2138 1324 2169 ad
1333 2136 1505 2170 hodiernum
1516 2138 1596 2169 diem
1605 2143 1640 2168 in
1660 2139 1791 2180 AEgypto
1811 2137 1968 2170 Meletiant
1990 2140 2135 2172 vocantur
2145 2163 2158 2179 ‚
2197 2142 2199 2146 ’

1281 2190 1392 2220 Ducem
1414 2186 1530 2229 haerests
1542 2186 1577 2230 se
1588 2187 1732 2227 praebuit.
1758 2189 1806 2218 Et
1830 2197 1897 2222 cum
1914 2189 2029 2229 nullam
2042 2182 2161 2230 justamv
2176 2190 2179 2193 '

1279 2235 1494 2279 excusationem
1506 2247 1560 2270 aut
1583 2235 1704 2279 causam
1722 2235 1846 2278 adferre
1859 2239 1950 2280 posset
1961 2261 1972 2278 ‚
1998 2237 2092 2281 curse
2116 2239 2157 2272 ab

1280 2290 1308 2324 E
1311 2285 1420 2328 ccclesia
1424 2286 1585 2333 separafflet
1596 2311 1607 2327 ,
1633 2286 1723 2320 verbo
1734 2289 1938 2320 tantummodo
1947 2289 2113 2330 affirmavit
2115 2288 2157 2331 ffi-

1279 2337 1493 2381 bieffefac‘lam
1506 2340 1673 2381 injuriam,
1700 2339 1879 2382 Petrumque
1899 2338 2065 2373 maledictis
2086 2339 2158 2383 fige-

1278 2397 1310 2419 re
1322 2411 1332 2427 ,
1357 2389 1391 2422 <⁶5
1409 2394 1549 2422 convitiis
1569 2389 1699 2421 lacerare
1719 2392 1816 2429 caepit.
1854 2391 1964 2430 Verum
1982 2397 2018 2421 ut
2022 2390 2157 2430 primum

1280 2438 1388 2482 Petrus
1394 2447 1451 2481 per
1462 2444 1634 2478 martyrium
1644 2462 1657 2482 2
1676 2435 1877 2481 persecutione
1882 2436 2032 2481 saeviente
2043 2463 2054 2479 ‚
2079 2439 2158 2472 mor-4

1277 2496 1336 2520 tem
1345 2497 1509 2531 oppetierat
1521 2514 1531 2530 ‚
1551 2488 1665 2530 probra
1672 2487 1730 2532 fica
1742 2489 1776 2521 (9·
1797 2488 1988 2521 contumelias
2011 2494 2044 2521 in
2063 2486 2162 2525 Achihv

1278 2537 1349 2579 lam,
1361 2546 1412 2582 qui
1424 2543 1513 2574 Petro
1521 2546 1554 2572 in
1566 2540 1650 2572 illum
1656 2536 1869 2581 Episcopatum
1876 2537 2063 2581 succedebat,
2074 2548 2157 2572 tran-

1270 2587 1363 2627 stulit.
1390 2593 1431 2623 Ac
1436 2589 1536 2632 postea
1546 2591 1641 2622 denuo
1662 2595 1695 2621 in
1717 2589 1923 2621 Alexandrum
1933 2614 1943 2629 ‚
1972 2595 2023 2631 qui
2043 2599 2158 2623 mortue.

1280 2638 1394 2673 Achilla
1404 2652 1469 2673 eum
1482 2642 1642 2683 dignitatis
1650 2639 1782 2682 gradum
1793 2637 1831 2678 est
1851 2640 1991 2680 adeptus..
2019 2644 2066 2681 Et
2085 2641 2158 2672 dum

1276 2687 1308 2721 hi,
1319 2694 1351 2720 in
1363 2691 1474 2730 diffidio
1487 2691 1521 2723 (5
1530 2688 1691 2732 diffenſsone
1704 2686 1903 2730 versabantur
1914 2714 1924 2729 ‚
1952 2694 2068 2723 interea
2079 2701 2159 2732 quae-
2172 2691 2176 2693 “

1270 2737 1326 2777 stio
1336 2740 1373 2772 de
1386 2744 1455 2772 Ario
1466 2739 1598 2773 habetur.
1627 2740 1766 2772 Meletius
1787 2750 1853 2771 cum
1857 2736 1924 2781 suis
1937 2743 2005 2772 Ario
2010 2740 2079 2782 futt'
2083 2738 2156 2783 sub-

1270 2787 1349 2829 fidio.
1387 2792 1452 2823 Una
1474 2801 1539 2824 cum
1549 2789 1611 2833 ipso
1632 2798 1736 2822 contra.
1762 2787 1941 2832 Episcopum
1960 2789 2156 2834 conspvavit.

1281 2838 1330 2871 Ex
1341 2851 1408 2882 quo
1420 2841 1509 2874 lucet
1521 2840 1602 2874 alter
1613 2851 1701 2873 error
1712 2863 1722 2878 ,
1733 2850 1801 2882 quo
1813 2840 1937 2872 sanstus
1948 2839 2153 2885 Epiphanius

1277 2888 1385 2923 asserit
1408 2891 1477 2924 Mel
1484 2891 1587 2925 etium
1605 2891 1698 2924 fuisse
1725 2891 1868 2933 primum
1895 2889 1968 2923 Arii
1988 2890 2153 2924 accusato-

1278 2951 1354 2973 rem.
1382 2941 1484 2987 Qod
1496 2943 1526 2975 S.
1539 2941 1656 2975 Petrus
1668 2939 1791 2983 Arium
1803 2941 1992 2975 Diaconum
2003 2941 2098 2974 suum
2105 2939 2152 2974 ob

1278 2989 1450 3032 praestitum
1461 2991 1603 3026 Meletio
1613 3004 1650 3026 ac
1667 2991 1735 3034 ejus
1753 2989 1926 3024 schismati
1949 2993 2094 3025 favorem
2118 2990 2151 3023 δε

1279 3041 1465 3076 fomentum
1476 3038 1816 3076 excommunicaverit
1828 3065 1838 3081 ‚
1850 3039 1947 3074 habet-
1959 3041 2154 3074 Romanum

1278 3091 1489 3127 Breviarium.
1539 3094 1626 3126 Rem
1646 3091 1790 3126 elucidat
1810 3090 1966 3124 Hermias
1987 3091 2152 3124 Zozome-

1277 3152 1337 3174 nus
1351 3154 1358 3173 ε
1388 3146 1475 3175 Arius
1500 3168 1510 3183 ,
1535 3144 1603 3176 licet
1622 3150 1708 3176 initio
1727 3143 1879 3174 videretur
1900 3139 2041 3173 doarinae
2064 3140 2150 3173 Chri-
2171 3128 2233 3161 Hb·
2253 3141 2278 3168 Ι·

1269 3190 1377 3230 stianae
1383 3191 1591 3236 per-studiosus
1602 3194 1654 3237 effe
1665 3218 1676 3233 ,
1689 3194 1803 3225 Meletio
1814 3200 1914 3224 tamen
1923 3201 1972 3222 res
1983 3202 2082 3223 novas
2095 3203 2154 3224 mo-

1276 3241 1428 3282 lientisuit
1440 3245 1620 3284 adiumento.
1648 3245 1743 3284 Cujus
1757 3249 1866 3283 partes
1889 3251 1954 3273 cum
1963 3239 2129 3284 deseruisset
2138 3267 2150 3283 ‚

1276 3292 1296 3322 ἃ
1319 3293 1408 3324 Petro
1429 3291 1573 3336 Epifiopo
1598 3293 1800 3327 Alexandrino
1822 3293 1969 3323 Diaconus
1994 3292 2154 3325 ordinatus
2170 3291 2172 3293 ’

1277 3340 1321 3381 est.
1350 3344 1396 3374 Et
1406 3341 1510 3385 rursus
1514 3351 1572 3385 per
1586 3339 1847 3381 eundem'Ecclefia
1856 3339 1966 3381 eieequs
1984 3364 1995 3380 ,
2021 3343 2152 3383 quanda,-

1277 3392 1395 3432 quidem
1405 3403 1469 3425 cum
1492 3395 1601 3426 Petrus
1625 3393 1736 3424 Meletii
1738 3390 1878 3432 fautores
1891 3390 2047 3435 abdicaffet
2072 3416 2083 3431 ‚
2121 3393 2159 3424 &-

1277 3442 1341 3479 eJ'us
1364 3440 1529 3485 Baptisma
1542 3441 1747 3484 improbasset,
1771 3440 1818 3473 hic
1828 3437 1916 3473 Arius
1928 3446 1962 3472 in
1972 3452 2020 3474 res
2032 3443 2052 3473 a
2063 3444 2157 3474 Petro

1273 3489 1368 3547 gestas
1384 3498 1527 3534 graviter
1548 3491 1683 3526 invecJus
1707 3489 1754 3541 est
1791 3489 1892 3524 Arius
1922 3490 2055 3534 quidem
2078 3501 2158 3524 cum

2065 3538 2159 3582 Petri

2170 3179 2234 3209 cap.
2254 3179 2299 3215 14.
2342 3166 2346 3171 ⁴
