2346 3776
44 3382 165 3421 Gregor-

46 3423 169 3462 Presbyt.

616 89 928 146 Seuotn-s,
965 104 1028 134 zr-
1065 101 1239 134 tio-rrs
1275 101 1627 144 utusrnxu

211 177 403 220 mpolttanus
425 170 716 216 Archi-Episcopus,
739 172 962 206 Alexandrinus
988 174 1099 214 Papa,

211 226 492 271 Hierosolymitaenus
514 221 786 266 Archi-Episcopus
808 246 819 263 ,
840 220 921 265 solus
945 224 1017 255 verb
1041 226 1101 256 An·

208 272 365 312 'tiochenus
379 276 504 320 propri?
524 271 693 316 idsortitus
714 273 752 314 est
765 270 950 306 Patriarcba
969 273 1082 306 audire-
1088 296 1100 313 ,

212 329 349 371 dicique.
375 330 423 360 Et
437 325 489 359 boc
499 327 566 357 Tua
576 323 744 364 Charitas,
768 322 797 365 fi
805 324 963 366 diligenter
979 328 1100 366 perqui-

207 377 312 422 βοτη,
337 380 476 414 inveniet
492 382 550 417 per
584 385 689 409 omnes
710 377 885 416 Scripturas
907 371 1098 413 confirmari.

212 417 463 462 idern'tradunt
484 418 585 460 Nilus
595 424 826 468 Doxopatrius
844 423 879 458 δε
897 420 1100 459 Theodorus
1127 428 1130 432 ’

212 477 391 512 Balsamon
403 501 411 510 .

211 537 286 566 mus
296 525 337 561 ab
347 526 466 561 eodem
479 524 667 560 Theodoro
676 550 683 557 .
707 529 732 558 A
739 522 857 567 fandis
873 523 1020 556 Patribus
1026 521 1100 566 san-

210 581 308 613 citum
318 576 356 616 est
370 601 381 616 ,
407 585 440 610 ut
460 587 503 610 eae
516 574 661 618 Dioeceses
677 598 688 614 ,
714 585 784 617 quae
795 576 906 607 multas
928 571 1040 607 habent
1051 584 1100 606 ur-

214 625 331 669 besficb
342 625 554 670 Episcoporum
561 625 777 672 gubernatione
788 623 959 665 constitutas
969 647 985 664 ,
1008 625 1029 656 ἂ
1042 626 1099 656 Me-

211 679 402 720 tropolitam's
420 675 667 715 administrentur
680 699 691 715 ,
716 686 789 718 quas
811 681 906 708 etiam
931 671 989 714 ipfi
1003 676 1100 706 Cano‘

211 739 266 761 nes
278 728 435 771 appellant
438 733 577 770 primos;
603 736 673 770 quae
694 726 766 759 verb
772 722 832 767 sub
850 722 887 768 se
909 734 967 756 non
987 722 1100 757 habent

211 778 302 814 urbes
320 779 442 822 aliquas
455 776 672 822 Episcoporum
690 779 830 824 regimini
849 772 991 821 ficbddtas
1005 797 1017 815 ‚
1045 776 1099 806 Ar-

439 475 535 524 Qid
556 474 636 510 vero
649 472 947 517 Archi-Episcopi;
976 470 1098 507 Audia-

723 986 1281 1068 QA-NON

1156 169 1375 215 chi-Episcopus
1396 169 1531 204 habeant
1542 171 1723 213 Pontifices.-
1749 182 1783 209 ut
1810 176 1968 218 inferiores
1990 178 2040 213 bae

1156 223 1276 264 quidem
1288 220 1351 263 sint
1374 221 1586 263 Metropolibus
1607 246 1618 262 ‚
1643 231 1679 254 at
1699 224 1933 267 Episcopattbus
1951 227 2041 272 supe-

1155 277 1247 305 riores
1270 297 1278 304 .
1313 269 1618 316 Archi-Episcopus
1642 272 1753 315 itaque
1778 276 1822 308 est
1846 277 2041 321 Metropoli-

1157 331 1238 356 tano
1263 322 1421 364 inferior,
1446 322 1558 356 nullos
1577 321 1678 356 habet
1699 322 1758 356 sub
1781 325 1812 356 se
1834 324 2040 369 Episcopos,

1157 372 1202 405 est
1213 371 1396 415 Episcopus
1405 372 1422 405 a
1436 372 1494 406 suo
1505 372 1723 416 Metropolim
1732 384 1900 416 exemptus
1914 399 1924 415 ‚
1949 378 2041 412 tertii

1156 421 1294 458 Ordinis
1320 421 1540 466 Metropolita
1566 423 1638 457 solo
1663 424 1802 459 nomine
1828 424 1862 458 &
1889 422 2042 469 honore,

1157 472 1310 515 qualem,
1336 471 1468 516 dempta
1491 473 1708 516 exemptione
1725 498 1736 514 ‚
1764 474 2043 518 Hierosolymita-

1160 534 1238 556 num
1260 522 1340 556 fecit
1367 522 1527 566 septimus
1546 523 1667 557 Canon
1690 524 1866 559 Nicaenus.
1895 525 1939 558 Et
1961 523 2043 560 hinc

1157 572 1297 615 Synodo
1318 573 1435 606 onavae
1455 569 1526 615 post
1539 572 1775 617 Metropolitas
1786 569 2044 619 Archi-Episco-

1157 622 1191 666 pi
1217 621 1423 657 subscribunt
1436 646 1443 653 .
1472 622 1549 658 Scio
1569 622 1638 658 haec
1660 623 1944 659 schismaticorum
1957 626 2043 668 prin-

1157 672 1242 715 cipia
1255 673 1318 707 effe
1330 679 1415 708 nova·
1428 671 1463 706 δε
1474 672 1560 707 varie
1570 673 1692 707 devia.-
1720 674 1893 709 Evincunt
1908 686 2018 709 tamen
2030 698 2043 716 ,

1157 721 1246 765 quod
1270 723 1403 766 praesens
1415 721 1539 756 Canon
1552 723 1933 767 Constantinopolitano
1955 723 2043 760 nihil

1157 771 1284 807 dederit
1293 798 1304 817 ‚
1331 772 1392 807 nisi
1404 772 1654 818 exemptionem
1664 773 1697 811 &
1707 772 1820 811 locum
1832 798 1840 806 .

1387 985 1530 1042 IV.

391 1134 430 1181 E
465 1132 664 1182 Maximo
696 1133 875 1199 Cynico
908 1127 1187 1197 ·Philosopho
1219 1165 1233 1190 ‚
1280 1143 1459 1196 propter
1503 1127 1913 1196 indisciplinationis
1959 1133 2052 1194 ejus

426 1201 667 1256 dostrinam
701 1237 715 1263 ,
762 1218 860 1268 quae
893 1199 1288 1267 Constantinopoli
1312 1215 1410 1248 orta
1444 1198 1505 1248 est
1538 1236 1553 1260 ,
1600 1199 1808 1248 statutum
1844 1199 1904 1248 est
1936 1237 1950 1261 ,
1998 1214 2050 1248 ut

427 1291 570 1341 neque
605 1273 822 1322 Maximus
857 1268 976 1320 fuiffe
1010 1286 1085 1319 aut
1130 1268 1210 1319 effe
1257 1271 1393 1319 etiam
1427 1285 1604 1338 putetur
1639 1269 1878 1338 Episcopus
1912 1305 1926 1330 ,
1974 1287 2054 1318 ne«

207 1361 299 1464 qu
343 1342 377 1396 fi
418 1346 498 1411 qui
545 1342 603 1392 ab
647 1360 701 1392 eo
735 1340 831 1390 sunt
877 1339 1067 1391 ordinati
1102 1376 1115 1400 ‚
1161 1341 1528 1408 qualemcumque
1576 1339 1758 1403 gradum
1805 1341 2051 1395 Clericatus

206 1433 240 1465 ο

256 1413 258 1416 ⁴
292 1417 442 1463 ineant
474 1450 489 1475 ‚
521 1411 725 1465 omnibus
760 1410 923 1466 scilicet
956 1447 970 1472 ,
1005 1428 1102 1478 quae
1136 1411 1253 1463 circa
1287 1428 1386 1464 eum
1420 1447 1434 1471 ‚
1482 1411 1554 1460 vel
1589 1410 1646 1462 ab
1679 1407 1742 1461 eo*
1767 1410 1885 1475 gesta

211 1487 261 1538 in
294 1486 466 1538 irritum
502 1484 716 1533 revocatis
728 1516 742 1530 .

384 1641 387 1645 ·
445 1632 474 1679 S
484 1632 527 1677 C
541 1630 586 1676 H
599 1631 646 1676 O
658 1630 695 1677 L
709 1629 786 1675 10
798 1629 849 1676 N
859 1662 873 1676 .

329 1773 472 1818 Aximus
490 1772 754 1818 ‚Philosophus
775 1773 926 1818 Cynicus
942 1798 954 1816 ‚
980 1786 1099 1820 genere

317 1861 329 1868 Α,
354 1824 624 1870 Alexandrinus,
647 1824 944 1867 Constantinopoli
956 1835 1011 1867 per
1022 1827 1100 1860 San-

211 1878 256 1912 ani
268 1876 425 1922 Gregorii
435 1875 540 1911 Nazia
546 1876 641 1915 nzeni
652 1873 869 1908 ministerium
880 1873 916 1909 in
929 1873 1098 1909 Christum

211 1926 375 1966 credidit,
401 1925 647 1969 baptizatusque
663 1948 675 1964 ,
700 1924 810 1967 inquit
833 1923 869 1956 in
890 1923 967 1958 dieti
990 1925 1098 1959 Saniii

212 1972 477 2020 vitaGregot-Ius
491 1974 685 2022 Presbyter,
705 1973 779 2016 fida
784 1978 914 2016 pietatis
932 1972 1031 2021 specte
1052 1981 1099 2008 ita

213 2024 400 2070 Episcopum
418 2031 498 2068 cepit
510 2050 522 2068 ,
548 2035 581 2059 ut
592 2026 697 2061 eadem
707 2035 772 2058 cum
783 2024 833 2058 tllo
852 2024 956 2065 domo,
983 2026 1101 2058 eadem-

213 2088 271 2121 que
281 2075 384 2120 mensa
404 2084 539 2121 uteretur
551 2100 563 2116 ,
587 2083 678 2118 atque
699 2072 756 2116 ipfi
760 2076 887 2123 quidvis
911 2075 963 2118 effe
973 2074 1097 2119 censere-

211 2136 284 2168 tur,
309 2126 446 2166 tandem
471 2126 504 2161 &
526 2126 562 2159 in
583 2123 816 2168 Presbyterum
833 2135 1006 2168 promotus
1019 2150 1027 2157 .
1055 2125 1100 2159 Et

210 2177 372 2220 quoniam
396 2177 415 2210 a
438 2175 545 2210 Lucio
567 2199 579 2216 ,
605 2173 747 2210 homine
770 2174 900 2209 Ariano
923 2199 934 2215 ‚
959 2174 1098 2210 Pseudo·

210 2227 378 2270 Episcopo
401 2224 655 2266 Alexandrino,
682 2225 715 2258 in
740 2220 949 2259 orthodoxos
973 2225 1097 2259 barbari

211 2276 313 2311 instar
322 2276 483 2321 grassante
494 2274 641 2320 quaedam
671 2275 778 2318 passus
788 2275 914 2317 fuerat,
940 2274 1100 2310 orthodo-

212 2339 259 2361 xo
284 2326 428 2369 ejusdem
465 2325 611 2359 civitatis
631 2325 797 2371 Episcopo
819 2323 918 2359 Petro
946 2351 957 2366 ‚
994 2327 1100 2362 Sanssti

212 2375 386 2412 Athanasii
398 2375 592 2418 successori,
618 2376 718 2410 etiam
739 2385 852 2420 gratus
879 2376 963 2410 fuit.
993 2374 1099 2411 Addit

212 2426 363 2462 laudatus
375 2425 552 2469 Presbyter
562 2426 708 2459 alienum
722 2425 814 2459 fuiffe
835 2423 876 2458 ab
889 2425 1098 2462 Antisthenis

215 2476 387 2520 dogmate.
419 2475 571 2518 Exponit
593 2474 732 2518 Jacobus
754 2475 873 2508 Billius
895 2476 928 2509 in
942 2475 1098 2511 scholiis.-

215 2530 316 2564 cym'n
327 2550 337 2565 ,
366 2523 433 2565 teste
445 2528 569 2558 Laertio
581 2548 591 2564 ,
618 2524 915 2567 Antisthenemfitblae
928 2524 994 2569 suae
1008 2530 1099 2560 Prin-

214 2581 308 2617 cipem
319 2574 488 2608 babuerunt
502 2599 510 2607 .
538 2575 655 2607 Htcum
673 2581 819 2617 pecunias
847 2576 882 2609 (θ’
905 2583 1024 2610 ventris
1049 2589 1097 2610 vo-

216 2627 349 2667 luptates
370 2622 628 2667 adspernarentur
647 2650 657 2666 ‚
684 2635 776 2667 atque
798 2636 836 2661 ex
860 2625 990 2666 instituto
1006 2629 1099 2669 parce³

215 2676 378 2710 admodum
388 2681 532 2711 viverent
545 2699 555 2715 ‚
582 2674 661 2709 nibil
670 2676 731 2708 tale
743 2678 900 2709 Maximus
913 2678 962 2710 ille
971 2677 1092 2721 agebati
1118 2688 1121 2690 ·

217 2726 270 2758 Ex
291 2725 360 2759 Dei
370 2725 492 2760 ventris
511 2736 624 2759 amore
637 2725 670 2759 in
684 2725 801 2769 Judam
823 2725 929 2760 versus
941 2728 1095 2772 magistro

218 2774 493 2818 insidiaricoepit‚
518 2775 552 2814 ἀ
565 2787 620 2818 per
642 2776 781 2810 fimivos
797 2787 952 2812 nummos
974 2777 1097 2813 licitare

217 2825 284 2868 ejus
308 2825 541 2867 Episcopatum
565 2850 572 2856 .
599 2825 733 2860 Petrum
758 2825 1021 2861 Alexandrinum
1044 2852 1054 2867 ‚
1079 2828 1096 2861 ὲ

218 2887 286 2918 quo
297 2884 406 2911 tamen
419 2875 453 2908 in
466 2874 548 2909 Sede·
560 2874 931 2918 Constantinopolitana
953 2877 1099 2911 firmatus

219 2925 452 2963 Nazianzenus
465 2949 476 2970 ,
502 2924 630 2962 seduxit
643 2926 677 2961 in
692 2934 837 2963 mentem
852 2926 950 2960 aliam
962 2951 972 2967 ‚
1000 2937 1097 2971 atque

220 2976 266 3010 ita
279 2987 333 3019 per
355 2986 434 3008 auro
445 2985 616 3019 corruptos
627 3000 638 3015 ,
665 2975 722 3018 qui
735 2974 941 3020 AEgyptium
955 2978 1096 3012 frumen-

217 3035 292 3063 tum
302 3024 498 3059 advexerant
514 3049 524 3068 ‚
551 3024 618 3068 ejus
632 3024 813 3068 Episcopus
833 3027 1035 3062 clandestine
1061 3029 1095 3062 in

218 3075 324 3109 domo
343 3075 472 3110 Scenici
497 3073 669 3111 Choraulae
703 3075 885 3120 Episcopus
905 3077 1097 3119 ordinatus,

219 3136 355 3159 omnem
366 3125 541 3159 Orientem
563 3124 715 3170 implevit
725 3125 884 3160 scandalis
908 3127 942 3164 ὃς
963 3138 1097 3163 conten-

221 3174 386 3210 tionibus.

240 3269 243 3274 (
271 3225 405 3261 Etenim
417 3225 435 3259 a
445 3224 571 3261 civibus
581 3224 962 3270 Constantinopolitanis
971 3226 1097 3270 ejectus,

218 3274 488 3315 &aTheodofio
502 3274 673 3320 Augusto,
699 3288 755 3320 per
777 3287 874 3320 quem
895 3276 1013 3310 firmari
1039 3277 1095 3311 fibi

219 3323 455 3368 Episcopatum
468 3325 644 3370 postularat
657 3350 667 3366 ,
695 3325 920 3372 ignominiose
932 3327 1075 3370 repulsus
1087 3353 1096 3368 ‚

221 3375 437 3409 Alexandriam
459 3382 535 3410 navt
554 3381 647 3418 petiit
671 3402 682 3419 ‚
706 3379 827 3419 cumque
847 3375 956 3419 eisdem
982 3377 1096 3411 technis

220 3422 365 3467 quosdam
387 3427 469 3459 Petri
493 3426 671 3468 famih'ares
694 3439 766 3461 auro
781 3427 948 3470 pellextffet-
962 3450 973 3467 ,
1000 3426 1096 3468 ipsum

219 3479 333 3519 quoque
338 3480 412 3518 pari
423 3476 614 3519 improbitate
624 3479 797 3527 aggreditur
806 3502 814 3511 .
845 3480 902 3512 Aut
912 3482 991 3511 enim
1002 3476 1076 3510 mibi
1086 3503 1095 3518 ‚
1139 3521 1144 3546 Ι
1160 3474 1259 3510 hodie
1271 3476 1383 3520 passim
1398 3477 1499 3512 servat
1512 3476 1707 3524 Apostolica
1722 3476 1819 3513 Sedes
1833 3502 1838 3508 .

1918 1409 2015 1461 sunt
2036 1446 2051 1473 ,

1150 1632 1259 1669 vinquit
1274 1650 1285 1666 ‚
1313 1629 1465 1668 Principis
1477 1631 1614 1660 civitatis
1626 1625 1843 1669 Episcopatum
1855 1625 1945 1670 affere
1955 1650 1966 1667 ‚
1991 1633 2049 1659 aut

1120 1693 1123 1696 ⁴
1161 1679 1181 1709 ἂ
1201 1685 1251 1710 tuo
1263 1687 1321 1708 non
1334 1675 1481 1716 abstinebo
1492 1701 1499 1708 .
1527 1679 1558 1712 Ε
1561 1685 1574 1708 t
1597 1678 1718 1720 quidem
1738 1682 1771 1710 in
1780 1674 1974 1719 perspicuum
1984 1688 2048 1708 ma-

1158 1727 1221 1759 lum
1233 1728 1337 1759 audax
1348 1725 1475 1759 hominis
1482 1725 1611 1767 facinus
1622 1725 1740 1769 defitffi’t
1754 1752 1764 1768 ,
1788 1725 1845 1769 ntfi
1852 1726 2050 1759 Alexandria·

1162 1775 1329 1818 Praefhetus
1342 1801 1352 1816 ,
1372 1774 1531 1819 seditionis
1559 1778 1593 1811 ὦ·
1607 1778 1734 1812 caedium
1745 1786 1825 1811 metu
1837 1800 1848 1817 ‚
1874 1779 2047 1809 Maximum

1159 1826 1230 1859 urbe
1247 1826 1442 1870 exturbasset.

1210 1875 1367 1910 Tandem
1380 1876 1421 1909 ad
1434 1875 1635 1919 Apollinarii
1647 1875 1786 1910 haerefim
1811 1875 1959 1920 delapsus
1981 1887 2048 1910 me·-

1160 1925 1224 1960 ruit
1236 1924 1324 1959 hunc
1336 1926 1534 1967 Canonem,
1560 1937 1626 1972 quo
1638 1925 1779 1960 stabilita
1805 1926 2048 1961 &confirmata

1160 1975 1400 2020 antiquissima,
1428 1975 1514 2009 haud
1526 1976 1626 2010 dubie
1654 1976 1694 2010 ab
1707 1976 1878 2018 Apostolis
1903 1986 1959 2010 aut
1973 1988 2048 2021 pro-

1159 2026 1258 2060 ximis
1283 2037 1398 2061 eorum
1422 2026 1807 2067 succefforibustradita,
1834 2027 1940 2060 forma
1963 2026 2049 2069 judi-

1159 2076 1257 2110 candi
1281 2076 1322 2111 de
1334 2076 1506 2119 Episcopis
1531 2077 1564 2111 ὅ(
1586 2076 1724 2110 Clericis
1753 2088 1806 2120 per
1827 2077 2021 2113 violentiam
2037 2101 2049 2116 ‚

1159 2126 1333 2160 simoniam
1346 2151 1356 2166 ,
1383 2136 1439 2160 aut
1451 2127 1550 2159 aliam
1562 2127 1713 2169 quamvis
1730 2126 1923 2168 pravitatem
1945 2127 2049 2159 intru-

1159 2176 1197 2210 fis
1210 2201 1217 2213 ‚
1246 2176 1396 2210 Eandem
1408 2176 1530 2220 quippe
1544 2177 1740 2211 sententiam
1756 2202 1766 2217 ‚
1793 2177 1841 2210 uti
1859 2178 1950 2220 supra
1961 2176 2049 2211 dixit

1158 2226 1294 2261 sanstus
1305 2225 1504 2260 Athanasius
1516 2252 1526 2267 ,
1553 2227 1585 2259 in
1600 2226 1800 2272 Gregorium
1814 2226 2049 2261 Alexandrina

1159 2276 1307 2310 Ecclefiae
1320 2277 1479 2310 intrusum
1490 2302 1501 2319 ‚
1530 2277 1563 2310 &
1575 2276 1615 2311 ab
1627 2277 1696 2320 ipso
1710 2277 1882 2310 ordinatos
1899 2277 2047 2310 clericos

1159 2326 1235 2364 tulit
1261 2326 1416 2370 Synodus
1428 2327 1643 2367 Sardicenfis‚
1671 2328 1704 2360 in
1728 2326 1871 2370 ejusdem
1896 2327 2047 2361 Ecclefiae

1167 2377 1414 2422 sanguinarium
1425 2378 1629 2420 pervasorem
1643 2376 1868 2412 Timotheum
1884 2377 2047 2413 AElurum

1166 2427 1299 2463 Sanetus
1324 2427 1395 2460 Leo
1419 2427 1576 2462 Pontifex
1590 2452 1600 2468 ,
1626 2428 1794 2471 totiusque
1807 2428 1955 2463 Orientis
1971 2427 2049 2470 Epi-

1165 2477 1277 2520 scopi,
1303 2478 1320 2511 ὲ
1341 2477 1457 2511 Leone
1479 2478 1630 2523 Augusto
1642 2478 1808 2517 consulti,
1835 2478 1869 2513 in
1891 2478 1959 2519 ejus
1980 2479 2048 2512 suc-

1162 2527 1318 2564 cessorem
1345 2527 1480 2563 Petrum
1509 2528 1655 2572 Mogum
1679 2527 1867 2571 Simplicius
1892 2528 1925 2560 &
1951 2528 2047 2561 Felix

1161 2577 1275 2611 tertius
1287 2578 1490 2618 Pontifices,
1519 2577 1607 2610 nulla
1623 2577 1928 2625 Zenonis—Augusti
1951 2588 2047 2621 prece

1161 2627 1300 2661 mobiles
1327 2651 1337 2669 ,
1375 2627 1598 2671 malentesque
1632 2628 1699 2671 pati
1725 2628 1905 2661 miserabile
1941 2628 2047 2660 totius

1160 2678 1309 2712 Orientis
1322 2675 1458 2711 schisma
1478 2676 1682 2715 Acacianum
1696 2703 1704 2717 ‚
1732 2678 1830 2720 quum
1851 2677 1943 2710 istius
1968 2677 2045 2720 Epi-

1163 2728 1329 2769 scopatum
1357 2738 1414 2761 aut
1437 2727 1614 2761 Clerlcales
1634 2727 1860 2763 ordinationes
1875 2751 1882 2758 .
1911 2727 1954 2760 Et
1976 2727 2046 2769 jure

1161 2777 1300 2811 merito.
1329 2777 1709 2821 Episcopienimintrusi
1721 2778 1795 2810 sunt
1811 2776 1972 2817 adulteri,
1999 2789 2045 2810 ra-

1161 2838 1270 2870 ptores
1284 2851 1293 2867 ,
1320 2827 1487 2868 latrones,
1513 2827 1560 2860 uti
1572 2828 1612 2860 de
1623 2826 1747 2860 Photio
1763 2826 2046 2870 Constantinopo-

1161 2878 1291 2917 litano,
1319 2878 1353 2910 in
1376 2888 1472 2920 quem
1494 2877 1667 2913 voluerunt
1693 2877 1806 2910 servari
1831 2875 1919 2911 hunc
1931 2877 2045 2911 Cano<

1162 2939 1258 2967 nem,
1283 2926 1396 2961 dixere
1408 2927 1570 2961 Nicolaus
1583 2927 1704 2970 primus
1717 2926 1898 2967 Pontifex,
1925 2926 2044 2961 Adria«

1162 2988 1222 3014 nus
1237 2977 1396 3010 secundus
1409 3000 1418 3016 ‚
1445 2977 1478 3010 &
1492 2977 1646 3019 synodus
1661 2979 1770 3010 oslava
1782 3002 1790 3008 .

1209 3027 1338 3073 Qaerit
1351 3027 1537 3060 Anastasius
1565 3025 1841 3063 Bibliothecarius
1854 3051 1865 3067 ‚
1891 3027 2044 3062 curAca·

1159 3077 1204 3113 cii
1227 3077 1614 3120 constantinopolitani,
1641 3077 1673 3110 &2
1699 3076 1849 3110 Ebbonis
1871 3077 2042 3111 Remenfis

1161 3126 1317 3170 Episcopi
1338 3126 1451 3169 dejesti
1477 3126 1610 3170 potius,
1636 3127 1734 3170 quam
1757 3125 1870 3160 Photii
1893 3127 2041 3161 Clericos

1160 3177 1193 3209 in
1219 3176 1278 3209 suo
1299 3177 1402 3221 gradu
1415 3177 1586 3219 susceperit
1609 3176 1762 3210 Romana
1794 3177 1954 3218 Ecclesia,
1981 3180 2042 3213 res-

1158 3225 1347 3271 pondetque
1371 3226 1448 3261 illos
1483 3226 1680 3270 Episcopatu
1721 3227 1869 3272 legitime
1903 3239 2040 3271 accepto

1159 3275 1330 3310 dumtaxat
1355 3274 1546 3310 humanitus
1571 3277 1724 3314 excidisse
1751 3302 1762 3319 ,
1789 3275 1878 3311 hunc
1905 3288 2012 3313 autem
2028 3301 2039 3317 ,

1162 3325 1273 3359 nostro
1304 3326 1462 3361 Maximo
1485 3338 1539 3369 per
1567 3327 1679 3361 omnia
1691 3326 1852 3367 similem,
1881 3328 1972 3361 fuisse
1994 3328 2041 3360 in-

1160 3376 1283 3409 trusum
1309 3376 1558 3419 &invasorem‚
1584 3376 1732 3421 adeoque
1752 3377 1909 3421 Episcopi
1931 3377 2040 3412 nomi-

1162 3437 1201 3459 ne
1225 3437 1394 3469 nunquam
1416 3426 1555 3472 dignum
1578 3450 1586 3458 .
1624 3421 1915 3475 Qam'regulam
1938 3427 2038 3462 etiam

1901 3524 1991 3559 CA·
