2346 3776
98 361 131 392 L·
144 367 168 395 5-
186 365 241 394 ὓς·

99 667 261 704 &eg-Nu.

101 707 188 745 Epist.
195 712 239 737 ιε.

242 920 245 923 .
284 897 348 930 que
361 886 518 921 facultate
544 884 722 922 subdolum
750 883 856 919 animi
882 884 1060 918 confilium
1085 884 1178 919 obte-

111 1628 192 1657 nrat.
202 1623 237 1656 de
246 1627 274 1656 S.

112 1666 196 1705 Rasil-

364 58 459 109 356
504 48 818 105 ἱ(ἶΑΝοΝεε
853 46 1151 91 Cosmum
1188 47 1941 97 CONSTANTINOPOLITANI

333 133 444 167 Prima
459 132 570 175 itaque
579 130 734 165 damnata
750 128 870 166 haerefis
883 130 929 165 est
942 129 1081 173 Spiritus
1105 130 1178 163 san·

281 180 322 217 «sti
349 182 577 226 impugnatrix
599 181 857 217 Macedoniana
882 205 888 211 .
928 180 1176 214 Confirmatum

282 232 328 267 est
342 232 471 267 Liberii
483 231 658 269 Pontificis
669 258 680 274 ,
708 231 848 276 Synodo
861 239 966 274 nuper
977 227 1176 272 Thyanenfi

285 283 532 324 transmissum,
558 282 670 317 deilla
680 280 841 325 judicium
855 303 867 322 ,
894 291 933 314 ac
944 276 1083 314 definita
1096 304 1107 320 ‚
1127 280 1180 314 uti

284 331 396 367 scribit
410 332 588 368 Facundus
601 331 849 367 Hermianenfis
878 330 1081 374 Episcopus,
1109 330 1182 374 Spi-

284 384 368 417 ritus
378 385 479 418 saniii
494 395 572 418 cum
584 382 726 416 Patre&
738 380 828 415 Filio
840 380 1177 421 consubstantialitas,

284 443 384 477 atque
421 435 467 469 ita
490 433 624 468 cessavit
649 430 756 465 Sand'ti
779 429 889 464 Bafilii
911 430 1112 475 dispensatio
1133 430 1180 466 ob

285 493 386 529 quam
400 483 607 518 insimulatus
628 481 693 516 fuit
712 480 922 523 timiditatis,
949 480 1179 518 diffimulatio-

284 535 337 569 nis
358 544 384 576 ,⁴
410 532 685 577 praevaricationis
720 556 733 573 ‚
770 530 953 575 impietatis
973 557 984 573 ‚
1017 541 1180 576 tanquam

283 584 342 628 qui
354 583 397 617 de
408 584 508 622 Patre
521 582 555 616 δε
567 581 659 616 Filio
671 582 880 616 rectissimum
892 582 1027 617 sentiret
1038 583 1074 623 ὃς
1083 582 1181 618 doce-

283 630 354 674 ret,
380 633 541 678 Spiritum
565 632 643 667 vero
666 634 814 668 faustum
826 632 1030 674 convelleret
1054 632 1179 675 &deji-

283 694 369 718 ceret
392 708 403 725 ,
428 694 487 718 aut
508 683 594 718 certe
615 685 735 718 restam
761 682 803 717 de
829 682 889 717 illo
914 682 1099 719 doctrinam
1123 681 1181 717 ob-

283 733 375 772 scure
399 733 621 769 subindicaret
641 759 653 781 ,
678 745 717 768 ac
744 733 836 768 velut
857 732 1086 773 obumbraret,
1119 744 1180 766 nec

283 784 457 820 veritatem
490 783 590 819 libere
613 784 820 828 profiteretur
841 807 853 823 ,
888 782 1034 819 oratorie
1070 783 1179 828 magis

284 835 383 881 quam
405 835 457 880 piri
478 835 670 870 auditorum
692 845 785 869 aures
811 833 956 871 obruens
980 858 991 874 ‚
1029 833 1181 868 dicendi-

283 947 386 989 gens.
412 937 468 971 De
490 936 589 969 saneti
617 934 755 978 Spiritus
781 934 1055 970 consubstantiali
1081 934 1179 969 Divi·

284 987 391 1021 nitate
417 984 503 1020 adeo
530 984 665 1019 Bafilius
690 987 814 1019 redium
840 985 935 1019 senfit
959 1010 971 1026 ,
1008 994 1045 1020 ut
1072 985 1179 1029 ipsum

286 1034 442 1079 Synodus
469 1033 795 1072 Chalcedonenfisin
821 1035 1002 1071 Relatione
1029 1035 1070 1070 ad
1091 1035 1182 1070 Mar-

287 1087 422 1121 cianum
449 1084 641 1130 Augustum
668 1096 765 1121 vocet
791 1098 934 1129 magnum
961 1087 1046 1119 illum
1066 1092 1180 1130 grattae

287 1135 456 1178 ministrum
482 1160 494 1177 ‚
530 1142 582 1178 qul
606 1138 740 1177 spiritus
765 1137 871 1170 sanari
908 1137 1078 1170 dodlrinam
1114 1137 1181 1169 dilt-

284 1187 406 1232 gentius
432 1187 582 1220 tradidit.
609 1187 705 1221 Hinc
717 1186 958 1221 Macedoniani
971 1186 1035 1234 sub⁵
1056 1186 1180 1221 Valen-

285 1235 322 1278 ’,τε
343 1236 499 1281 Augusto
530 1247 585 1280 per
607 1236 855 1282 Cappadociam
884 1247 1038 1280 potenter
1066 1237 1182 1281 graffa-

287 1288 316 1321 ti
338 1286 508 1331 quaefivere
534 1297 670 1321 omnem
696 1288 810 1321 ansam
836 1286 926 1321 illius
950 1287 1103 1331 ejiciendi
1140 1286 1181 1321 de

289 1337 469 1381 primatiali
482 1335 671 1379 Cathedra,
698 1336 902 1373 demutanda
930 1338 966 1371 in
993 1337 1121 1372 sceleris
1134 1337 1179 1370 sui

290 1387 578 1433 propugnaculum
602 1388 637 1422 ὃς
662 1399 771 1427 arcem
797 1413 807 1429 ‚
846 1399 889 1423 ex
927 1399 993 1433 qua
1019 1388 1182 1432 simplices

289 1438 417 1472 animas
441 1448 595 1481 caperent
621 1439 657 1472 &
683 1438 916 1482 popularentur
946 1464 955 1472 .
985 1438 1123 1473 Nudam
1149 1438 1181 1471 ὅ(

292 1497 439 1532 apertam
464 1486 508 1522 de
534 1488 678 1531 Spiritus
705 1489 814 1523 Sancti
840 1487 1183 1524 consubstantialitate

290 1549 411 1572 vocem
439 1548 482 1572 ex
508 1537 622 1572 Bafilii
648 1549 706 1573 ore
732 1538 942 1574 venabantur
967 1564 975 1572 .
1003 1539 1098 1588 Qas
1127 1537 1183 1572 ille

294 1588 425 1622 infidias
451 1588 589 1623 eludens
617 1612 628 1628 ‚
668 1590 739 1622 aliis
769 1591 891 1631 quidem
917 1589 1043 1623 vocibus
1068 1590 1084 1623 ἑ
1109 1591 1185 1620 Scri-

289 1643 504 1681 pturapetttts
517 1662 527 1677 ,
555 1636 784 1680 testimoniisque
810 1640 935 1671 minime
944 1637 1047 1670 dubiis
1059 1638 1185 1670 eandem

295 1694 362 1722 vim
392 1687 574 1721 habentibus
612 1686 808 1731 adversarios
845 1686 1060 1729 comprimebar
1088 1711 1099 1726 ,
1131 1685 1189 1730 sed

294 1748 398 1772 tamen
416 1743 574 1780 propriam
595 1738 630 1772 ὦ·
662 1746 802 1779 apertam
829 1749 931 1771 vocem
956 1743 1079 1770 interim
1102 1735 1187 1780 usur—

292 1797 372 1832 pare
383 1787 543 1829 differebat
554 1811 564 1827 ‚
591 1797 656 1821 tum
667 1788 706 1821 ab
720 1786 782 1831 ipfh
793 1790 812 1821 5
809 1794 907 1830 piritu
920 1813 930 1828 ,
958 1797 1022 1820 tum
1035 1789 1055 1820 ἃ
1061 1785 1189 1830 sinceris

297 1842 364 1880 eJus
382 1837 654 1882 propugnatoribus
675 1844 811 1882 gratiam
832 1846 942 1880 petens
963 1861 975 1878 ,
1001 1849 1035 1871 ac
1060 1849 1190 1881 rogans,

297 1900 334 1926 ne
361 1888 412 1922 boc
434 1886 488 1932 suo
514 1886 625 1929 confilio
649 1887 870 1928 offenderentur
899 1912 910 1928 ,
949 1899 1002 1922 nec
1025 1894 1186 1921 committe-

295 1947 386 1979 rent,
413 1948 447 1971 ut
457 1939 529 1971 dum
552 1948 643 1971 unam
675 1939 810 1971 voculam
831 1939 980 1972 mordicus
1001 1944 1129 1977 retinere
1148 1949 1190 1971 co-

298 1999 447 2027 narentur
473 2013 483 2029 ,
509 1994 610 2022 onmia
631 1990 797 2030 perderent
821 2013 829 2021 .
856 1989 1004 2025 Salutem
1042 1989 1188 2022 nostram

295 2040 415 2075 nonin
443 2039 599 2079 vocibus,
627 2038 728 2073 sedin
755 2038 851 2073 rebus
877 2039 1072 2079 confistere,
1099 2038 1190 2073 ideo-

294 2101 359 2134 que
386 2088 463 2130 has,
496 2088 652 2123 nonistas
678 2089 852 2132 praesertim
864 2088 1049 2129 curandas,
1076 2088 1190 2123 &Rei-

290 2140 424 2183 publicae
451 2150 509 2173 non
540 2139 618 2182 posse
643 2141 788 2180 majorem
820 2139 930 2181 pestem
966 2140 1002 2173 <¹5
1021 2144 1190 2181 perniciem

296 2189 418 2232 adferri
444 2212 456 2230 ,
493 2190 585 2232 quam
614 2187 646 2230 fi
666 2189 704 2222 ab
740 2188 888 2224 haereticis
914 2198 1103 2232 occuparetur
1130 2192 1189 2224 Ec-

298 2238 401 2282 clefia.

348 2289 432 2335 Egit
457 2300 500 2324 eo
536 2288 638 2324 ferme
662 2289 767 2324 modo
794 2302 872 2324 cum
911 2289 1188 2329 Macedonianis,

298 2352 367 2386 quo
390 2341 484 2384 supra
494 2340 651 2374 Sanstum
677 2340 850 2376 Hilarium
864 2340 1102 2377 Didiaviensem
1115 2339 1189 2383 Epi-

299 2392 435 2435 scopum
458 2416 467 2431 ,
494 2390 576 2424 dum
601 2389 948 2435 Philippopolitanum
968 2415 980 2431 ‚
1006 2389 1187 2424 Antioche-

301 2453 383 2476 num
393 2466 403 2482 ,
418 2442 452 2475 ὅ(
465 2439 687 2484 Ancyranum
697 2441 895 2485 Symbolum
908 2441 1038 2475 admifit
1051 2441 1132 2475 &in
1145 2441 1190 2474 sa-

302 2503 386 2526 num
398 2492 525 2525 sensum
548 2491 718 2531 traduxit,
746 2491 846 2537 egisse
861 2491 934 2526 dixi
946 2503 1023 2526 cum
1035 2490 1190 2525 Eusebia-

302 2542 375 2575 nis.
404 2541 531 2575 Eorum
554 2540 726 2585 ambiguas
746 2543 780 2576 δε
801 2542 983 2586 aequivocas
1003 2541 1045 2576 de
1066 2541 1186 2586 Spiritu

303 2593 413 2628 sancto
438 2602 536 2625 voces
556 2592 707 2625 tractavit
743 2592 778 2625 <Sc
799 2592 932 2626 ufitavit
957 2592 1072 2626 eadem
1099 2601 1191 2631 arte,

304 2641 470 2676 abstinens
492 2641 561 2675 sola
581 2640 700 2679 vocula
726 2664 737 2681 ‚
763 2640 1021 2684 consubstantiale
1042 2666 1053 2681 ‚
1089 2637 1189 2685 quam

305 2692 407 2726 ferme
419 2691 543 2731 solam,
570 2690 744 2736 quomodo
758 2692 800 2726 de
821 2691 894 2726 filio
917 2691 1094 2732 Eusebiani
1109 2715 1119 2730 ‚
1145 2691 1190 2729 ita

310 2742 365 2777 isti
391 2741 434 2776 de
455 2737 583 2785 'Spiritu
615 2742 726 2776 saneto
752 2741 1005 2776 adversabantur
1033 2766 1040 2781 2
1079 2742 1192 2788 Qam

308 2792 430 2837 agendi
456 2792 618 2826 rationem
643 2817 654 2833 ,
683 2801 840 2837 tanquam
864 2791 883 2827 ὲ
907 2792 1030 2827 divinis
1049 2791 1193 2835 eloquiis

308 2842 458 2883 haustam
482 2842 784 2886 dispensationem,
810 2843 889 2877 &in
902 2842 971 2886 ejus
993 2841 1126 2878 funebri
1137 2853 1193 2876 en-

307 2894 422 2929 comio
434 2917 445 2933 ,
470 2893 503 2926 ὅ(
515 2893 549 2927 in
561 2893 706 2937 quodam
719 2892 858 2932 solemni
869 2892 1075 2928 eruditorum
1093 2892 1195 2938 gravi-

308 2953 357 2977 ter
369 2943 512 2979 obtrcsta
518 2944 626 2977 ntium
634 2944 793 2978 convivio
805 2968 816 2984 ,
830 2943 946 2978 acriter
956 2942 1106 2978 defendit
1117 2944 1194 2977 San-

309 2995 378 3027 stus
386 2994 569 3038 Gregorius
580 2994 814 3029 Nazianzenus
833 3005 875 3029 ex
889 2994 1082 3031 auctoritate
1096 2993 1193 3037 Regii

310 3042 503 3087 Prophetae,
531 3043 695 3079 laudantis
720 3044 829 3079 virum
854 3043 998 3088 justum,
1023 3044 1081 3088 qui
1103 3041 1196 3087 dispo-

313 3099 383 3134 nit,
408 3095 461 3127 seu
473 3094 638 3137 dispensat
656 3093 808 3138 sermones
833 3100 866 3128 in
881 3096 1021 3136 jadicio,
1047 3094 1197 3128 asserens}

314 3153 378 3192 que
397 3154 439 3177 ex
461 3144 572 3178 Bafilii
591 3145 794 3189 Episcopatu
818 3155 900 3183 tunc
921 3144 1107 3189 pependisse
1128 3155 1198 3179 om·

313 3203 393 3225 nem
417 3192 634 3236 Cappadociae
657 3195 838 3231 Ecclesiam
860 3220 871 3236 ,
897 3206 996 3239 atque
1019 3195 1102 3229 adeo
1129 3194 1198 3237 ejus

316 3242 603 3279 conservationem
633 3246 727 3280 fuisse
758 3257 879 3281 vocum
900 3246 947 3280 ita
974 3244 1198 3285 librandarurn

315 3292 434 3336 justam
461 3293 607 3328 causam.
634 3296 748 3344 Qare
769 3295 965 3331 &librabat
991 3296 1079 3330 solus
1107 3296 1199 3339 ipse,

318 3341 458 3377 Clericis
483 3341 579 3382 suis,
605 3356 675 3385 quos
704 3347 740 3379 ob
765 3352 893 3380 nominis
920 3344 1128 3390 obscuritatem
1152 3356 1201 3379 ne-

315 3405 362 3426 mo
398 3388 590 3435 accusaturus
615 3417 626 3432 ,
658 3401 822 3438 patriaque
858 3397 1006 3439 ejec‘i'urus
1033 3397 1100 3440 effer
1127 3420 1138 3437 ,
1162 3399 1200 3430 Io-

318 3444 431 3490 quendi
440 3441 640 3482 committebat
662 3443 852 3483 libertatem.
881 3448 992 3488 Etiam
1018 3447 1200 3493 Gregorius

1238 129 1407 173 Nyffenus
1418 155 1428 172 ,
1440 128 1645 167 Theodorus
1657 131 1889 169 Antiochenus
1900 157 1918 174 ,,
1935 134 1973 170 ἀ
1986 134 2128 180 Sophro-

1240 181 1316 214 nius
1327 191 1386 223 pro
1398 180 1470 225 ipso
1483 181 1615 217 edidere
1625 183 1814 230 apologias,
1842 185 1860 219 a
1873 184 2000 222 Photio
2015 186 2051 221 in
2071 187 2128 221 Bi-

1240 228 1408 265 bliotheca
1417 231 1534 267 relatas
1545 257 1553 264 .
1898 265 1905 269 .

1290 280 1380 315 Aliis
1403 290 1515 319 tamen
1537 281 1605 327 ejus
1640 284 1817 320 confilium
1840 311 1851 329 ‚
1887 295 2047 330 tanquam
2074 292 2129 323 va'·

1241 341 1323 365 num
1345 355 1356 372 ,
1382 332 1540 378 frigidum
1561 358 1572 374 ‚
1597 333 1859 373 ludificatorium
1883 361 1895 381 ‚
1915 337 2128 382 ignaviaeque

1240 381 1273 421 δε
1294 380 1415 423 dilecto
1437 383 1648 427 Episcopatui
1670 385 2000 431 retinendopotius,
2026 386 2128 432 quam

1240 429 1436 472 orthodoxe
1454 433 1611 468 dostrinae
1632 435 1829 476 consulens,
1854 437 1930 480 funt
1953 437 2126 478 insectati,

1241 481 1468 517 adseverantes
1480 509 1489 525 ‚
1503 487 1604 529 Longe
1616 485 1669 529 effe
1684 477 1880 527 prestantius
1891 487 1998 527 nostros
2008 497 2065 531 per
2077 499 2129 524 ve·

1241 537 1347 567 ruatis
1354 535 1603 575 pradicationem
1632 539 1735 576 tueri,
1761 538 1854 579 qua'm
1872 535 2040 584 hujusmodi
2058 550 2129 572 cau·

1242 588 1321 616 tione
1347 584 1382 617 Θ
1402 581 1620 627 dispensatione
1639 586 1763 623 inutiles
1790 587 1915 620 reddere
1943 611 1953 627 ‚
1979 599 2031 621 nee
2053 594 2128 622 inte-

1241 638 1301 665 rim
1323 633 1435 670 alienos
1457 636 1600 668 elucrari.
1629 633 1685 669 Ab
1700 633 1751 670 his
1762 646 1933 680 permotus
1957 637 2025 682 ipse
2037 638 2128 682 Apo-

1244 683 1340 727 logus
1362 684 1596 720 Nazianzenus
1618 685 1729 719 scribit
1756 685 1797 723 ad
1818 686 1995 721 Bafilium:
2021 691 2128 722 Tuve-

1242 735 1275 766 τὸ
1299 758 1310 774 ,
1337 739 1388 768 vir
1411 737 1525 769 Divine
1546 737 1580 770 ὁ·
1603 734 1788 779 sacrosanc‘le
1811 760 1822 777 ,
1840 736 1940 780 facito
1968 762 1978 778 ,
2014 747 2048 771 ut
2074 747 2129 771 nos

1243 785 1348 819 doceas
1367 808 1378 824 ,
1406 784 1552 828 quousque
1574 791 1607 819 in
1627 784 1828 830 disputatione
1850 788 1888 821 de
1905 789 2036 830 Spiritus
2055 786 2130 831 sart-

1242 834 1282 867 81
1302 838 1480 869 Divinitaere
1495 838 1638 880 progredi
1658 860 1670 877 ‚
1696 835 1830 880 quasque
1853 849 1939 871 voces
1960 836 2130 881 usurpare,

1243 885 1277 918 ὑ
1296 882 1442 928 quousque
1473 891 1607 921 cautione
1629 911 1639 928 ,
1674 897 1814 931 certaque
1837 886 2058 932 dispensatione
2083 894 2130 923 αεὶ

1242 935 1402 968 debeamtts
1414 960 1425 976 ,
1453 944 1487 969 ut
1509 947 1546 970 ea
1567 938 1720 971 adversus
1737 949 1804 979 eos,
1832 945 1883 981 qut·
1897 940 2128 979 contradicunt,

1244 997 1276 1019 tn
1293 993 1438 1028 promptu
1459 985 1625 1020 habeamus
1647 1012 1654 1019 .
1691 987 1787 1036 Qin
1809 987 1913 1025 immo
1935 989 1969 1022 in
1998 988 2131 1023 funebri

1246 1037 1353 1070 Sansti
1366 1035 1536 1070 Athanasii
1560 1038 1719 1072 encomio
1731 1037 1772 1072 ad
1785 1038 1919 1072 istorum
1933 1039 2131 1074 sententiam

1243 1087 1277 1121 &
1300 1097 1493 1131 argumenta
1517 1087 1644 1122 accedit
1664 1088 1795 1132 penitus
1821 1112 1831 1129 ,
1857 1088 1995 1124 laudans
2021 1087 2128 1124 Atha*

1247 1138 1370 1171 nafium
1398 1161 1410 1177 ,
1435 1136 1526 1181 quod
1549 1138 1671 1182 primus
1699 1139 1733 1173 δε
1757 1138 1859 1173 ferme
1882 1139 1968 1173 solus
1993 1141 2131 1183 coeperit

1244 1188 1363 1231 apertis
1375 1187 1513 1222 vocibus
1539 1188 1852 1223 consubstantialem
1863 1190 2001 1233 Spiritus
2028 1190 2132 1224 sansti

1247 1238 1470 1273 Divinitatem
1494 1238 1665 1282 praedicare
1687 1264 1696 1280 ,
1723 1250 1823 1283 atque
1844 1240 1967 1275 addens
1993 1252 2000 1272 :
2029 1234 2130 1281 Hujus

1247 1288 1424 1321 auetoritate
1430 1294 1561 1330 permoti
1571 1298 1636 1322 tum
1653 1291 1857 1327 occidentales
1869 1315 1880 1331 ,
1906 1301 1970 1324 eum
1981 1291 2132 1332 quidquid

1245 1345 1277 1372 in
1301 1343 1425 1372 Oriente
1449 1341 1546 1372 vitale
1557 1339 1596 1379 est
1609 1364 1618 1379 ‚
1640 1347 1759 1382 partim
1770 1349 1869 1374 animo
1880 1342 1967 1374 tenus
1979 1344 2130 1384 pietatem

1245 1390 1341 1422 colunt
1353 1413 1365 1429 ,
1391 1390 1514 1422 ulterius
1538 1398 1640 1423 autem
1661 1401 1728 1423 eam
1752 1402 1811 1424 non
1827 1391 1989 1434 prfferunt
2008 1398 2019 1431 ,⁴
2046 1391 2131 1425 vel&

1246 1448 1393 1472 mortuum
1426 1440 1588 1482 quemdam
1613 1439 1728 1482 foetum
1751 1446 1785 1474 in
1818 1450 1953 1475 materno
1977 1449 2059 1475 utero
2080 1441 2133 1474 ἐπ’·

1241 1489 1411 1530 slinc‘lum3
1444 1495 1565 1530 partim
1606 1502 1674 1524 eam
1697 1489 1820 1532 fimitis
1848 1490 2004 1534 cujusdam
2036 1490 2131 1532 instar

1246 1540 1353 1573 leniter
1363 1539 1531 1572 accendunt
1541 1563 1550 1578 ,
1565 1538 1708 1572 hac‘lenus
1715 1539 1826 1582 J‘ctlicet
1837 1565 1847 1581 ,
1860 1551 1894 1575 ut
1903 1547 2030 1583 tempori
2040 1547 2133 1584 aeque

1247 1588 1468 1621 ardentioribus
1481 1588 1653 1622 orthodoxis
1674 1598 1729 1622 aut
1747 1591 1902 1633 piaeplebi
1914 1599 2072 1632 utcumque
2078 1588 2135 1633 sa*

1249 1637 1431 1679 tisfaeiant3
1457 1645 1575 1678 partim
1587 1639 1714 1681 dentque
1733 1645 1813 1672 omni
1825 1640 1981 1673 verborum
1991 1639 2132 1673 libertate

1251 1694 1413 1721 veritatem
1437 1688 1611 1728 pradicant
1637 1700 1648 1721 .-
1678 1691 1702 1719 A
1728 1699 1789 1730 qua
1812 1696 1902 1731 parte
1936 1694 2055 1722 utinam
2080 1697 2132 1733 egb

1245 1737 1320 1777 stem
1332 1762 1342 1778 ,
1369 1749 1427 1770 non
1430 1739 1503 1785 jam
1512 1738 1675 1770 nmiditati
1697 1750 1770 1773 meae
1783 1762 1795 1778 ,
1821 1743 2014 1783 ignaviaeque
2033 1737 2134 1782 consu-

1252 1789 1315 1821 lens
1329 1813 1340 1828 ‚
1366 1793 1450 1830 eique
1471 1787 1598 1826 alierum
1628 1789 1826 1822 timiditatem
1848 1790 1884 1823 o·
1915 1795 2027 1823 mentis
2045 1788 2135 1823 imbe-

1252 1839 1408 1874 cillitatem
1426 1846 1622 1879 praetexens.
1649 1840 1732 1871 satis
1755 1863 1766 1879 ,
1781 1838 1930 1883 superque
1949 1837 2139 1883 dispensavi·

1254 1901 1319 1921 mus
1333 1912 1344 1928 ,
1371 1900 1429 1921 non
1439 1889 1524 1920 modo
1536 1888 1621 1921 nobis
1635 1889 1748 1923 alienos
1762 1901 1821 1922 non
1831 1891 2036 1933 adjungentes
2046 1914 2057 1931 ,
2078 1887 2140 1933 sed

1254 1938 1362 1978 nostros
1382 1945 1476 1972 etiam
1482 1939 1668 1980 perdentes,
1694 1940 1775 1982 quod
1779 1938 1857 1983 sane
1867 1941 2012 1973 malorum
2021 1938 2140 1983 dispereo

1249 1987 1384 2031 satorum
1409 1987 1466 2034 cst.
1494 1988 1721 2025 Patentiffime
1743 1999 1835 2024 taxat
1855 1990 2009 2025 Sanstum
2025 1989 2138 2023 Basili·-

1254 2050 1331 2072 um.
1361 2039 1497 2073 Sanetus
1506 2038 1628 2084 quippe
1649 2039 1871 2081 Athanafius,
1896 2041 1933 2074 in
1953 2039 2070 2074 litteris
2094 2039 2138 2074 ad

1255 2088 1403 2134 AEgypti
1428 2113 1440 2130 ,
1467 2089 1585 2132 Syriae,
1613 2089 1794 2125 Phoeniciae
1814 2114 1826 2132 ,
1851 2091 1885 2125 ὃς
1906 2089 2037 2125 Arabiae
2059 2089 2139 2134 Epi-

1253 2141 1368 2183 scopos
1380 2163 1391 2180 ,
1417 2139 1697 2183 dispensationem
1708 2141 1800 2175 illam
1812 2141 1954 2186 graviter
1966 2141 2115 2184 culparat
2125 2164 2134 2172 .

1254 2190 1392 2228 Easdem,
1418 2189 1464 2223 ob
1486 2191 1630 2224 rationes
1655 2192 1790 2234 praesens
1816 2190 1973 2235 Synodus
1997 2190 2136 2233 Spiritus

1253 2240 1353 2274 saneti
1368 2239 1757 2277 Consubstantialitatem
1771 2265 1782 2280 ,
1808 2240 1918 2284 aperte
1928 2240 2083 2284 deinceps
2095 2240 2138 2274 ab
2172 2277 2174 2279 ,

1251 2289 1408 2327 omnibus
1420 2290 1639 2333 profitendam
1652 2315 1662 2331 ,
1688 2290 1854 2334 Symbolo
1881 2290 1994 2324 infixit
2008 2314 2018 2328 ,
2042 2290 2139 2323 omni

1252 2340 1495 2384 dispensatione
1524 2340 1638 2384 rejecta
1660 2365 1666 2372 .
1695 2341 1767 2384 Jam
1788 2342 1879 2375 enim
1903 2352 1960 2384 par
1975 2339 2140 2374 Theodo-

2147 358 2280 400 Epist.²‘.

1233 2392 1334 2450 [sium
1356 2389 1546 2436 Augustum
1569 2391 1745 2431 exstinctus
1754 2402 1820 2426 erat
1832 2390 2060 2431 haereticorum
2080 2389 2141 2427 do·

1478 2440 1671 2484 redditaque
1698 2441 1741 2475 de
1765 2442 1844 2476 Deo
1868 2440 1952 2475 reste
1977 2439 2139 2482 loquendi

1254 2492 1348 2535 plena
1369 2490 1519 2525 libertas.
1547 2490 1643 2526 Licet
1654 2490 1751 2534 porro
1772 2501 1888 2526 vocem
1908 2491 2010 2535 ipsam
2023 2514 2034 2531 ‚
2059 2493 2139 2523 Con-

1247 2541 1496 2585 substantialem,
1521 2541 1676 2585 Synodus
1699 2541 1864 2585 Symbolo
1878 2553 1947 2576 non
1969 2540 2141 2581 infixerit,

1253 2593 1362 2626 infixit
1389 2602 1502 2628 tamen
1516 2593 1613 2628 variis
1625 2593 1696 2627 aliis
1709 2592 1978 2637 comprehensam
1999 2590 2067 2634 ejus
2080 2591 2141 2627 vir-

1254 2652 1358 2677 tutem
1371 2667 1378 2673 .

1303 2692 1400 2739 Qin
1420 2691 1527 2732 immo
1539 2693 1640 2728 Nilus
1662 2692 1875 2728 Rhodiorum
1890 2692 2070 2736 Episcopus
2104 2691 2141 2727 in

1255 2741 1340 2777 libro
1359 2741 1401 2776 de
1421 2743 1628 2788 generalibus
1650 2744 1794 2786 Synodis
1813 2743 1895 2778 dicit
1926 2743 2054 2777 editum
2074 2741 2141 2777 hoo

1255 2791 1431 2827 anathema
1465 2805 1472 2825 ε
1500 2797 1568 2826 Nos
1589 2800 1754 2836 accepimus
1781 2795 1816 2835 ὀ·
1834 2795 1983 2828 credimus
2002 2793 2140 2826 omnibus

1256 2844 1351 2876 modis
1358 2840 1499 2887 fandum
1508 2846 1655 2886 spiritum
1671 2845 1723 2888 effe
1744 2856 1851 2878 verum
1880 2848 1998 2884 Deum,
2023 2842 2143 2887 consub-

1250 2894 1425 2935 stantialem
1437 2897 1499 2927 Deo
1510 2903 1575 2927 tum
1600 2897 1690 2928 Patri
1716 2904 1780 2928 tum
1795 2896 1890 2935 Filio,
1918 2901 2061 2939 quoniam
2084 2896 2143 2926 Do-

1259 2950 1358 2977 minus
1377 2942 1478 2990 Jesus
1493 2943 1534 2986 fic
1543 2945 1647 2984 dixit,
1672 2955 1706 2979 ut
1724 2945 1913 2988 baptizemur
1939 2945 2143 2979 &credamus

1260 3001 1292 3027 in
1318 3006 1422 3027 nomen
1446 2997 1554 3029 Patrir
1575 3020 1586 3036 ,
1612 2997 1646 3029 ὅ)
1669 2996 1745 3029 Filii
1766 3020 1776 3036 ,
1801 2997 1836 3030 (ν’
1858 2997 1992 3038 Spiritus
2017 2993 2142 3038 sanffl,

1261 3046 1342 3087 quod
1350 3056 1408 3077 non
1419 3045 1558 3088 dixisset,
1577 3044 1608 3087 fi
1626 3057 1764 3081 creatura
1784 3046 1867 3089 effer.
1894 3048 1938 3078 Εἰ
1949 3050 2063 3089 Igitur,
2086 3045 2140 3085 qul

1260 3106 1316 3128 non
1329 3093 1500 3138 uastum,
1526 3095 1712 3129 anathema.
1740 3095 1844 3144 Qod
1867 3095 2024 3139 Synodus
2042 3090 2139 3129 san&

1260 3145 1399 3188 Spiritus
1410 3144 1781 3181 consubstantialitatem
1803 3145 1988 3185 definierit,
2013 3150 2140 3177 certum

1259 3206 1357 3238 atque
1369 3195 1593 3230 indubitatum
1603 3197 1649 3231 est
1665 3209 1674 3239 3
1701 3207 1733 3231 at
1745 3197 1836 3231 istius
1848 3195 1969 3230 decreti
1988 3193 2068 3226 fides
2092 3190 2138 3224 est

1260 3256 1360 3289 penes
1382 3246 1489 3280 solum
1512 3246 1653 3286 Nilum:
1681 3247 1723 3281 Ei
1748 3247 1859 3281 nullus
1885 3244 2039 3287 antiquus
2058 3250 2140 3275 atte-

1260 3295 1379 3329 statur.

1309 3346 1421 3381 Etiam
1433 3345 1499 3382 haec
1513 3347 1664 3391 Symboli
1676 3347 1772 3383 verba
1785 3372 1796 3388 ,
1822 3348 1888 3389 ,ΕΜ
1906 3354 1971 3377 cum
1985 3349 2079 3379 Pam
2103 3342 2142 3376 θ

1265 3397 1343 3430 Filio
1359 3395 1449 3438 fimul
1465 3399 1612 3431 adoratur
1638 3400 1673 3432 (9·
1694 3396 1922 3440 conglorificatur
1936 3417 1946 3432 ,
1973 3393 2141 3436 impetunt

1261 3448 1370 3482 Santsti
1393 3448 1503 3485 Basilii
1524 3448 1800 3499 dispensationem
1825 3469 1832 3482 2
1871 3443 2040 3532 Antiqugs
2058 3467 2069 3482 ,
2095 3441 2139 3476 ab

2034 3503 2091 3537 ΡΟ·

1253 2442 1396 2475 minatus
1422 2465 1433 2480 ,
