2346 3776
639 122 1085 178 D1ssERTAT1o
1135 125 1560 181 PkooemiAms.

189 219 223 252 ni
233 215 439 252 Monasterii.
462 213 510 246 Et
518 210 604 247 certe
613 211 654 245 de
667 209 853 249 Abbatibus
863 222 911 249 res
924 211 970 250 est
983 213 1056 246 fun-

185 268 271 302 data.
299 264 430 302 Etenim
442 262 665 299 ,Constantino
677 262 833 299 Diacono
846 285 856 300 ‚
867 259 1055 295 haereticum

186 315 376 360 Eutychetis
385 313 425 352 T
425 323 539 351 omum
558 312 799 351 circumferenti
817 321 872 355 per
889 311 1057 346 Monaste-

185 368 232 401 ria
241 390 253 406 ‚
275 366 311 400 ὅ(
320 362 492 400 Abbatum
502 362 753 405 subscriptiones
768 360 969 405 postulanti,
997 363 1057 395 res-

185 414 300 460 pendit
310 413 478 447 Martinus
487 412 659 456 Presbyter
676 413 711 447 ὅ(
730 409 861 447 Archi·
870 412 1053 449 Mandrita:

51 478 109 522 Fql
116 489 127 508 1
136 488 166 509 u
183 470 255 502 Mon
262 464 315 511 -ιβ
315 475 412 497 meum
424 461 637 506 subscribere,
654 462 716 510 sed
731 463 895 499 dumtaxat
903 461 1055 505 Episcopo-

182 526 256 548 rum.
282 514 333 548 Ita
342 512 462 548 habes
453 525 488 546 in
500 515 603 558 prima
614 507 757 550 Afflone
778 510 1055 551 Chalcedonensis

180 563 338 603 Concilii..
365 563 463 598 Istam
473 564 560 599 certe
569 565 587 599 a
598 565 656 598 suo
665 560 855 602 Patriarcha
871 561 1055 606 dependen-

179 614 261 647 tiam
273 612 458 653 habuerunt
480 613 720 660 AEgyptiorum
740 612 901 656 Episcopi.
942 613 1054 646 Etiam

176 663 409 708 Metropolitae.
437 666 481 699 Et
491 665 651 705 Hieracus
660 661 904 707 ,Aphnaitarum
925 662 1055 705 Episco-

176 724 238 757 pus
250 714 285 747 in
297 713 556 754 Chalcedonenfi
566 713 723 755 Concilio
732 712 814 748 reste
820 713 948 752 asseruit
960 712 1053 746 istam

176 764 462 804 Consuetudinem
481 764 575 799 fuisse
599 763 766 808 probatam
795 764 829 797 &
849 764 1012 799 firmatam
1036 760 1053 793 ὲ

177 814 312 848 Nicaena
322 813 469 857 Synodo.
500 813 629 858 Utique
651 825 707 859 per
727 815 855 848 sextum
867 813 1051 848 Canonern

177 863 243 903 Suo
255 862 331 898 loco
343 863 378 898 id
389 863 670 901 demonstrabitur.
697 865 780 898 Hoc
802 863 906 907 ipsum
919 862 1053 897 demon-

175 913 276 947 strant
289 913 389 948 Pasta·
398 914 484 952 inter
494 916 638 950 sanetum
661 912 885 955 Patriarcham
906 910 1054 952 Athana-

174 963 256 996 sium
265 964 298 1004 ὃς
308 962 484 1002 Arsenium
495 965 531 998 H
534 965 743 1008 ypselitarum
756 965 965 1008 Episcopum:
977 963 1053 996 Hu-

174 1012 225 1056 jus
236 1011 393 1053 Profeffio
405 1015 446 1050 fic
457 1013 555 1053 habet
569 1027 576 1045 :
589 1018 734 1050 Promitte
743 1027 795 1048 nos
806 1022 882 1053 citra
893 1023 976 1046 tuam
989 1015 1050 1045 Me-

174 1064 344 1105 tropolitani
356 1063 495 1108 Epssopi
500 1062 684 1107 sententiam
704 1067 818 1105 nullum
840 1066 877 1097 de
897 1067 928 1095 E
924 1061 1051 1106 piscepis

175 1123 229 1146 aut
240 1115 296 1151 alio
305 1115 441 1158 dogmate
451 1123 594 1154 commum·
606 1117 639 1149 (ν
650 1115 876 1157 Ecclefiasticum
897 1116 1051 1146 Decretum

174 1164 306 1197 edituros
320 1188 330 1204 ,
351 1163 411 1207 sed
418 1165 535 1206 cessuros
549 1165 720 1199 canonibus
733 1174 804 1198 ante
820 1163 963 1207 susceptis
974 1186 984 1202 ,
1010 1162 1054 1194 ad

172 1216 327 1255 exemplar
337 1215 372 1247 (r
381 1215 500 1246 modum
511 1219 698 1247 Ammoniani
709 1216 743 1248 <St
753 1218 882 1252 Tyranni
903 1237 914 1254 ‚
943 1210 1052 1253 Plufiae

174 1269 226 1303 ni,
253 1264 473 1306 &reIIquorum
483 1262 700 1305 Episcoporum.
728 1265 841 1300 Antea
861 1262 880 1293 a
900 1262 1062 1295 Meletia*

172 1315 225 1346 nis
234 1313 370 1355 suscepti
388 1314 542 1352 Canones
563 1313 638 1349 sunt
661 1310 803 1349 omnino
821 1312 930 1345 sextus
949 1312 1051 1345 Nicaev

170 1372 241 1400 nus
270 1361 363 1407 Qin
375 1363 474 1400 etiam
486 1359 644 1397 Meletius
656 1385 667 1400 ‚
693 1362 727 1400 ,δε
747 1372 863 1401 omnes
873 1361 904 1395 ei
915 1361 1049 1405 compli-

169 1422 223 1445 ces
246 1410 399 1454 Episcopi
420 1410 557 1446 fimilem
578 1410 815 1448 Profeffionern
841 1412 950 1445 saneto
973 1410 1050 1448 Ale-

171 1459 298 1500 xandro
310 1459 502 1501 Patriarchae
514 1462 650 1496 fecerint
663 1461 698 1494 in
708 1462 776 1505 ipsa
790 1462 823 1494 N
827 1461 926 1495 icaena
945 1461 1049 1504 Syno-

169 1510 234 1550 d0,
249 1509 376 1547 videtur
387 1524 455 1550 non
467 1510 696 1546 dubitandum.
711 1511 755 1549 Et
766 1510 900 1555 quidem
909 1509 963 1546 hic
976 1521 1045 1551 erat

169 1560 388 1604 Metropolim
409 1561 678 1606 Lycopolitanus.
707 1561 817 1595 Etiam
834 1561 892 1598 alii
915 1562 1047 1596 fuerunt

167 1609 400 1655 Metropolitae.
417 1607 581 1659 roirca
589 1622 705 1646 omnes
715 1610 959 1656 AEgyptiorum
972 1612 1049 1655 Epi-

169 1661 261 1704 scopi
272 1659 456 1696 habuerunt
468 1664 553 1697 asuo
572 1659 762 1701 Patriarcha
783 1661 977 1706 singularem
997 1661 1051 1695 de-

168 1710 436 1756 pendentiam‚ex
444 1724 507 1759 qua
518 1724 580 1753 nec
588 1713 719 1751 suarum
730 1711 978 1749 Provinciamm
993 1712 1050 1754 Sy÷

171 1760 278 1795 nodos
289 1771 466 1803 potuerunt
478 1764 583 1798 facere
595 1787 605 1803 ,
625 1774 686 1796 nec
697 1761 803 1796 ullum
814 1761 882 1795 fine
892 1761 960 1804 ejus
971 1772 1051 1795 con-

171 1811 264 1848 sensu
274 1811 452 1849 Decretum
466 1813 558 1848 edere
570 1822 625 1846 aut
637 1809 843 1851 subscribere,
856 1811 896 1844 ne
907 1812 941 1848 in
953 1822 1050 1855 gene-

171 1860 233 1895 rali
244 1858 376 1903 quidem
389 1860 554 1897 ConciIIo.
584 1862 656 1896 Nec
673 1861 914 1905 Dogmaticum
933 1862 1052 1895 Decre-

171 1921 244 1944 tum
254 1934 270 1949 2
291 1921 352 1942 nec
366 1910 585 1944 Canonicum.
614 1911 664 1944 Ita
676 1910 717 1944 de
729 1920 868 1954 utroque
878 1909 986 1952 palam
998 1909 1050 1944 ha-

172 1961 228 1995 bet
237 1958 394 1997 Pnofeffio
406 1958 546 1993 Arsenii.
575 1959 812 2003 Dependentiae
832 1960 866 1993 &
876 1961 1051 1996 consuetu-

170 2009 259 2046 dinis
270 2019 378 2046 veram
384 2006 547 2054 originem
559 2020 596 2046 ac
617 2008 760 2048 radicem
782 2010 912 2054 ignoro.
939 2010 1049 2044 Etiam

171 2060 214 2094 de
225 2059 396 2102 Episcopis
406 2059 535 2098 nullutn
545 2068 672 2103 poterat
682 2059 861 2099 Decretum
871 2058 975 2094 edere:
983 2058 1049 2094 hoc

171 2108 218 2144 est
232 2134 244 2150 ‚
269 2107 400 2142 nullum
418 2108 616 2153 Episcopum
635 2108 819 2153 degradare.
859 2109 938 2143 Hoc
959 2111 1049 2147 enim

171 2159 241 2194 fieri
262 2169 332 2193 non
353 2169 479 2203 poterat
501 2160 558 2194 nisi
581 2171 636 2203 per
652 2159 836 2194 Provinciae
855 2159 1028 2204 synodum
1038 2184 1050 2207 3

171 2209 241 2247 istis
251 2208 422 2254 Episcopis
434 2221 502 2246 non
512 2209 706 2254 permistam.

384 2389 416 2430 C
440 2387 473 2424 A
500 2389 527 2424 P
555 2390 595 2426 U
621 2390 660 2424 T
709 2389 834 2430 VIII.

209 2473 423 2556 Exponitur
435 2495 550 2557 Origo
564 2490 765 2543 Meletiani
778 2495 808 2537 S
809 2487 1014 2556 chismatis,

300 2607 510 2643 ELETIUS
534 2611 598 2645 fflit
628 2610 892 2653 Lycopolitanus
921 2611 1053 2655 Episco-

273 2694 280 2697 .
315 2669 374 2701 pus
390 2683 401 2699 ,
426 2658 611 2701 Thebaidis
623 2660 859 2703 Metropolita,
885 2672 923 2694 ac
933 2661 973 2695 de
986 2662 1054 2705 ejus

179 2710 214 2743 in
228 2707 370 2746 Schffina
383 2709 529 2753 prolapsu
550 2711 661 2745 scribit
681 2712 806 2748 sanstus
828 2709 1051 2755 Epiphanius:

49 2745 151 2801 naeres.
180 2760 317 2796 Meletius
328 2759 482 2807 Ecclesiam
492 2760 655 2804 Schismate
666 2760 785 2804 diseidit
798 2786 808 2801 ‚
833 2766 880 2793 ita
900 2771 1000 2795 tamen
1020 2770 1054 2797 ut

47 2814 124 2840 68.c.
140 2820 162 2839 1.
175 2809 269 2851 fidem
280 2810 362 2846 nulla
371 2817 504 2851 exparte
514 2821 653 2845 mutaret.
688 2814 754 2855 ,Qui
770 2817 803 2850 in
826 2813 999 2848 Diocletiani
1019 2822 1054 2847 ac

49 2859 74 2878 2.
83 2858 109 2887 3,

180 2862 362 2892 Maximiani
381 2862 593 2901 Imperatorum
609 2861 808 2906 perficutione
827 2864 887 2895 una
911 2874 975 2900 ¹cum
980 2861 1054 2905 san-

179 2909 224 2942 <¹10
237 2911 324 2941 Petro
335 2907 478 2951 Episcopo
490 2912 690 2945 Alexandrino
700 2913 734 2946 (θ’
755 2921 881 2951 martyre
891 2936 901 2952 ,
927 2910 1054 2954 caeterijl

179 2971 236 3002 que
260 2959 438 2997 martyribus
459 2961 676 3006 comprehensus
696 2962 734 3005 cst
754 2962 793 2994 ab
806 2964 997 2996 Alexandriae
1018 2964 1052 2995 <5

179 3012 306 3053 AEgypti
318 3009 475 3050 Praefechs
488 3033 498 3049 ,
524 3011 628 3052 quibus
639 3011 689 3046 hoc
699 3013 736 3045 ab
746 3014 978 3054 Imperatoribus
983 3013 1052 3054 fue-

177 3069 228 3093 rat
237 3059 420 3092 mandatum.
449 3060 586 3098 Meletius
595 3067 694 3104 itaque
705 3074 769 3096 cum
782 3063 958 3103 martyribus
978 3087 990 3104 ,
1017 3073 1053 3095 ac

174 3111 325 3152 praecipue
346 3112 435 3143 Petro
458 3109 670 3153 Archieptfiopo
693 3114 895 3146 Alexandrino
909 3137 919 3152 ,
944 3123 1009 3146 tum
1020 3119 1052 3146 in

181 3160 307 3196 vinculis
321 3158 494 3194 habebatur.
508 3165 603 3203 Atque
615 3162 662 3193 ille
672 3164 789 3202 quidem
797 3169 914 3195 caeteris
927 3165 1052 3205 AEgyptt'

182 3208 334 3251 Episcopis
347 3211 522 3243 antecellens
536 3235 547 3249 ,
566 3209 728 3253 secundum
748 3213 768 3243 ἃ
787 3215 875 3251 Petro
887 3216 1051 3256 Dignitatis

182 3260 271 3292 locam
281 3260 429 3295 obtinebat
439 3285 449 3300 ‚
476 3268 573 3302 utpote
585 3262 664 3294 illius
677 3262 797 3301 adiutor
807 3286 817 3300 ,
840 3261 898 3304 sed
906 3264 999 3295 eidem
1008 3272 1055 3295 ta-

184 3307 404 3351 mensubjedlus
418 3335 428 3350 ,
446 3312 479 3343 (9'
492 3313 534 3343 ad
545 3309 639 3353 ipsimi
652 3313 688 3349 de
699 3310 788 3351 cazalis
801 3311 999 3352 Ecclefiaflicis
1010 3325 1055 3346 re-

179 3357 294 3400 ferens.
308 3364 363 3392 Hic
374 3367 451 3393 enim
461 3373 522 3394 mos
535 3361 572 3402 est
586 3363 851 3395 Alexandrinorum
865 3360 1055 3404 Archa-pisca.

183 3416 288 3448 porum
297 3433 309 3449 ,
331 3419 366 3449 ut
370 3418 428 3452 per
440 3420 531 3444 totam
543 3414 707 3455 AEgyptum
717 3424 751 3444 ac
762 3411 962 3451 Thebaidem,
993 3415 1057 3444 Ma-

188 3458 325 3490 reotidem
334 3483 345 3499 ‚
370 3460 490 3499 Libyam
502 3487 512 3502 ,
539 3466 750 3494 Amminiacam
762 3487 771 3502 ‚
800 3463 991 3494 Mareotidem
1002 3485 1011 3500 ,
1022 3464 1056 3496 (9⁶

191 3509 375 3552 Pt'ntapolim.
395 3510 586 3553 Eccleſs'astica
607 3519 720 3556 negotia
740 3512 950 3554 administrent.
977 3515 1058 3558 Ergo

1944 155 1989 193 37

1116 223 1214 245 omnes
1223 213 1267 245 illi
1275 212 1311 244 ob
1321 211 1432 252 Christi
1444 222 1547 247 nomen
1567 217 1600 243 in
1620 209 1774 249 custodiam
1793 214 1858 246 dati
1879 214 1932 246 diu
1954 219 1987 245 in

1116 262 1243 294 vinculis
1254 263 1367 295 detenti
1370 260 1465 304 sunt,
1491 270 1563 295 ante
1583 272 1656 303 quos
1677 271 1733 293 non
1755 263 1826 293 nulli
1836 264 1938 298 eadem
1950 265 1988 298 de

1115 312 1203 357 causa
1213 312 1308 350 vindi
1315 318 1489 357 martyrium
1500 311 1656 351 obierunt,
1685 321 1722 345 ac
1725 317 1888 352 praemtum
1894 321 1990 349 morte

1114 358 1254 404 consecuti
1257 360 1352 404 fiant
1377 372 1442 399 cum
1451 367 1570 397 interim
1583 361 1627 402 isti
1645 369 1791 402 tanquam
1802 366 1946 402 primarii
1956 372 1991 396 ac

1111 411 1332 452 praestantiores
1343 419 1375 445 in
1382 411 1528 454 posterum
1549 410 1697 460 reservati
1708 412 1803 453 effint.
1831 411 1868 444 N
1869 409 1991 443 oranda

1116 461 1190 495 sunt
1203 460 1316 495 verba:
1342 466 1471 501 Caeteris
1482 460 1639 509 Epil‘copis
1650 461 1836 501 antecellens.
1860 460 1905 495 Et
1925 470 1993 493 ver-

1116 509 1175 544 ba:
1202 512 1328 553 Adjum
1337 514 1429 548 illius.
1457 513 1623 547 Videntur
1635 512 1799 555 adserere,
1819 509 1911 557 quod
1920 509 1995 548 Me-

1116 561 1211 595 letius
1221 572 1277 604 per
1294 562 1424 606 aliquot
1445 561 1655 607 ‚AEgyptiacae
1678 561 1836 595 Dioecefis
1857 559 1993 597 Provin-

1114 612 1180 645 cias
1190 612 1319 656 gefferit
1329 611 1564 652 Patriarchales
1576 612 1675 654 ,saneti
1687 611 1777 646 Petri
1790 612 1890 650 vices⁹
1903 609 1993 648 ideo-

1114 672 1177 704 que
1194 662 1335 704 primum
1353 662 1394 696 ab
1424 662 1492 706 ipso
1522 662 1636 703 locum
1668 660 1825 694 habuerit.
1865 659 1993 697 Verum

1116 711 1298 751 istiusmodi
1310 711 1543 753 patriarchales
1555 723 1643 746 vices
1649 721 1815 756 ignoravit
1835 708 1993 751 Antiqui-

1115 771 1170 794 tas.
1198 761 1281 796 Eas'
1272 774 1308 802 in
1320 762 1542 806 Illirycianam
1564 760 1742 801 Dioecesim
1761 758 1991 804 primusindu-

1115 811 1164 844 xit
1173 812 1299 851 sanetus
1308 811 1396 856 Papa
1406 813 1576 854 Damasus.
1586 813 1640 847 De
1649 808 1887 845 Alexandrinis
1899 807 1991 841 nulla.

1114 860 1158 893 est
1168 862 1335 896 memoria.
1363 863 1472 920 Qare
1484 862 1663 904 Meletius
1654 872 1740 896 inter
1752 859 1849 903 AEgy
1851 858 1898 903 pti
1918 857 1993 891 Me-

1114 910 1284 953 tropolitas
1294 915 1408 956 nequit
1420 912 1514 948 fuisse
1521 913 1644 956 primus
1657 937 1667 956 ,
1687 911 1745 946 nifi
1755 910 1800 945 ob
1811 919 1938 943 aetatem
1949 906 1992 940 E-

1115 960 1286 1003 piscopalis
1294 961 1555 1000 consecrationis.
1585 962 1634 996 At
1652 972 1759 1005 neque
1780 958 1845 996 haec
1863 958 1993 998 videtur

1115 1009 1283 1044 subsistere.
1298 1011 1452 1046 Etenim
1443 1023 1478 1048 in
1492 1013 1718 1046 Ecclefiastica
1731 1010 1763 1046 h
1767 1010 1866 1050 storia
1877 1008 1991 1044 scribit

1114 1058 1169 1092 Th
1174 1060 1364 1096 eodoretus:
1387 1063 1526 1096 Meletius
1538 1073 1595 1094 non
1606 1064 1697 1095 multo
1708 1072 1800 1102 ante,
1822 1072 1913 1103 quam
1924 1062 1989 1092 Arii

1106 1108 1195 1149 furor
1206 1110 1661 1158 erumperet,Epifiopusfuerat
1672 1114 1835 1144 ordinatus.
1845 1108 1990 1144 Proinde

1115 1158 1204 1193 istius
1215 1159 1484 1202 Prioritatisfides
1506 1162 1539 1199 ὃς
1559 1161 1652 1197 radix
1664 1162 1726 1195 fint
1736 1171 1835 1205 penes
1846 1161 1992 1194 sanctum

1113 1208 1347 1252 Epiphanium.
1361 1211 1455 1246 Alibi
1467 1209 1523 1245 hic
1531 1212 1711 1249 Meletiurn
1721 1221 1817 1248 vocat
1829 1211 1991 1244 Thebaidis

1113 1258 1373 1306 Archiepiscopum,
1383 1272 1416 1295 at
1426 1263 1598 1295 Alexandro
1610 1261 1804 1299 Patriarchae
1811 1260 1989 1307 subjeaum.

1114 1309 1165 1342 Ex
1176 1321 1241 1353 quo
1252 1310 1339 1347 lucet
1349 1311 1527 1350 Meletium
1539 1311 1632 1346 fuiffe
1641 1312 1902 1355 Metropolitam.

1163 1358 1369 1404 Epiphanius
1380 1362 1484 1406 pergit
1496 1375 1503 1393 ι
1532 1365 1610 1395 Cum
1621 1363 1752 1395 nonnulli
1763 1369 1935 1402 martyrium
1940 1360 1992 1403 fe-

1111 1410 1204 1444 liciter
1208 1410 1362 1455 subiiffent
1373 1436 1383 1451 ‚
1410 1413 1545 1446 aliivero
1558 1411 1596 1444 ab
1617 1413 1715 1445 eodem
1734 1414 1903 1455 excidissent
1919 1437 1929 1452 ,
1955 1412 1991 1444 (5

1112 1459 1264 1501 nefariam
1281 1463 1424 1494 idolorum
1439 1460 1676 1505 superstitionem
1696 1461 1872 1504 admiſsffent
1883 1485 1893 1500 ‚
1918 1462 1991 1494 adeo

1112 1519 1145 1542 ut
1156 1517 1192 1545 vi
1200 1521 1236 1544 ac
1246 1512 1406 1552 neceffitare
1412 1510 1619 1555 sacrificarent
1627 1535 1638 1552 ‚
1664 1512 1754 1545 iidem
1754 1511 1819 1554 post
1826 1510 1943 1555 lapfiim
1955 1522 1990 1544 ac

1108 1557 1498 1606 fatrffloiaadconfeffores
1519 1562 1554 1602 ψ
1575 1564 1721 1601 Martyres
1739 1562 1931 1605 accefferunt,
1956 1569 1991 1594 ut

1109 1612 1286 1651 poenitentia
1304 1611 1533 1656 misericordiam
1565 1611 1739 1645 obtinerent.
1779 1614 1916 1656 ,Quorum
1938 1612 1993 1645 alii

1112 1661 1221 1695 milites
1235 1672 1344 1708 erant,
1368 1663 1422 1700 alii
1445 1673 1483 1695 ex
1502 1667 1600 1696 variis
1622 1663 1804 1700 Clericorum
1815 1662 1969 1696 ordinibus
1981 1674 1991 1693 :

1114 1712 1298 1757 Presbyteris
1308 1737 1319 1753 ,
1345 1716 1485 1746 Diaconis
1497 1717 1515 1751 ‚¹
1533 1723 1568 1746 ac
1587 1713 1711 1757 reliquis
1728 1713 1806 1745 aliis.
1835 1717 1911 1747 ffinc
1933 1722 1994 1744 non

1111 1766 1236 1797 minima
1246 1769 1326 1796 inter
1339 1766 1484 1805 Martyres
1494 1767 1643 1797 commotio
1651 1773 1687 1795 ac
1706 1761 1831 1806 diffensto
1855 1762 1893 1803 est
1907 1773 1993 1795 exor-

1111 1819 1163 1843 ta:
1179 1812 1385 1858 vNegantibus
1395 1814 1465 1845 aliis
1476 1823 1524 1846 eos
1536 1836 1548 1852 ,
1574 1819 1625 1854 qui
1639 1809 1733 1854 fhmel
1737 1811 1816 1855 lapsi
1822 1813 1908 1856 essent
1919 1837 1930 1852 ,
1956 1814 1992 1847 o·

1112 1859 1263 1901 Christum
1272 1862 1458 1906 abnegaffent
1471 1885 1482 1903 ‚
1507 1873 1559 1895 nec
1572 1861 1787 1903 fortitudinem
1808 1864 1844 1897 Θ
1862 1862 1992 1902 constan-

1112 1915 1187 1942 ttam
1197 1912 1401 1955 retinuaffent,
1425 1920 1480 1944 aut
1503 1919 1651 1949 certamen
1672 1911 1800 1957 obiissent
1816 1937 1826 1953 ‚
1852 1919 1994 1955 recipien-

1111 1960 1165 1992 dos
1176 1962 1434 2005 adpcenitentiam
1445 1961 1496 2005 effe
1508 1984 1518 2000 ,
1543 1972 1581 1994 ne
1590 1960 1675 2003 forte*
1685 1962 1789 2006 reliqui
1799 1962 1832 1995 ob
1845 1964 1994 1996 celerrime

1110 2009 1150 2045 ab
1167 2016 1210 2043 eis
1233 2017 1427 2052 impetratam
1454 2011 1669 2053 indulgentiam
1697 2017 1808 2049 minore
1831 2020 1993 2057 poenarum

1110 2069 1190 2093 metu
1209 2059 1309 2102 abripi
1324 2058 1390 2104 sese
1403 2068 1584 2101 paterentur
1605 2083 1616 2099 ,
1649 2071 1685 2092 ac
1707 2063 1803 2096 Deum
1825 2072 1993 2106 negarent,

1111 2108 1341 2153 ,execrandisque
1352 2111 1515 2147 Gentilium
1519 2107 1616 2152 sacris
1620 2107 1656 2152 se
1662 2111 1838 2151 polluerent.
1851 2116 1899 2145 Et
1910 2121 1994 2153 erat,

1111 2162 1192 2204 quod
1198 2158 1236 2192 ab
1246 2158 1413 2204 hujufinodi
1425 2158 1641 2203 confessoribus
1652 2160 1806 2194 dicebatur
1813 2187 1822 2202 ,
1843 2165 1863 2195 ἃ
1875 2168 1994 2197 ratione

1114 2222 1171 2244 non
1181 2212 1318 2244 alienum.
1346 2214 1484 2245 Hieram
1495 2211 1633 2243 Meterius
1654 2222 1687 2244 ac
1706 2213 1813 2245 Peleus
1837 2237 1847 2252 ,
1884 2215 1993 2255 altique

1111 2262 1272 2303 complures
1285 2265 1429 2299 Martyres
1439 2284 1449 2300 ,
1475 2271 1546 2303 quos
1558 2261 1659 2293 divim·
1670 2260 1787 2294 honoris
1792 2262 1891 2302 studio
1901 2276 1935 2297 ac
1947 2274 1993 2296 ze-

1111 2313 1138 2345 lo
1160 2313 1358 2353 inflammatos
1373 2334 1383 2350 ‚
1408 2321 1474 2346 cum
1493 2309 1556 2343 haec
1576 2311 1728 2352 dicerent,
1746 2311 1837 2355 fuisse
1857 2325 1916 2347 non
1937 2315 1992 2345 du-

1113 2363 1192 2395 bium
1203 2362 1248 2403 est.
1276 2362 1413 2395 Auc‘lores
1430 2362 1518 2401 porro
1539 2362 1630 2394 iidem
1652 2370 1738 2395 erant
1750 2385 1762 2401 ‚
1789 2372 1823 2396 ut
1829 2361 1992 2405 secundum

1109 2411 1336 2455 persecutionem
1341 2409 1404 2454 post
1409 2409 1523 2452 justum
1533 2411 1655 2453 aliquod
1673 2418 1813 2452 temporls
1830 2411 1968 2456 spatium
1980 2436 1992 2452 ‚

1109 2471 1184 2505 pace
1193 2462 1367 2503 constituta,
1387 2465 1574 2502 poenitentiae
1583 2462 1644 2493 illis
1666 2463 1744 2494 locus
1766 2463 1993 2508 indulgeretur:

1113 2515 1145 2547 51'
1156 2514 1275 2556 quidem
1286 2514 1370 2545 illam
1381 2512 1415 2544 Θ
1424 2522 1462 2544 ex
1473 2517 1571 2543 animo
1576 2508 1760 2553 suseiperent
1773 2536 1784 2552 ,
1809 2522 1902 2556 atque
1922 2514 1994 2554 ejus·

1107 2562 1230 2605 f'ruc‘lus
1252 2562 1432 2597 exhiberent.
1472 2565 1539 2594 Nec
1557 2567 1602 2594 ita
1622 2571 1723 2600 tamen
1735 2586 1745 2602 ‚
1771 2571 1805 2595 ut
1827 2565 1844 2596 ἒ
1865 2565 1995 2597 Clericis

1114 2612 1310 2658 unusquisque
1320 2619 1352 2645 in
1359 2610 1517 2654 pristinum
1540 2612 1672 2646 ordinem
1691 2612 1889 2651 restitueretur
1902 2639 1912 2654 ,
1932 2612 1995 2656 sed

1115 2673 1147 2697 ut
1151 2663 1214 2706 pqst
1234 2664 1355 2708 aliquod
1372 2670 1488 2704 tempus
1505 2662 1549 2694 ad
1570 2662 1726 2704 Ecclefiam
1748 2663 1782 2695 (τ
1807 2667 1994 2695 Communi&

1115 2726 1181 2747 nem
1195 2713 1335 2756 admiffus
1359 2719 1391 2750 in
1411 2715 1526 2754 reliqua
1542 2714 1646 2754 populi
1675 2714 1865 2749 multitudine
1891 2738 1901 2753 ,
1935 2723 1994 2744 non

1113 2771 1192 2797 inter
1212 2766 1344 2797 Clericos
1365 2761 1536 2806 censeretur.
1573 2765 1714 2805 Eratque
1727 2763 1790 2796 haec
1810 2764 1830 2794 a
1850 2767 1995 2796 veritatis

1115 2825 1212 2847 amore
1226 2813 1384 2856 mosella,
1412 2814 1446 2846 Θ
1467 2814 1570 2847 divini
1590 2814 1706 2845 ardoris
1723 2813 1886 2855 plemffima
1907 2817 1993 2847 ratio,

1115 2864 1272 2898 Meletius
1293 2863 1425 2901 volebat
1446 2862 1522 2896 duo.
1550 2861 1662 2900 Primo
1675 2887 1686 2903 ‚
1712 2872 1748 2897 ut
1767 2862 1843 2904 lapfi
1870 2861 1994 2896 Clerici

1115 2922 1283 2952 manerent
1292 2911 1448 2957 perpetuo
1458 2912 1647 2957 irregulares
1659 2936 1668 2952 ,
1693 2912 1726 2945 &
1749 2911 1820 2954 post
1833 2913 1995 2958 perastam

1114 2964 1343 3008 poenitentiam
1358 2974 1427 2997 non
1440 2962 1499 2997 nisi
1520 2962 1604 2996 laica
1627 2961 1875 2998 Communione
1892 2961 1993 2998 dona-

1114 3024 1232 3048 rentur.
1258 3013 1409 3051 Secundd
1420 3037 1431 3053 ,
1456 3022 1493 3047 ut
1503 3012 1578 3055 lapfi
1591 3011 1666 3047 laici
1679 3013 1888 3049 traciarentur
1900 3012 1992 3057 juxta

1115 3064 1239 3109 regulas
1250 3088 1262 3104 ‚
1288 3075 1369 3107 quas
1377 3064 1461 3100 olim
1473 3063 1507 3096 in
1519 3062 1666 3095 Deciana
1680 3057 1906 3105 perseeutione
1919 3063 1991 3096 san-

1115 3115 1363 3152 xerantsanstus
1383 3113 1588 3157 Cyprianus,
1613 3112 1723 3149 omnis
1747 3111 1905 3151 Africana
1926 3111 1992 3146 Ec-

1114 3163 1205 3199 clesia
1216 3188 1227 3204 ,
1253 3173 1351 3206 atque
1362 3163 1523 3198 Romana.

1163 3214 1307 3248 Rursum
1331 3210 1533 3257 Epiphanius
1555 3224 1563 3248 ;
1600 3213 1715 3249 Contra
1730 3209 1922 3255 sanchffimus
1939 3216 1994 3246 Ρι-

1115 3274 1180 3297 trus
1193 3288 1204 3304 ‚
1229 3271 1327 3305 utpote
1347 3262 1490 3305 benignus
1510 3273 1546 3299 ac
1565 3260 1751 3306 misericors,
1776 3264 1810 3297 Θ
1824 3265 1908 3298 velut
1918 3276 1992 3297 com-

1116 3320 1212 3347 munis
1235 3319 1362 3346 omnium
1374 3320 1509 3356 parens,
1535 3310 1583 3345 bis
1607 3313 1670 3345 illos
1689 3312 1791 3347 verbIs
1813 3312 1990 3357 obsecrabat.

1117 3365 1319 3401 Admittamus
1330 3362 1395 3395 illos
1404 3386 1415 3402 ‚
1425 3362 1664 3406 quandoquidem
1669 3371 1774 3405 peccat
1784 3372 1831 3397 eos
1835 3370 1964 3406 poenitet
1978 3388 1990 3403 ,

1117 3425 1148 3446 at
1156 3418 1360 3455 poenitentiam
1379 3412 1438 3446 illis
1457 3411 1663 3453 constituamus
1687 3437 1698 3452 ‚
1725 3422 1760 3446 ut
1769 3415 1814 3446 ad
1831 3413 1992 3455 Ecclesiam

1117 3462 1288 3505 adspirant,
1314 3473 1405 3504 neque
1416 3473 1469 3496 aut
1478 3460 1558 3505 ipsos
1570 3472 1624 3496 aut
1645 3463 1775 3496 Clericos
1798 3462 1993 3506 adversemur

1118 3512 1189 3556 (his
1210 3519 1288 3548 enim
1308 3512 1408 3548 verbis
1421 3537 1432 3554 ‚
1458 3511 1542 3557 usum
1562 3513 1613 3556 effe
1633 3512 1772 3554 constanti
1786 3512 1880 3555 fama
1890 3514 1999 3546 dedici,

1905 3573 1972 3597 mus
1983 3564 1996 3608 )

2008 1050 2115 1121 Lib-841

2007 1094 2095 1131 cap.8
