2346 3776
613 121 1055 174 nissen-rino
1104 121 1526 182 Pkooners.

145 209 341 249 collatione
350 234 361 251 ‚
387 207 442 244 sed
460 204 647 242 iwsolomni
656 203 697 239 ad
709 203 878 249 Populum
889 203 1033 240 Coneio-

147 273 190 297 ne
199 261 381 306 contigisse.
409 256 544 292 Nieaena
557 253 712 298 Synodus
722 256 805 291 fasta
816 253 1030 290 Constantini

147 323 238 347 anno
250 311 406 356 vigesimo
423 331 435 348 ,
459 316 558 350 atque
576 305 623 339 ita
634 315 751 350 quarto
764 314 842 340 ante
852 305 955 349 ipsam
977 316 1033 340 an-

148 374 196 397 no
208 362 308 405 coepit
328 358 428 393 Arius
450 354 683 399 blasphemare.
710 356 791 391 Erat
809 356 918 400 quatri
939 353 1034 389 Chri-

147 412 247 447 stiani
257 409 360 445 saculi
377 406 498 441 Annus
507 406 679 451 vigefimus
689 407 822 450 primus.
848 406 944 441 Hinc
955 404 1034 440 Por-

147 471 278 496 tentum
290 483 301 499 ,
327 457 418 502 quod
442 455 580 491 biennio
591 465 670 491 ante
678 454 737 490 has
756 453 978 499 Blasphetnias
988 456 1032 489 vi-

146 511 201 546 dit
210 509 335 545 sanstus
344 507 516 543 Antonius
527 531 540 547 ‚
564 508 685 543 facium
702 506 767 540 fuit
789 516 882 550 nono
902 504 1032 540 decimo

147 559 255 594 Anno
263 558 356 593 istius
367 557 485 593 saeculi.
505 555 561 591 Ad
573 558 717 601 primam
723 554 798 589 Arii
812 554 1037 599 blasphemam·

92 614 96 618 ’
147 609 419 646 praedicationem
439 607 667 652 praenuntiavit
683 605 726 641 ab
742 605 812 639 istis
825 604 1034 649 blasphemiis

149 658 346 694 movendam
356 659 391 693 ὃ(
402 657 675 694 turbandameffe
694 666 831 704 omnem
848 656 1032 690 Ecclefiam.

149 710 220 753 Ipsa
232 708 407 744 Elementa
416 708 533 744 testata
553 709 632 743 sunt
649 706 752 752 ipsam
767 705 828 740 fibi
852 706 1033 751 displicere.

152 759 198 794 Et
209 760 286 795 sunt
295 759 465 795 detestata-

200 903 203 905 *
228 882 366 933 Prima
389 876 527 926 Sanflz‘
543 875 759 927 Alexandri
780 881 812 924 S
798 875 958 942 ynodus.

272 1009 348 1045 Anc
370 1009 546 1055 Synodum
568 1010 679 1046 laudat
697 1011 734 1045 in
755 1010 900 1045 Panario
912 1010 1041 1044 sanstus

286 1060 501 1105 Epiphanius.
529 1060 604 1096 Arii
617 1060 838 1105 Blasphemias
849 1060 999 1095 adfirmat
1024 1058 1044 1092 a

19 1130 119 1166 ”gres
148 1111 291 1146 Meletio
309 1112 406 1146 fuisse>
422 1112 545 1147 delatas
566 1111 610 1147 ad
632 1112 776 1145 sanetum
789 1110 1039 1148 Alexandrum,

7 1155 138 1210 ‘Rc-d·
149 1161 186 1195 &
196 1163 422 1204 prosequitur:
450 1160 746 1204 Deprehensitigitur
756 1164 844 1202 Ario,
867 1159 1037 1194 Alexander

0 1214 1 1217 ’
149 1210 484 1254 indiHoEpifhoborum
494 1212 627 1244 Concilio
635 1211 741 1251 defide
764 1212 923 1253 diligenter
940 1214 1038 1251 inqut·-

143 1259 219 1303 fivlt
229 1285 240 1300 ‚
266 1261 348 1294 &ab
359 1264 550 1301 Ariopravae
567 1271 604 1292 ac
619 1258 795 1300 perniciosae
814 1260 897 1291 illius
911 1283 922 1298 ,
948 1270 1040 1300 quam

149 1316 250 1344 animo
268 1317 444 1350 conceperat>
460 1334 475 1348 ,1
498 1314 646 1347 opinionis
664 1314 943 1352 rationem-exegn.
982 1312 1039 1340 Hic

150 1365 242 1394 Arius
253 1356 542 1402 nibiltergiversari·
558 1367 616 1391 aut
634 1358 811 1397 dissimulare
822 1382 833 1397 ‚
853 1356 913 1401 sed
927 1357 1042 1399 perfri-

150 1410 200 1443 aa
201 1408 308 1450 fronte
318 1433 328 1447 ,
356 1415 401 1440 uti
413 1406 442 1446 {e
456 1419 505 1441 res
516 1407 646 1441 babebat
657 1431 668 1447 ,
692 1406 852 1450 respondit.
889 1410 994 1452 ,Quam
1005 1406 1040 1439 ob
1067 1422 1069 1428 =

149 1459 470 1494 renatexander-eum
480 1469 518 1492 ex
530 1457 659 1498 Ecclefia
679 1458 865 1491 deturbavit.
903 1462 950 1490 Et
971 1469 1039 1490 cum

148 1520 181 1543 eo
191 1515 296 1552 ingens
309 1513 462 1552 virginum
471 1509 876 1542 &coeterorum-clericorum
887 1532 898 1547 ,
919 1518 992 1550 quos
1005 1508 1040 1539 il-

149 1559 177 1592 le
186 1559 376 1600 depravarat
387 1583 396 1598 ,
417 1564 468 1591 vis
479 1560 608 1599 ejicitur.
636 1558 682 1591 Et
693 1558 728 1592 in
739 1559 885 1602 sequenti
898 1556 1039 1600 ejusdem

18 1629 116 1665 ”ms
150 1609 270 1652 Operis
281 1607 398 1642 Libro:
431 1610 573 1642 Meletius
591 1619 660 1642 rem
675 1619 790 1641 omnem
810 1609 861 1641 ad'
874 1608 1041 1640 Alexandri

2 1653 139 1710 ‘weda
150 1655 390 1700 Archi-Episcopi
401 1670 490 1692 aures.
501 1658 616 1692 detulit·
658 1660 724 1702 ,Qui
741 1669 813 1691 cum·
830 1657 1042 1699 Ariifacinora

149 1707 442 1751 mniafiJgnificaffit
450 1732 460 1748 ,
488 1709 630 1742 nimirum
640 1710 674 1742 ἐν
687 1710 707 1740 ἂ
721 1714 852 1742 veritate
862 1709 948 1741 illum
959 1707 1041 1740 aber·
1065 1720 1068 1724 ·

154 1769 225 1791 rare
234 1782 245 1798 ,
270 1756 368 1800 &sua
376 1756 560 1800 persuasione
565 1757 718 1801 plerosque
729 1759 750 1791 ἃ
760 1758 841 1791 rec‘la
847 1757 911 1800 fide
932 1759 1039 1799 depra-

150 1818 241 1843 vatos
252 1808 293 1841 &-
305 1813 481 1848 inquinatos.
499 1813 534 1841 in
553 1814 680 1841 exitium
699 1807 818 1841 trahere
830 1831 840 1846 ,
868 1808 1044 1841 Alexander

153 1854 348 1898 Arium-adse
358 1868 491 1897 vocant,
515 1859 625 1900 ecquid
632 1855 748 1899 ita-(ese
760 1868 808 1890 res
831 1856 971 1897 baberet,
999 1862 1045 1889 in·
1067 1858 1069 1860 ’

150 1915 290 1950 terrogat.
317 1908 453 1939 rumille
476 1906 555 1939 nibil
570 1905 786 1951 tergiversatus
796 1916 851 1940 aut
860 1905 1018 1939 cundatus
1033 1929 1043 1945 ,

144 1955 571 2000 statimfiontemperfticanr
583 1980 594 1996 ,
619 1967 740 1989 omnem
739 1954 830 1999 sicam
836 1965 973 1998 pravam
983 1961 1042 1998 opi·
1067 1987 1070 1990 .

152 2011 410 2041 nionemevomuit
421 2029 436 2045 ,.
456 2004 642 2048 uteie-ipsius
658 2002 823 2047 Epistolir‚
851 2006 885 2040 (9⁹
904 2005 986 2038 Aliis
1010 2005 1044 2038 ii-

153 2059 213 2091 lius
225 2055 425 2098 Inquisitionis·
434 2054 555 2096 constat..
573 2055 800 2100 ,Quamobrem
807 2055 980 2089 Alexander
993 2053 1046 2087 ba-

152 2105 222 2140 bito
237 2105 480 2144 Presbyter-orum·
497 2128 508 2145 ‚
546 2116 586 2139 ac>
602 2107 790 2148 quorundam
811 2103 1024 2148 Episcoporum
1035 2128 1045 2144 ,

153 2161 207 2199 qui
225 2156 369 2189 adsserant
381 2179 392 2195 ,
419 2158 605 2195 Conventa,
632 2156 670 2188 de
690 2167 722 2189 eo
738 2155 926 2198 quaestionem
935 2155 1046 2194 habet,

158 2215 196 2238 ac
215 2206 373 2249 diiigenter
390 2210 555 2238 examinat.
593 2208 676 2238 Tum
690 2211 818 2239 veritati
840 2206 941 2239 cedere
951 2206 1048 2238 detre-
1067 2199 1069 2224 3

155 2254 286 2289 &latitem
296 2257 376 2294 ejicit
388 2267 425 2288 ex
435 2254 563 2297 Ecclesia
573 2279 583 2296 ‚
610 2267 644 2288 ac
656 2265 720 2289 tota
731 2260 869 2289 civitate
875 2253 1046 2298 proscribit.

158 2306 350 2348 Cumquoo·
362 2309 500 2349 Virgines
512 2306 594 2345 ilice,
621 2307 655 2339 Θ
675 2307 782 2339 Clerici
794 2330 804 2345 ‚
829 2316 896 2338 cum
915 2306 1047 2338 multitu·
1067 2330 1069 2333 .

85 2392 97 2399 h
129 2383 147 2400 ,⁵
159 2356 232 2388 dine
240 2354 524 2398 baudexiguasunt
549 2355 589 2388 ab
610 2354 738 2397 Ecclesia
758 2354 899 2395 distraeii.
934 2355 978 2388 Et
991 2355 1051 2388 ite·

159 2415 253 2438 rum:
281 2409 371 2438 Arius
377 2403 715 2448 suvalexandeetrt·
726 2407 880 2447 Succeffivre
887 2405 988 2445 floruit
999 2429 1009 2445 ,
1026 2405 1046 2435 ἃ

156 2465 214 2497 quo
224 2465 281 2486 non
288 2453 351 2495 fine
362 2462 673 2498 magnacommotione·
680 2480 690 2495 ‚
704 2461 879 2499 ingentique
889 2454 1047 2492 coatia-sy-

157 2505 231 2537 nodo
235 2503 415 2547 profligatus
427 2504 475 2543 est.
502 2507 673 2539 Alexander
684 2506 861 2538 enimillum
871 2507 964 2545 ejecit
971 2528 982 2544 ,
998 2512 1045 2536 at-

156 2565 215 2596 que
225 2552 403 2594 etr-Ecclefia
414 2555 447 2587 Θ
459 2554 535 2587 Urbe
546 2579 556 2594 ,
583 2556 669 2588 velut
694 2561 798 2598 ingens
811 2555 969 2597 quoddam>
984 2565 1046 2585 ma·
1096 2559 1099 2564 '

155 2605 248 2643 ium,
268 2604 400 2645 quod'ad
402 2602 528 2636 'humani
533 2611 654 2647 generis
661 2611 826 2646 perniciem
833 2604 1024 2647 grassabatur
1036 2627 1046 2642 ‚

157 2659 394 2687 exterminavit..
425 2652 543 2687 Primae
562 2680 572 2695 ‚
610 2666 708 2698 quam
730 2655 765 2688 in
787 2654 906 2687 Arium
923 2655 1045 2687 sanstus

157 2702 347 2738 Alexander
360 2703 436 2738 fecit
448 2728 459 2743 ,
485 2703 718 2747 lnquifitionis·
731 2704 813 2738 Asta
827 2703 936 2738 adhuc
947 2703 1045 2737 exsta-

157 2753 238 2788 bant
249 2752 710 2798 tempotesanstiEpiphanii..
743 2753 871 2789 Grandi
894 2753 1045 2788 Ecclefia-

159 2803 247 2837 sticae
268 2802 606 2838 Eruditionisdamno
628 2804 795 2848 perierunt
816 2804 872 2838 illa
885 2827 896 2844 ‚
923 2813 979 2836 aut
1000 2803 1044 2837 la-

156 2859 237 2887 ten't.
266 2851 470 2895 Epiphanius
480 2852 548 2886 duo
560 2852 613 2887 hic
625 2854 745 2888 laudat.
766 2855 853 2887 Nem
859 2855 895 2896 pe
908 2854 1043 2893 Binum,

157 2904 252 2946 supra
264 2902 365 2935 etiam
377 2901 417 2935 ab
428 2903 569 2935 Hermia·
579 2904 771 2938 Zommeno
783 2904 967 2943 laudatum,
978 2904 1044 2937 san-

157 2952 202 2986 sti
223 2951 405 2997 Alexandri
429 2951 690 2993 Confistorium,
714 2954 747 2988 δι·
773 2954 838 2996 ejus
860 2953 1042 2996 synodum.
1067 2954 1068 2957 ’

159 3001 288 3036 Laudat
301 3001 391 3035 enim
416 3002 591 3046 ingentem*
607 3003 639 3036 δε
658 3014 784 3047 magnae
805 3004 1044 3043 commotionis

159 3051 355 3099 Synodum,
381 3062 452 3094 quae
466 3051 585 3085 Arium
608 3063 690 3086 cunr
708 3053 845 3087 Affeclis
854 3053 1021 3087 damnavit
1034 3077 1043 3092 ,

160 3102 303 3144 atquein
316 3102 456 3135 exilium
481 3101 658 3145 proscripsit
670 3114 683 3143 ;
711 3102 754 3135 Et
775 3103 1043 3146 Presbyterorum

160 3151 194 3184 &
206 3151 412 3194 quorundam
425 3152 628 3194 praesentium
642 3151 878 3195 Episcoporum
890 3153 1044 3186 Conven-
1066 3157 1069 3160 ⁴

160 3209 256 3240 tum«,
282 3202 338 3245 qui
353 3201 470 3235 Arium
483 3201 654 3235 dumtaxat
666 3201 808 3235 discuffit
820 3226 830 3241 ,
855 3203 890 3236 ὃς
900 3203 1043 3237 confecit

163 3248 247 3283 Asta
267 3251 326 3284 suae
347 3250 580 3295 Inquifitionis.
629 3251 682 3284 Ex
706 3262 773 3294 quo
792 3251 947 3285 discimus
967 3252 1042 3286 duo.

162 3298 277 3332 Primo
288 3323 299 3339 ,
317 3301 406 3344 quod
417 3311 460 3336 ex
473 3302 605 3344 proprio
616 3299 825 3344 presbyterio
836 3313 873 3334 ac
885 3313 926 3335 ex
940 3301 1045 3336 Adve-

163 3350 216 3382 nis
225 3349 393 3393 Episcopis
403 3351 617 3385 Conventum
629 3362 755 3395 agere,
775 3351 810 3384 fit
823 3350 979 3384 omnibus
989 3351 1045 3385 Pa-

163 3397 310 3432 triarchis
332 3400 598 3444 antiquiffimum.
637 3399 788 3435 Secunde>
800 3425 810 3441 ‚
837 3400 927 3444 quod
946 3401 1047 3436 istius-

164 3447 258 3482 modi
270 3447 574 3494 congregationem
587 3449 792 3494 Epiphanius
815 3451 952 3494 appellet
976 3443 1042 3486 n⁸on

165 3497 340 3541 Synodum
351 3498 430 3545 ,βά
439 3498 609 3548 dumtaxat
621 3501 845 3555 Conventum,
875 3501 918 3536 Et
930 3501 964 3537 in
976 3501 1044 3546 ipso

1919 148 1991 189 143
2010 182 2015 188 .

1099 205 1288 241 Alexander
1298 203 1421 240 Atium
1430 229 1441 245 ,
1452 205 1530 240 licet
1540 202 1731 240 convictum
1739 205 1774 239 δε
1781 209 1982 251 confessum,

1097 267 1166 291 non
1177 255 1346 290 damnavit
1355 280 1366 296 ,
1392 255 1520 290 distulit
1530 256 1566 289 in
1578 254 1709 299 plenam
1719 254 1902 298 Synodum.
1931 259 1978 293 Et

1097 306 1177 340 hinc
1188 305 1323 350 quidam
1334 306 1469 340 censent
1480 306 1547 340 istis
1560 303 1791 340 Conventibus
1807 304 1891 339 olim
1911 319 1982 342 non

1098 356 1191 391 fuiffe
1202 355 1404 399 Synodalem
1415 356 1650 390 austeritatem.
1679 354 1737 389 Est
1759 367 1830 390 non
1850 355 1984 391 modica
1997 354 2005 360 ’

1100 405 1256 453 Questio.
1283 405 1488 440 Discutietur
1497 406 1532 439 in
1545 404 1640 440 Acus
1650 405 1779 449 Synodi
1801 403 1985 440 Chalcedo-

1100 456 1212 491 nenfis.

1149 505 1300 540 Gelafius
1307 505 1494 548 Cyzicenus
1514 505 1624 540 scribit
1635 503 1729 541 varia.
1759 504 1875 540 Primo
1888 504 1990 541 addu·
2007 502 2066 534 Ub-
2080 514 2105 532 2·

1101 557 1147 590 cit
1158 555 1284 601 infigne
1297 555 1395 590 sancti
1406 554 1588 590 Alexandri
1601 555 1761 601 Elogium
1775 570 1786 589 .-
1814 557 1990 598 Alexander
2006 552 2068 582 ⁶²9·
2083 554 2105 573 ¹·

1100 612 1151 639 vir
1156 605 1222 647 fuit
1233 612 1266 638 in
1273 604 1388 649 summo
1406 605 1510 639 bonore
1529 606 1568 639 ab
1587 613 1667 639 omni
1688 605 1824 647 Ecclesi‘ae
1846 607 1932 639 Clero
1952 606 1989 640 ὦ·

1102 657 1210 698 Populo
1222 654 1353 689 babitus.
1390 656 1563 700 Magnificus
1580 680 1591 696 ,
1617 655 1751 689 liberalis
1773 680 1784 696 ,
1815 655 2007 697 facundus-‚J

1101 718 1205 748 aequus
1219 730 1230 746 ‚
1256 709 1315 739 Dei
1325 714 1462 746 amator,
1487 716 1595 739 amans
1616 705 1769 738 bominum
1781 730 1791 745 ,
1812 698 1983 747 pauperum

1093 754 1263 799 studiosus,
1289 755 1427 790 bonus&
1438 754 1613 799 mansuetus
1632 757 1704 800 ergci
1722 766 1845 795 omnes,
1862 754 1896 795 fi
1909 761 1979 798 quis

1101 807 1189 838 alius.
1218 805 1372 840 Secundo
1380 806 1480 840 edicit
1492 805 1674 841 Alexandri
1684 806 1835 840 affectum
1849 805 1882 838 &
1892 803 1989 838 bene-

1102 855 1267 889 ficentiam
1278 856 1313 888 in
1325 854 1445 890 Arium
1458 871 1468 891 :
1495 855 1690 891 Alexander
1696 861 1802 890 Arium
1812 861 1989 897 proximum

1095 903 1151 947 fibi
1170 905 1379 943 Presbyterum
1396 905 1549 946 constituit.
1579 908 1659 941 Hoc
1678 906 1724 941 est
1737 931 1752 947 ,
1776 903 1987 940 Archi-Pres-

1063 996 1065 998 q
1104 954 1253 997 byterum
1276 954 1509 990 Alexandrinae
1530 957 1686 992 Ecclefiae.
1726 953 1990 990 SanstiAchillae

1101 1004 1144 1039 de
1155 1004 1409 1047 Ariojudicium
1421 1017 1490 1039 non
1500 1006 1674 1041 dumtaxat
1685 1007 1826 1040 firmavit
1835 1031 1846 1047 ‚
1874 1004 1930 1040 sed
1956 1005 1992 1039 δε

1103 1054 1210 1098 ample
1221 1055 1326 1089 auxit.
1362 1054 1463 1088 Arius
1474 1056 1709 1099 Episcopatum
1719 1055 1878 1091 ambient
1901 1068 1910 1088 z
1949 1054 1997 1089 Et

1106 1104 1235 1138 videtur
1245 1102 1393 1138 habuisse
1404 1105 1639 1150 Suffragatores
1651 1130 1661 1145 ,
1690 1105 1769 1140 hinc
1790 1105 1888 1139 illum
1899 1104 2001 1139 bene-

1106 1153 1251 1188 volentia
1261 1153 1473 1189 obstristurus
1484 1179 1497 1195 ‚
1521 1157 1675 1199 atqueita
1697 1155 1882 1190 redditurus
1899 1153 1998 1188 stabi-

1106 1204 1171 1238 lem
1192 1205 1226 1237 in
1254 1205 1368 1239 officio
1389 1229 1404 1245 ‚
1437 1206 1548 1239 evexit
1572 1206 1608 1239 in
1636 1203 1996 1248 Archi-Presbyterum.

1106 1254 1250 1288 Gelasius
1272 1255 1367 1290 addit
1386 1266 1428 1289 ex
1445 1255 1523 1290 inde
1545 1256 1723 1291 Ecclesiam
1746 1255 1915 1300 insigniter
1936 1254 1997 1289 flo-

1107 1305 1210 1338 ruifle.
1241 1304 1283 1339 Et
1298 1303 1395 1339 tertio
1412 1305 1540 1350 pergit:
1568 1306 1729 1344 Presbyter
1746 1307 1820 1346 ille,
1843 1316 1930 1348 quem
1949 1305 2002 1338 di·
2013 1303 2087 1343 Cap.
2103 1313 2131 1337 ιε

1105 1355 1241 1388 cebamus
1253 1359 1309 1388 tali
1319 1354 1425 1388 bonore
1435 1356 1561 1398 dignum
1564 1355 1655 1399 fuiffe
1667 1356 1872 1397 existimatum
1882 1355 1922 1388 ab
1933 1356 1996 1389 Ale-

1094 1406 1223 1438 xandro
1235 1429 1246 1445 ‚
1274 1412 1389 1439 nomine
1413 1410 1503 1438 Arius
1521 1430 1532 1446 ,
1567 1412 1619 1439 vir
1634 1405 1737 1449 specie
1750 1407 1871 1449 quidem
1895 1409 1997 1448 magis

1102 1461 1193 1496 pius,
1222 1457 1334 1488 caeterci
1351 1457 1423 1488 vero
1448 1461 1601 1488 vanitatis
1612 1457 1762 1499 &gloriae
1773 1456 1901 1488 callidus
1914 1466 1997 1488 ama-

1106 1514 1173 1547 tor;
1198 1511 1285 1546 coepit
1305 1512 1391 1539 circa
1400 1504 1497 1546 fidem
1522 1511 1555 1537 in
1577 1504 1731 1545 Christum
1745 1511 1906 1549 peregrina
1916 1515 1996 1548 quae-

1106 1556 1179 1587 dam
1185 1554 1346 1596 proferre,
1372 1566 1441 1597 quae
1445 1554 1599 1596 prioribus
1611 1554 1791 1597 temporibus
1813 1566 1896 1588 nemo
1915 1566 1997 1597 que-

1098 1604 1194 1647 flerat
1202 1617 1366 1647 umquam,
1383 1613 1439 1638 aut
1446 1605 1681 1639 introduxerat:
1711 1608 1845 1639 Conatus
1860 1609 1997 1649 Unigeni-

1094 1658 1342 1688 ·tumnonanum
1354 1654 1485 1695 nostrum
1500 1658 1532 1700 J
1545 1657 1694 1689 ESUM
1715 1659 1741 1688 C
1754 1658 1822 1688 HR
1836 1657 2014 1689 15TUMu

1105 1707 1126 1737 ἃ
1148 1708 1254 1738 Patris
1273 1705 1419 1746 ineffabili
1439 1706 1474 1739 ὢ·
1494 1715 1610 1739 aeterna
1634 1709 1813 1739 Divinitate
1826 1703 1969 1748 fiparare
1982 1719 1995 1738 .-

1107 1758 1229 1799 Magnae
1239 1761 1271 1788 in
1282 1754 1409 1796 Ecclesia
1412 1755 1656 1797 perturbationis
1666 1756 1767 1789 aut‘lor
1773 1755 1850 1797 fuit.
1887 1755 1999 1801 Verum

1107 1806 1179 1838 dum
1200 1806 1378 1839 Alexander
1397 1811 1538 1849 ingenita
1547 1803 1617 1849 suae
1656 1815 1781 1840 natur-e
1812 1805 1998 1850 benignitate

1108 1858 1256 1888 Arimin
1267 1857 1371 1888 melius
1383 1851 1501 1888 mutdre
1512 1856 1604 1889 vellet
1628 1856 1802 1889 decentibus·
1820 1857 1998 1889 admonitio-

1108 1904 1194 1937 nibus
1207 1929 1218 1944 ,
1229 1904 1503 1945 necdum-statueret
1516 1906 1675 1938 Sententia
1686 1911 1732 1938 uti
1740 1918 1758 1947 ;
1779 1907 1897 1939 interea?
1906 1911 1997 1939 conti-

1102 1960 1149 1997 git
1160 1954 1194 1986 ob
1203 1954 1255 1987 hoc
1265 1978 1276 1994 ‚
1302 1963 1337 1988 ut
1352 1953 1501 1995 pestilenti
1519 1953 1645 1996 Haerefii
1657 1956 1831 1989 calamitate
1841 1958 1933 1989 multi
1944 1954 1996 1988 ab-

1103 2002 1311 2047 sumerentur,
1339 2006 1374 2038 &
1384 2013 1532 2046 tanquam
1542 2015 1581 2037 ex
1588 2013 1694 2046 parva
1709 2004 1845 2048 scintilla
1867 2017 1996 2049 magnus

1107 2059 1184 2097 ignis
1197 2055 1425 2095 accenderetur3
1448 2055 1560 2086 malum
1572 2060 1718 2095 incipiens
1729 2056 1767 2088 ab
1780 2057 1996 2088 Alexandrino-

1097 2103 1174 2136 'rum
1186 2103 1313 2144 Ecclefia
1321 2127 1331 2144 ‚
1338 2105 1444 2145 plures
1455 2105 1534 2136 alias
1549 2107 1703 2137 Civitates
1714 2114 1804 2147 atque
1815 2107 1995 2139 Provincias

1102 2153 1307 2195 percurrebat.
1336 2152 1481 2193 Postrema
1493 2165 1558 2186 cum
1570 2155 1690 2187 videret
1703 2155 1871 2188 Alexander
1883 2155 1995 2188 malum

1107 2209 1139 2237 in
1147 2202 1239 2246 pejus
1246 2205 1388 2247 progredi
1400 2228 1410 2244 ‚
1437 2205 1580 2243 synodum
1587 2202 1786 2246 subiec‘lorum
1799 2204 1856 2247 fibi
1876 2202 1999 2246 Episto-

1104 2262 1212 2295 porum
1231 2264 1395 2287 convocans
1419 2277 1428 2292 ‚
1465 2256 1499 2288 Θ
1523 2258 1627 2286 Arium
1645 2256 1809 2287 sacerdotio
1831 2255 1997 2296 dejiciens,

1104 2301 1169 2346 suis
1181 2304 1306 2347 Collfflis
1316 2305 1575 2337 rationrmreddit
1587 2316 1601 2345 ‚·
1628 2305 1662 2337 Θ*
1683 2315 1757 2346 quae
1773 2315 1875 2339 contra
1894 2309 1998 2338 Arium

1100 2352 1199 2395 fufius
1210 2362 1360 2395 exponens
1385 2378 1395 2393 ‚
1420 2353 1603 2394 studiumque
1623 2351 1827 2396 exstirpandae
1844 2353 1998 2397 Haerefi’os
2018 2359 2023 2363 '

1108 2409 1148 2435 iis
1169 2405 1307 2444 injiciens
1319 2427 1333 2444 ,
1358 2413 1391 2437 ut
1403 2404 1448 2436 ad
1447 2406 1479 2447 J
1481 2403 1610 2436 udicium
1615 2411 1867 2445 praepararentur
1879 2429 1889 2443 ‚
1916 2403 1997 2448 ipsiu·

1109 2452 1289 2486 adhortatur
1301 2478 1311 2493 ‚
1322 2460 1362 2486 in·
1369 2453 1446 2487 bunc
1460 2455 1579 2486 modum
1588 2454 1633 2485 ad
1639 2464 1688 2486 eos
1695 2452 1838 2496 scribens.
1864 2453 1928 2488 Per
1937 2454 2002 2497 Sy-·

1109 2503 1265 2537 nodalem
1276 2503 1474 2547 Epistolam..

1160 2553 1313 2587 Gelafius
1332 2553 1471 2588 affirmat
1497 2554 1602 2587 varia..
1634 2552 1750 2587 Primo
1761 2578 1772 2595 ‚
1797 2553 1886 2598 quod
1908 2553 1996 2595 solus

1095 2602 1214 2637 'Arius-
1226 2604 1290 2637 fuit
1311 2606 1423 2638 auctor
1440 2602 1535 2646 hujus
1560 2603 1760 2648 Tragediae,
1781 2603 2001 2648 Episcopatus·

1106 2653 1233 2687 ambitu
1244 2653 1371 2688 tumida
1386 2653 1454 2696 ejus
1463 2664 1558 2687 mens
1573 2664 1629 2697 per
1642 2653 1821 2688 Alexandri
1833 2653 1994 2688 beneficia

1105 2704 1201 2737 evafit
1213 2703 1318 2747 pejor..
1342 2704 1431 2751 Qia
1444 2702 1539 2746 hujus
1552 2703 1789 2747 Episcopatum·
1797 2715 1852 2746 per
1861 2713 1993 2747 praetex-

1106 2763 1141 2786 ta·
1153 2753 1302 2787 Personae
1313 2764 1369 2787 aut
1390 2753 1555 2787 Elationis
1572 2754 1649 2787 vitia
1673 2764 1746 2787 non·
1758 2753 1866 2796 potuit
1878 2777 1889 2793 ‚
1913 2754 1993 2787 arie-

1105 2803 1351 2837 tandum-duxit
1362 2815 1418 2847 per
1430 2815 1515 2837 nova
1536 2802 1687 2837 adversus
1707 2802 1991 2845 Divinam‘Maje—

1105 2853 1218 2887 statem
1228 2854 1406 2898 Dogmata.
1429 2854 1473 2887 Et
1483 2853 1574 2886 certe>
1582 2864 1650 2886 non
1664 2853 1750 2886 solus
1764 2851 1925 2892 Achillas,
1936 2852 1991 2887 sed

1105 2904 1138 2937 &
1150 2903 1339 2937 Alexander
1352 2915 1407 2947 per
1429 2912 1616 2937 memorata
1629 2903 1668 2948 in
1686 2902 1806 2936 Arium
1831 2901 1991 2937 beneficia

1105 2952 1245 2987 omnino
1256 2953 1404 2996 deliquit.
1432 2953 1587 2997 Uterque
1598 2951 1810 2992 mandatum,
1826 2951 1915 2996 quod
1929 2952 1992 2987 Di-

1106 3002 1227 3036 vinicus
1239 3013 1411 3046 acceptum
1421 3003 1545 3036 sanctus
1565 3001 1680 3035 Petrus
1701 3004 1830 3044 utrique
1849 3012 1904 3046 per
1912 3000 1990 3037 Pro-

1106 3052 1220 3096 phetiae
1231 3051 1401 3086 Charisma
1414 3053 1589 3086 insinuarat
1599 3076 1610 3091 ‚
1630 3051 1674 3084 est
1689 3050 1905 3086 infeliciffime
1916 3064 1990 3096 prae-

1105 3103 1275 3136 varicatus.
1312 3103 1460 3136 Gelafius
1481 3101 1626 3135 secunde>
1646 3101 1728 3135 dicit
1741 3125 1759 3141 ,.
1778 3101 1989 3146 quod'palam

1106 3152 1456 3186 insanientemArium
1476 3152 1602 3184 sanstus
1622 3150 1817 3186 Alexander·
1830 3151 1988 3186 studuerit

1104 3203 1196 3237 omni
1216 3202 1318 3235 modo
1338 3203 1371 3235 δε
1392 3201 1857 3244 σοῃειιιιραεειῐεὸεῐεάὶισεῐει
1885 3202 1986 3236 Nem-

1107 3255 1144 3295 pe
1156 3264 1210 3296 per
1221 3252 1337 3285 binum
1351 3251 1607 3286 Confissorium..
1628 3250 1749 3285 Tertio
1761 3276 1771 3291 ‚
1786 3251 1875 3295 quod
1887 3253 1987 3287 etiarn

1106 3314 1158 3345 per
1182 3301 1239 3335 has
1261 3301 1416 3335 Paternas
1436 3300 1663 3335 instrastiones
1683 3313 1722 3335 ac
1744 3301 1988 3336 admonitiones

1106 3352 1204 3385 Arius
1221 3351 1341 3385 affidue
1354 3350 1490 3395 inpeius
1501 3352 1682 3395 profecerit.
1710 3352 1845 3386 Etenim
1858 3364 1926 3385 non
1939 3353 1987 3385 so-

1105 3401 1276 3435 lummodo
1288 3400 1508 3442 Alexandria,
1522 3400 1575 3436 sed
1587 3402 1686 3435 etiam
1697 3413 1753 3444 per
1763 3401 1842 3443 alias
1855 3400 1987 3446 AEgyp-

1106 3453 1196 3485 tiacae
1208 3450 1562 3485 Diaeceseos-Civitates
1571 3464 1609 3486 ac
1619 3451 1810 3486 Provincias
1831 3452 1942 3485 multis
1953 3452 1986 3482 &

1106 3500 1408 3537 Clericis&Laicis
1418 3501 1559 3537 affricuit
1579 3503 1670 3539 suam
1693 3501 1844 3539 scabiem.
1873 3500 1915 3532 Et
1934 3498 1985 3531 his

1876 3558 1984 3582 motus
