2346 3776
316 117 342 157 4
773 86 1676 155 DISSERTATIoPRoOEmAms.

313 166 441 217 agrario
453 158 616 203 territorio
627 161 765 201 Civitas.
779 162 896 197 Nomi
916 167 1029 196 tamen
1061 156 1202 193 omnin&
1271 163 1333 197 fert
1345 187 1356 204 ,
1375 164 1465 208 quod
1478 176 1534 209 pet
1544 165 1694 200 Leonem
1704 163 1891 210 Sapientem
1904 166 2068 211 publicata
2078 169 2144 206 Ra.

315 219 567 266 permanserunt.
590 217 698 251 Lucet
711 211 912 250 exaddustis
925 210 1124 246 testimoniis
1134 211 1201 243 san-

315 271 360 305 sti
369 267 548 314 Epiphanii
560 278 598 301 ac
608 268 708 301 santii
721 263 932 307 Hieronymi.
975 261 1089 295 Etiam
1111 260 1147 293 in
1160 260 1202 293 se-

315 319 425 357 cunda
444 317 616 362 Apologia
638 316 764 350 sanstus
775 313 974 349 Athanasius
990 310 1125 345 adducit
1149 310 1203 344 Li-

315 381 399 406 teras
422 372 535 402 Pinnes
546 367 712 405 Presbyteri
734 371 768 398 in
791 365 934 398 domicilio
955 359 1179 405 Ptemengyfiris
1193 383 1202 400 ,

316 432 384 467 quae
395 419 435 461 est
454 425 486 452 in
501 417 701 459 ,antropolitae
722 420 830 448 Nomo.
865 415 1058 449 Nomorum
1079 421 1203 446 memo-

314 472 362 506 r-ia
373 467 578 513 antiquitatis
589 466 717 502 Lestori
730 467 916 510 frequenter
936 463 1086 499 occurrit.
1124 459 1203 494 Por-

316 521 354 557 ro
363 515 601 554 Ecclefiasticas
613 516 808 550 Provincias
821 540 832 556 ‚
863 516 896 550 δε
916 515 1057 558 ipsarum
1069 512 1202 546 Hierat-

314 570 424 606 chiam
436 567 591 612 Apostoli
600 578 669 601 non
681 566 774 610 juxta
795 566 967 609 antiquam
987 563 1007 597 a
1029 561 1202 607 particula-

315 620 405 655 ribus
415 617 565 663 Regibus
575 642 586 659 ‚
613 616 771 661 sedjuxta
781 626 903 651 novam
923 616 942 649 a
967 613 1130 648 Romanis
1142 612 1203 644 lm-

315 669 519 715 peratoribus
539 669 658 702 fastam
679 666 828 702 civilium
851 664 1099 699 provinciarum
1121 660 1204 695 divi-

314 721 438 758 sionem
447 718 626 754 diviserunt
639 742 650 758 ,
662 727 761 762 atque
772 715 983 752 instituerunt
994 739 1001 746 .

361 767 550 818 Qomodo
562 769 741 813 Imperator
747 765 956 801 Theodosius
971 759 1202 796 Patriarcham

319 820 521 856 Dioscorum
543 830 620 854 cum
641 818 756 853 decem
768 812 997 858 Metropolitis
1016 809 1203 846 invitaverit

315 870 358 905 ad
368 869 548 904 secundum
558 867 759 919 Ephefinum
772 865 966 900 Concilium
981 888 992 905 ‚
1002 862 1050 898 est
1061 862 1137 896 satis
1147 860 1205 895 ob-

320 922 460 956 scurum.
479 918 628 966 Qidam
647 917 837 952 existimant
849 913 1117 949 Alexandrinum
1128 913 1205 946 fuis-

318 971 353 1005 se
363 969 501 1003 limilem
522 966 899 1010 Constantinopolitano
913 989 924 1005 ,
955 965 1013 1010 qui
1030 963 1203 998 dumtaxat

315 1016 506 1054 Patriarcha
519 1018 582 1051 fuit
596 1042 606 1056 ‚
619 1029 688 1052 non
699 1015 934 1060 Metropolita:
954 1014 1023 1064 Qi
1034 1013 1136 1049 solam
1150 1011 1205 1046 ha-

319 1068 394 1103 buit
404 1067 579 1110 subjectam
587 1066 766 1101 Dioecesim
779 1090 790 1106 ,
808 1066 936 1100 nullam
948 1064 1113 1109 propriam
1126 1062 1206 1097 Pro-

317 1118 474 1152 vinciam.
501 1117 594 1152 Sicut
605 1118 640 1150 in
653 1117 794 1160 Europae
816 1115 992 1150 Provincia
1011 1125 1090 1150 cum
1109 1113 1205 1158 plena

315 1168 354 1204 in
375 1169 512 1202 cunstos
534 1167 603 1210 ejus
613 1168 796 1211 Episcopos
806 1165 964 1211 potestate
986 1163 1206 1207 Metropolim

316 1218 380 1253 fuit
390 1217 611 1252 Heracliensis
624 1217 825 1260 Episcopus,
853 1215 898 1248 ita
920 1215 956 1247 in
979 1212 1131 1258 Augusta
1144 1211 1206 1245 AE-

318 1267 416 1313 gypti
446 1267 628 1301 ‘Provincia
660 1266 802 1299 similem
828 1263 1021 1310 potestatem
1057 1261 1205 1297 habuisse

316 1317 413 1361 poffit
425 1315 574 1351 Antistes
584 1314 837 1359 Memphitanus
849 1339 860 1356 ‚
871 1323 928 1349 aut
939 1314 1013 1358 quis
1026 1313 1099 1351 istic
1110 1312 1204 1346 alius.

319 1367 364 1402 Et
376 1365 455 1400 hinc
476 1364 686 1400 Theodofius
706 1365 834 1399 videtur
846 1364 994 1399 invitasse
1003 1363 1205 1398 Dioscorum

318 1427 390 1451 non
411 1414 645 1449 tantummodo
668 1426 743 1449 cum
755 1415 869 1450 decem
879 1413 1108 1457 Metropolitis
1120 1438 1130 1454 ‚
1152 1412 1206 1447 sed

318 1467 421 1501 etiam
432 1476 510 1499 cum
521 1465 635 1500 decem
646 1464 909 1499 provincialibus
923 1462 1206 1511 EpistopisQod

319 1514 519 1559 nempeille
538 1514 666 1549 nullam
678 1514 810 1549 haberet
821 1514 1053 1555 Provinciam,
1076 1514 1206 1546 nullum

318 1565 638 1609 comprovincialem·
647 1564 858 1609 Episcopum.
883 1563 1047 1607 Alioquin
1068 1562 1206 1597 debebat

321 1616 453 1650 invitari
466 1626 543 1649 cum
553 1614 712 1650 undecim
740 1614 1007 1650 Provincialibus
1027 1613 1206 1657 Episcopis.

321 1666 366 1699 Et
375 1664 439 1699 hoc
449 1666 621 1698 confirmat
633 1666 757 1701 sanetus
779 1665 1010 1708 Hieronymus
1023 1688 1034 1704 ‚
1062 1663 1176 1697 dicens
1190 1663 1207 1696 a

322 1715 486 1749 Romanis
495 1714 597 1750 alium
609 1713 752 1756 Thebis,
762 1715 866 1752 aliurn
877 1715 913 1748 in
925 1713 1045 1757 Lybia‚
1057 1713 1159 1747 alium
1173 1705 1206 1745 in

322 1763 507 1809 Pentapoli,
516 1765 619 1799 alium
629 1766 663 1799 in
676 1764 835 1809 AEgypto
843 1789 854 1806 ,
866 1765 968 1798 alium
980 1763 1123 1807 judicem
1135 1763 1208 1797 fuis-

326 1815 369 1855 sej
379 1815 596 1849 constitutum
621 1813 838 1849 Alexandriae.
875 1812 1028 1850 Omnino
1049 1813 1188 1846 affirmat
1198 1836 1208 1851 ‚

330 1863 421 1908 quod
431 1863 607 1909 Augustali
616 1864 763 1906 Prefeeio
771 1864 839 1897 sola
852 1862 1080 1897 Alexandrina
1095 1862 1210 1894 civitas

322 1915 388 1949 sine
399 1914 511 1948 medio
523 1913 688 1947 subsuerit.
702 1913 746 1945 Et
758 1912 841 1946 bene
851 1911 1000 1945 affirmat.
1024 1910 1160 1944 Etenim
1173 1910 1208 1943 in

322 1966 380 1998 suo
390 1963 432 1998 de
443 1962 679 1998 Alexandrinis
692 1961 811 1995 Edicto
833 1960 931 1994 habet
955 1961 1136 2002 Imperator
1156 1959 1209 2002 Ju-

323 2014 485 2046 stinianus
499 2025 506 2043 z
534 2015 701 2045 statuimus
715 2009 909 2053 spee‘labilem
919 2008 1102 2050 Praefec‘lum
1113 2011 1209 2051 Augu-

319 2063 425 2105 stalem
435 2060 689 2104 ipfiAlexandriae
696 2059 817 2102 praeeffe
824 2085 835 2100 ‚
860 2060 894 2093 6
911 2069 1023 2091 omnem
1032 2060 1098 2099 ejus
1109 2069 1209 2091 rerum

324 2124 427 2146 curam
437 2111 546 2145 habere
557 2111 692 2145 volumus
704 2134 715 2150 ,
736 2111 771 2143 (5
780 2105 899 2152 insuper
913 2108 1030 2141 duabus
1041 2110 1184 2152 AEgyptis
1198 2131 1208 2147 ‚

328 2174 363 2196 ac
372 2168 410 2194 iis
417 2159 489 2204 solis
503 2185 514 2201 ‚
533 2168 652 2201 excepto
672 2161 778 2202 oppido
798 2159 962 2193 Menelaita
980 2158 1057 2191 dic‘lo
1078 2181 1088 2197 ‚
1130 2159 1210 2200 quod

328 2215 460 2255 AEgypto
467 2212 614 2253 praeiacet
626 2234 636 2250 ,
646 2211 680 2243 (θ’
687 2217 841 2251 praeterea
851 2213 994 2241 Mareota.
1017 2209 1156 2240 Volumus
1168 2213 1210 2249 ip-

326 2261 396 2304 ficm
406 2273 463 2294 non
473 2268 525 2294 uni
538 2261 731 2294 Alexandriae
741 2284 751 2299 ,
772 2260 877 2292 verum
887 2265 977 2293 etiam
987 2258 1103 2290 duabus
1118 2260 1210 2300 AEgy-

325 2318 392 2356 ptis
402 2317 447 2343 ita
452 2311 562 2354 preesse
571 2335 582 2351 ‚
603 2320 638 2343 ut
651 2309 842 2354 Magistratus
853 2309 1054 2342 Provincialis
1062 2307 1210 2340 dic‘larum

328 2363 457 2396 duarum
470 2363 699 2393 provinciarum
712 2384 722 2399 ‚
735 2361 873 2402 quomodo
884 2365 976 2393 etiam
986 2356 1130 2400 bucusque
1140 2356 1210 2389 obti-

330 2417 396 2445 nuit
409 2435 419 2450 ‚
430 2409 486 2451 ipfi
486 2409 541 2453 soli
550 2408 647 2453 subsit.
668 2409 780 2444 Etiam
794 2412 828 2443 in
841 2409 960 2443 Edicto
969 2433 979 2448 ,
991 2406 1079 2451 quod
1094 2408 1211 2441 oetavae

331 2459 479 2497 Novellae
489 2460 572 2503 Legi
585 2460 718 2493 inseruit
730 2484 741 2499 ‚
753 2459 792 2493 &·
799 2459 902 2503 prime-
910 2459 944 2493 &
954 2457 1092 2499 secunde
1103 2456 1212 2501 AEgy-

332 2520 391 2555 pto
403 2509 548 2553 adsignat
561 2510 654 2543 suum
665 2508 833 2542 Praessdem
847 2532 858 2549 ‚
874 2506 1021 2551 adeoque
1031 2507 1132 2542 etiam
1143 2506 1212 2540 illic

261 2566 263 2569 ’
331 2559 488 2602 supponit
501 2556 677 2603 Augustali
685 2558 830 2601 Prefecto
838 2557 964 2592 nullam
983 2557 1191 2591 Provinciam
1203 2581 1213 2597 ,

338 2609 394 2644 sed
423 2608 526 2644 solam
549 2607 809 2642 Alexandrinam
828 2608 994 2642 civitatem
1016 2608 1083 2641 fine
1103 2606 1213 2640 medio

338 2658 501 2693 subfuisse.
524 2658 569 2692 Et
579 2658 726 2693 notanda
739 2660 812 2692 sunt
834 2658 931 2692 verba
941 2671 957 2692 =.·
979 2658 1131 2701 ,Quomodo
1148 2656 1216 2690 huc-

334 2707 428 2752 usque
438 2708 570 2743 obtinuit.
599 2706 776 2742 Affirmant
797 2706 954 2753 Augustae
963 2733 974 2748 ‚
994 2709 1049 2742 seu
1060 2708 1193 2751 integrae
1206 2730 1216 2746 ‚

336 2760 391 2793 seu
409 2759 445 2792 in
469 2758 551 2792 duas
560 2756 670 2792 divisae
683 2783 693 2799 ,
720 2758 868 2803 AEgypti
894 2758 1076 2792 Provinciae
1094 2758 1217 2800 semper

339 2809 434 2842 fuisse
443 2810 538 2842 suum
547 2807 707 2851 Prefidem
718 2833 728 2849 ‚
740 2809 774 2842 ὃς
785 2807 959 2854 Augustali
966 2807 1113 2851 Prefedb
1126 2818 1218 2841 num—

341 2869 441 2900 quam
453 2859 518 2892 fine
541 2857 653 2893 medio
673 2857 834 2892 subfuiffe.
861 2857 965 2906 QOd
984 2858 1090 2902 ipsum
1101 2858 1220 2891 confir-

340 2916 409 2941 mat
421 2907 455 2939 in
468 2906 607 2942 Panario
619 2909 744 2942 sanstus
757 2907 963 2952 Epiphanius
975 2932 985 2948 ,
1015 2908 1058 2942 ad
1087 2907 1220 2941 Diocle-

342 2956 426 2989 tiani
436 2955 612 2998 Imperium
625 2957 764 2992 scribens
774 2959 815 2993 de
827 2958 968 2992 Meletio
990 2957 1199 2992 schismatico
1212 2969 1219 2988 :

324 3050 329 3056 ¹
346 3006 482 3038 Meletius
492 3006 710 3049 comprehensus
721 3007 758 3051 est
765 3009 803 3041 ab
827 3009 1020 3042 Alexandria
1042 3010 1077 3043 (9
1094 3004 1224 3051 AEgypti

346 3053 506 3095 Praefellis
518 3078 528 3094 ‚
553 3055 659 3097 quibus
672 3056 721 3089 hoc
731 3058 769 3090 ab
792 3058 1024 3100 Imperatoribus
1045 3059 1221 3091 mandatum

341 3104 457 3146 fuerat.
485 3106 622 3137 Praeerat
633 3114 701 3137 tunc
723 3107 867 3143 Thebaidi
889 3110 1049 3142 Culcianus
1061 3134 1072 3149 ,
1095 3109 1231 3147 Alexam

347 3155 424 3186 drlae
434 3156 505 3187 ’08Υό
517 3155 669 3186 HleYOCles.
698 3153 848 3192 Affirrnat
869 3158 970 3192 alium
994 3158 1151 3203 AEgypto
1164 3181 1174 3197 ²
1193 3169 1225 3191 a-

353 3203 436 3235 lium
447 3200 638 3244 Thebaidi,
650 3203 753 3237 alium
763 3206 823 3238 soli
836 3206 1035 3251 Alexandrie
1046 3208 1139 3243 fuisse
1151 3207 1224 3250 Pre-

349 3253 478 3286 feetum.
503 3251 614 3294 Etiam
625 3253 660 3285 in
672 3253 762 3297 Lege
778 3254 893 3290 ultima
905 3258 943 3292 ad
954 3258 1088 3293 titulum
1098 3257 1140 3292 de
1159 3268 1226 3301 Ραδ-

352 3302 404 3336 nis
425 3301 646 3343 Iustinianaeus
669 3302 787 3337 Codex
799 3303 987 3342 Praefestum
1007 3307 1225 3353 Augustalem

349 3350 491 3394 appellat
502 3350 690 3384 Praefestum
708 3351 923 3387 Alexandriae.
947 3357 993 3390 At
1005 3358 1081 3393 vero
1090 3357 1177 3402 quod
1190 3357 1224 3390 in

349 3399 502 3435 civilibus
521 3399 682 3443 Prefessus
706 3401 913 3446 Augustalis,
946 3404 1009 3440 hoe
1022 3408 1057 3441 in
1077 3407 1231 3444 Ecclefiae

190 2039 261 2075 cap.
284 2045 308 2065 1.

228 2986 330 3023 Haeies.

212 3035 292 3062 68.c.
307 3040 316 3059 1

1269 215 1439 248 manarum
1450 214 1700 250 Provinciarum
1711 228 1749 250 ac
1770 215 2028 262 Episcopatuum
2048 220 2146 255 Noti-

1268 263 1314 297 tia
1325 262 1557 299 Alexandrino
1577 264 1772 300 Patriarchae
1799 267 1943 313 affign'et‘
1951 265 2045 303 suam
2067 269 2148 305 Pro-

1267 312 1411 349 vinciam
1429 340 1440 356 ‚
1478 316 1511 349 &
1537 315 1762 360 suffraganeos
1784 316 1973 362 Episcopos.
2012 320 2148 355 Etenim

1267 363 1356 406 quod
1367 365 1426 399 ista
1438 365 1474 399 N
1475 365 1573 400 otitia
1586 366 1740 400 immutet
1751 366 1842 411 plura
1853 369 1986 414 antiqua
1997 395 2008 410 ,
2029 371 2063 404 &
2084 382 2149 405 ma-

1268 413 1398 449 nifestas
1419 414 1537 450 habeat
1560 415 1724 450 novitates
1734 440 1746 457 ,
1781 418 1841 452 suo
1853 417 1930 453 loco
1949 420 2147 456 ostendetur.

1267 463 1438 500 Certe-hac
1447 466 1593 501 doctrina
1605 478 1675 501 non
1687 466 1734 501 est
1746 467 1917 510 paradoxa.

1315 514 1489 562 Qudquid
1501 517 1543 551 de
1551 517 1619 561 ipsa
1631 517 1668 550 fit
1681 541 1691 556 ,
1723 515 1933 553 Theodosius
1939 521 2036 563 poffit
2047 521 2151 556 etiam

1268 576 1307 598 ex
1319 565 1387 598 alio
1398 565 1615 602 fundamento
1628 567 1690 601 effe
1709 567 1849 601 locutus.
1887 569 2145 615 Pentapolitana

1266 613 1374 659 Libya
1387 639 1398 656 ,
1408 615 1485 652 licet
1494 617 1532 651 »in
1544 617 1695 652 civilibus
1706 617 1804 651 unica
1817 641 1828 657 ,
1854 617 1889 650 in
1910 618 2150 656 Ecclefiasticis

1270 674 1382 700 tamen
1402 665 1496 701 rebus
1519 668 1583 701 fuit
1603 667 1725 711 duplex
1744 666 1920 702 Provincia
1932 676 1943 708 ·‚
1959 668 2152 715 *habuitque

1268 714 1348 750 duas
1359 716 1636 761 Metropolitanas
1656 717 1771 752 Sedes:
1786 718 1893 751 ‘Duos
1914 728 1986 752 non
2008 711 2152 762 solone-

1270 766 1359 801 mine
1371 791 1382 807 ,
1407 766 1461 801 sed
1482 768 1583 802 etiam
1605 780 1640 803 re
1665 780 1702 802 ac
1723 768 1883 812 potestate
1905 768 2150 812 Metropolitas.

1268 814 1542 858 Cyrenensem-ac
1553 818 1813 853 ptolomensem.
1836 818 1891 852 De
1902 814 2089 861 Cyrenensi
2102 830 2153 853 res

1267 865 1312 899 est
1323 866 1418 902 clara.
1447 867 1583 903 Etenim
1593 870 1629 902 in
1641 870 1764 903 Literis
1785 867 1826 902 ad
1845 867 2007 903 Troilum
2026 870 2152 903 sanstus

1267 916 1415 959 Synefius
1423 916 1643 954 ptolomaidis
1660 920 1732 955 istic
1749 918 2154 963 Episcopus‘Pentapolim
2172 934 2256 974 595sp

1268 967 1405 1001 affirmat
1413 968 1477 1002 esse
1490 969 1679 1004 Romanam
1690 969 1902 1004 Provinciam
1918 993 1929 1009 ,
1956 969 1990 1003 ’δε
2010 968 2155 1012 appellat
2173 987 2187 1012 7
2191 985 2219 1013 3.

1268 1015 1476 1059 Pentapolim
1487 1017 1720 1062 Cyrenensem.
1743 1020 1788 1054 Et
1798 1020 1843 1054 ita
1851 1018 2032 1063 appellatur
2041 1019 2156 1063 paffim

1269 1065 1310 1100 ab
1321 1066 1392 1100 aliis
1402 1066 1505 1100 etiam
1514 1068 1742 1112 scriptoribus.
1763 1069 1857 1104 Idem
1877 1069 2029 1112 Synefius
2039 1069 2075 1103 in
2086 1069 2157 1103 lite-

1270 1117 1312 1149 ris
1323 1116 1363 1150 ad
1376 1115 1609 1160 Theophilum
1620 1116 1826 1161 Alexandnie
1846 1118 2072 1153 Patriarcham
2093 1128 2159 1153 tra-

1270 1168 1330 1199 stat
1342 1165 1435 1200 litem
1445 1166 1646 1209 pendentem
1657 1165 1744 1200 inter
1754 1163 1902 1209 Erythry
1924 1167 1960 1200 δε
1980 1167 2158 1203 Palebiscae

1270 1215 1429 1250 Ecclefias
1447 1239 1458 1255 ,
1486 1215 1520 1248 &
1531 1214 1643 1248 scribit
1653 1215 1695 1248 de
1711 1214 1857 1249 Philone
1868 1216 2049 1258 Cyrenenfi
2061 1228 2101 1252 ac
2111 1217 2160 1252 si-

1269 1265 1361 1300 derio
1381 1263 1558 1299 Palebiscae
1582 1265 1770 1308 Episcopis:
1800 1263 2001 1307 Asenioribur
2010 1265 2161 1311 accepiso-

1268 1318 1329 1350 lum
1352 1315 1449 1349 beatae
1467 1321 1617 1348 memoriae
1628 1313 1782 1348 Philonem
1792 1313 1897 1358 ausum
1909 1315 2161 1360 effecollegamsu'-
2175 1313 2258 1354 51²³st-

1269 1378 1318 1399 um
1327 1364 1507 1408 Episcopum
1521 1370 1702 1398 renuntiare.
1730 1364 1897 1406 Cyrenenfii
1904 1364 1952 1398 hic
1963 1365 2034 1407 fuit
2044 1390 2055 1406 ,
2075 1371 2160 1400 anti-
2177 1360 2223 1390 ⁶7·

1269 1422 1351 1458 quior
1365 1440 1376 1455 ‚
1378 1418 1512 1456 junioris
1518 1423 1653 1456 patruus
1668 1439 1678 1454 ‚
1702 1417 1737 1449 (θ’
1744 1413 1879 1458 ejusdem
1889 1422 1956 1448 eum
1965 1426 1998 1448 oo
2007 1421 2138 1450 nominis
2147 1433 2161 1456 -‚

1270 1472 1386 1499 caeteris
1397 1466 1516 1507 quidem
1526 1471 1558 1497 in
1571 1464 1659 1498 rebus
1670 1476 1709 1498 ex
1716 1463 1896 1508 praescripto
1921 1464 2091 1508 Christiane
2112 1467 2161 1499 di-

1265 1514 1401 1558 sciplinae
1413 1521 1526 1548 vivens
1537 1538 1547 1554 ,
1570 1516 1650 1556 quod
1667 1524 1770 1548 autem
1783 1517 1829 1548 ad
1837 1516 2160 1560 regendum&·paren-

1271 1567 1345 1599 dum
1357 1571 1469 1598 attinet
1479 1589 1491 1606 ,
1501 1565 1642 1597 audacior
1651 1567 1744 1608 qucim
1750 1567 1850 1609 legum
1858 1564 2071 1609 observantior.
2097 1564 2162 1600 Ar-

1271 1615 1344 1659 guit
1355 1614 1536 1648 Philonem
1548 1639 1559 1655 ,
1580 1615 1670 1658 quod
1682 1615 1915 1659 Erythrensem
1923 1615 2161 1660 Episcopatum

1271 1664 1417 1699 diviserit
1430 1689 1440 1704 ,
1460 1665 1550 1709 quod
1558 1677 1679 1700 novam
1690 1665 1920 1709 Episcopalem
1930 1665 2039 1700 sedem
2048 1666 2163 1710 posue·

1272 1716 1312 1749 rit
1322 1715 1408 1759 apud
1419 1714 1621 1750 Palebiscam
1632 1739 1643 1755 ‚
1654 1716 1688 1749 ὃς
1697 1715 1860 1750 Siderium
1872 1715 1944 1749 istic
1950 1717 2162 1758 consecrave-

1272 1768 1314 1798 rit
1325 1765 1359 1798 in
1372 1767 1519 1808 primum.
1527 1765 1741 1808 Episcopum.
1773 1766 1858 1811 Qae
1877 1764 1988 1806 palam
2003 1773 2105 1798 nemo
2115 1772 2162 1798 at-

1272 1823 1398 1846 tentare
1410 1815 1506 1855 poffit
1518 1835 1529 1851 ‚
1549 1813 1609 1844 nifi
1635 1812 1865 1856 Metropolita.
1900 1811 1946 1846 Et
1955 1811 2159 1848 Ammianus

1272 1861 1810 1904 MarcellinusinterPentapoleos
1828 1860 1980 1896 civitates
1996 1862 2104 1904 primo
2112 1862 2163 1897 lo*-

1272 1924 1312 1946 co
1325 1913 1420 1955 ponit
1432 1912 1600 1952 cyrenem
1611 1934 1622 1950 ‚
1642 1920 1741 1952 atque
1751 1909 1903 1955 adjungit
1915 1924 1922 1943 :
1951 1916 2086 1951 cyrenas
2095 1924 2161 1946 cum

1271 1960 1391 2002 rffduis
1402 1958 1697 1997 civitati-bustulam
1720 1962 1927 2002 Pentapoleos.
1953 1961 2060 2009 Qod
2071 1958 2162 1997 'nem-
2179 1960 2238 1992 Lib.
2250 1972 2297 1997 ⁴0·

1273 2010 1310 2053 pe
1320 2011 1386 2052 ipsa
1397 2009 1474 2042 effet
1485 2008 1694 2052 Metropolis.
1724 2009 1769 2043 Et
1791 2009 1871 2044 hinc
1894 2011 1931 2044 in
1951 2010 2160 2055 Apostolicis
2177 2009 2298 2054 ‘³²P·†3·

1273 2058 1362 2093 Acus
1373 2058 1482 2093 scribit
1491 2059 1593 2093 etiam
1614 2060 1739 2093 sanstus
1758 2059 1886 2095 Lucas:
1902 2064 1961 2094 >Et
1973 2054 2083 2103 partes
2106 2065 2159 2095 Li-
2251 2074 2255 2078 ’

1271 2109 1351 2150 byae,
1375 2121 1443 2151 quae
1455 2108 1582 2149 estcirca
1590 2108 1741 2147 cyrenem.
1768 2110 1850 2144 Hoc
1868 2110 1936 2151 est,
1963 2122 2034 2154 quae
2055 2111 2160 2156 Cyre-

1274 2170 1350 2193 nem
1360 2159 1626 2201 circumspicitur
1637 2159 1868 2203 Metropolim.
1890 2159 2006 2206 Pergit
2029 2162 2160 2196 sanstus

1272 2209 1420 2252 Synefius
1430 2207 1472 2243 de
1482 2207 1612 2243 Siderio
1624 2208 1801 2244 Palebiscae
1813 2210 1980 2254 Episcopo
1994 2223 2001 2244 ι
2014 2213 2159 2257 'Magnus

1275 2257 1451 2300 Athanasius
1470 2266 1665 2293 attentatam
1676 2259 1693 2292 a
1702 2258 1849 2295 >Philone
1859 2260 2032 2295 audaciam
2052 2269 2164 2304 tempo*

1271 2314 1299 2340 ri
1309 2310 1392 2342 dedit
1402 2333 1413 2349 ‚
1439 2319 1475 2341 ac
1486 2320 1544 2341 non
1553 2310 1646 2342 malm
1651 2309 1715 2350 pist
1726 2335 1737 2350 ‚
1762 2322 1828 2343 cum
1847 2317 1988 2354 exiguam
2010 2311 2109 2344 adhuc
2117 2323 2163 2344 or·

1272 2358 1410 2392 thodoxae
1415 2358 1490 2400 fidei
1495 2357 1659 2401 scintillam
1669 2383 1680 2399 ,
1704 2371 1773 2402 quae
1783 2366 1815 2392 in
1823 2362 2008 2394 Ptolomaide
2013 2355 2086 2395 era't
2095 2361 2163 2403 ‚fo—

1272 2420 1343 2442 vere
1352 2420 1386 2442 ac
1398 2415 1494 2452 magis
1506 2410 1541 2443 (9⁹
1553 2415 1649 2453 magis
1660 2418 1808 2451 oporteret
1817 2413 1976 2445 accendere
1985 2436 1997 2453 ,
2016 2410 2164 2444 hommem

1272 2460 1367 2498 illum,
1378 2458 1541 2499 majoribus
1554 2459 1641 2492 rebus
1646 2462 1789 2503 gerendis
1813 2462 1952 2495 idoneum
1961 2486 1972 2502 ‚
1999 2464 2032 2494 θό
2052 2467 2164 2504 migra*

1272 2521 1305 2542 re
1312 2509 1394 2549 juffit
1405 2533 1414 2549 ‚
1440 2517 1475 2541 ut
1498 2511 1762 2550 Metropolitanum
1784 2510 1945 2553 Ecclesiam
1966 2511 2162 2554 gubernaret.

1275 2558 1389 2592 Palam
1413 2558 1557 2592 affirmat
1579 2559 1826 2595 Ptolomaidem
1846 2562 1940 2595 fuiffe
1961 2559 2164 2594 Ecclesiasti-

1283 2619 1356 2642 cam
1368 2608 1597 2652 Metropolim.
1611 2609 1655 2643 Et
1667 2610 1751 2643 infra
1761 2610 1884 2647 scribit:
1897 2613 1944 2643 sic
1953 2619 2097 2644 evenerat
2105 2633 2116 2650 ‚
2127 2618 2163 2643 ut

1271 2664 1378 2701 paucis
1385 2664 1517 2700 exceptis
1544 2657 1685 2702 Episcopi
1706 2672 1805 2694 omnes
1828 2662 2042 2694 Ptolomaidem
2058 2669 2164 2693 com-

1277 2715 1396 2750 nirent;
1426 2718 1460 2742 ut
1473 2709 1509 2741 de
1518 2710 1601 2742 civili
1610 2711 1739 2751 quodam
1748 2717 1859 2755 negotio
1880 2711 2089 2744 deliberarent.
2113 2708 2162 2742 Et

1278 2759 1397 2793 iterum
1411 2772 1422 2792 :
1448 2760 1563 2791 Eodem
1572 2757 1676 2802 rursus
1694 2760 1837 2802 finitimis
1857 2773 1896 2794 ex
1917 2762 1985 2793 locis
2006 2757 2163 2803 Eptfiopo-

1279 2821 1345 2842 rum
1357 2809 1447 2842 turha
1463 2815 1608 2842 concurrit
1620 2834 1631 2850 ‚
1657 2821 1723 2843 cum
1744 2811 1823 2844 alius
1834 2812 1905 2844 aliis
1918 2812 1954 2844 de
1963 2807 2055 2852 caufit
2066 2811 2099 2842 eo
2109 2819 2162 2841 ve-

1280 2860 1369 2902 nisset.
1393 2858 1464 2892 Cur
1476 2858 1716 2903 Episcoporum
1726 2860 1819 2895 turba
1831 2885 1842 2901 ,
1864 2862 1897 2895 ὅ(
1908 2859 2040 2905 quidem
2054 2858 2111 2892 alii
2121 2869 2163 2891 ex

1280 2909 1352 2942 aliis
1362 2909 1465 2942 caufis
1475 2932 1486 2949 ‚
1500 2919 1711 2943 vconcurrunt
1722 2910 1967 2945 Ptolemaidem
1979 2911 1993 2943 ?
2003 2909 2085 2943 Non
2096 2907 2162 2941 alia

1280 2958 1321 2993 de
1332 2959 1427 2993 causa
1441 2983 1452 2999 ‚
1470 2957 1568 3002 quam
1579 2959 1620 2993 ad
1632 2960 1886 2995 consultandum
1894 2957 2159 3001 Metropolitam.

1283 3009 1326 3042 Et
1336 3008 1466 3044 adverte
1477 3009 1564 3043 circa
1579 3010 1681 3045 solam
1703 3010 1947 3045 Ptolemaidem
1966 3006 2063 3042 fuisse
2084 3007 2161 3051 Epi-

1281 3061 1455 3102 scoporum
1461 3068 1610 3094 turmam.
1639 3060 1740 3094 Haud
1752 3061 1852 3096 dubie
1868 3060 1934 3093 ‚fuit
1954 3059 2056 3092 etiam
2075 3058 2162 3091 circa

1281 3109 1462 3152 Cyrenem.
1490 3110 1585 3143 Hinc
1596 3111 1631 3143 in
1655 3111 1770 3145 Sinefii
1791 3108 1948 3152 Epistolis
1960 3108 2068 3152 plures
2087 3109 2162 3141 sunt

1281 3158 1322 3193 ab
1332 3168 1471 3203 utroque
1482 3159 1658 3194 relationes
1680 3160 1721 3194 ad
1741 3156 1965 3194 Patriarcham
1986 3156 2162 3200 Theophi-
2208 3159 2211 3162 ’

1283 3208 1352 3242 lum
1366 3221 1372 3241 ε
1394 3209 1498 3257 Qod
1511 3211 1626 3253 nempe
1633 3220 1770 3252 uterque
1781 3208 1858 3243 effet
1869 3207 2162 3251 Metropolitanus.

1283 3259 1373 3293 Nam
1384 3257 1600 3294 Provincialis
1613 3260 1792 3303 Episcopus
1803 3270 1859 3302 per
1883 3257 2164 3292 facros‘Canones

1284 3307 1474 3351 prohibetur
1483 3310 1632 3353 proxime
1645 3309 1762 3342 referre
1772 3309 1814 3342 ad
1836 3306 2068 3342 Patriarcham.
2090 3308 2125 3340 N
2127 3319 2165 3341 ec

1282 3358 1373 3392 obest
1386 3383 1396 3399 ,
1423 3360 1514 3403 quod
1540 3360 1637 3394 sansti
1657 3359 1782 3399 Synefii
1793 3369 1971 3403 germanus
1983 3359 2078 3392 frater
2092 3382 2102 3397 ,
2128 3368 2167 3391 ac

1286 3408 1322 3441 in
1336 3409 1557 3444 ptolomaidis
1564 3409 1799 3453 Episcopatum
1820 3410 1986 3443 Successor
2005 3408 2166 3451 Evoptius

352 3449 441 3488 ssicis
453 3450 599 3497 AEgypti
611 3452 754 3499 negotiis
764 3453 827 3488 fuit
837 3453 1031 3491 Patriarcha.
1056 3458 1173 3503 Neque
1182 3468 1234 3511 rer,
1286 3458 1322 3492 in
1334 3457 1493 3503 Ephesina
1507 3459 1642 3506 Synodo
1652 3459 1781 3496 locutus
1791 3458 1830 3494 fit
1839 3468 1937 3505 atque
1949 3457 2167 3502 subscripserit

2049 3531 2052 3534 -
2095 3506 2167 3550 post

2341 520 2346 551 i

2340 565 2346 596 i

2340 601 2346 687 1

2313 1010 2346 1084 *l

2340 1088 2346 1194 ξ
