2346 3776
55 2547 115 2579 Lib.
129 2559 153 2578 ι.

54 2598 118 2627 cap.
126 2598 152 2625 3.

429 66 472 95 ζ

642 138 1084 189 DlssERTATio
1135 137 1552 191 Pkooznmms.

193 226 253 270 qui
264 226 372 260 fando
388 219 582 265 Presbytero
601 220 791 266 Augustino
813 232 924 255 coram
946 222 978 255 se
989 233 1067 256 con-

195 274 353 311 cionandi
362 272 555 316 potestatem
565 271 688 315 primus
701 272 779 305 fecit
792 295 802 311 ,
828 271 958 314 coepiffe
970 297 979 312 ‚
990 283 1067 306 cum

195 326 335 370 plurium
345 322 559 367 Collegarum
570 320 732 366 obloquio
750 320 903 355 intercidi
915 321 1024 355 scribit
1036 322 1066 356 S.

196 372 366 411 Poffidius.
395 372 448 405 Ex
459 370 598 405 hisitem
611 372 829 417 intelligimus
837 397 848 413 ‚
876 382 942 414 quo
954 373 987 405 fu
993 371 1068 406 nda-

192 431 305 462 mento
314 420 504 463 Colluthus‚
512 423 610 455 unius
619 421 850 456 Alexandrina:
861 421 993 464 Basilice
1006 422 1068 456 Re-

189 474 258 508 ἂοι·
278 496 290 511 ‚
322 471 551 516 Episcopalem
571 472 853 506 consecrationem
874 471 1045 505 ambiverit
1057 497 1067 512 ,

186 521 326 556 eandem
337 522 375 555 sit
385 523 544 557 mentitus
554 523 610 557 fibi
623 522 823 566 impartitam
835 547 845 562 ‚
872 524 905 556 se
918 533 976 566 pro
989 522 1066 566 Epi-

186 572 287 615 scopo
297 571 427 617 gesserit
437 597 448 613 ,
474 574 509 607 &
521 573 667 608 Clericos
676 572 864 606 consecrare
884 574 1062 606 attentarit.

188 621 281 669 Qia
293 622 409 666 nempe
418 635 534 657 omnes
547 623 600 658 isti
621 623 775 656 Rectores
791 623 892 666 usque
907 623 948 658 ad
961 623 1063 656 Hera-

186 671 243 705 elae
252 683 290 706 ac
310 672 404 706 Dion
431 674 465 706 fii
486 683 632 717 tempora
652 673 782 706 fuerant
804 673 1018 707 Consecratio
1024 684 1064 705 ne

183 721 341 767 Episcopi
353 735 360 755 :
380 686 477 757 Iliam
485 721 758 757 consuetudinem
772 722 952 757 Colluthus
962 732 1066 756 tenta-

184 772 234 805 vit
244 782 398 817 reparare.
424 772 589 808 Existimo
600 772 690 818 quod
700 774 887 808 consecrare
893 773 1065 808 tentaverit

183 820 274 855 solos
282 821 432 856 Clericos
442 823 504 857 suae
514 822 663 857 Basilicae.
677 823 736 857 An
747 823 807 857 ista
818 823 900 858 olim
912 823 985 867 ipfis
997 824 1066 858 fue-

182 870 227 905 rit
239 870 377 905 &cultas
386 895 398 914 ‚
424 883 494 908 non
506 873 622 916 poffirn
633 872 750 908 dicere.
777 874 915 908 Interim
926 873 1006 907 hinc
1019 874 1065 906 vi-

183 919 242 957 des
250 920 384 965 singulis
392 921 461 956 istis
473 923 615 957 Basilicis
625 923 721 958 fuisse
740 924 825 958 olim
844 924 949 968 plures
962 922 1065 957 Cleri-

184 980 264 1004 cos:
293 971 405 1005 Etiam
415 971 635 1017 Presbyteros.

233 1019 380 1069 Quaestio
390 1021 448 1064 est,
459 1032 543 1067 quot
553 1024 633 1058 tales
646 1023 796 1059 Basilicas
803 1035 901 1069 atque
913 1026 1065 1059 Rectores

180 1068 392 1113 Presbyteros
402 1073 485 1107 olim
498 1071 650 1111 habuerit
660 1074 889 1116 Alexandrina
901 1073 1061 1109 Ecclesia?

180 1117 368 1155 Patriarcha
389 1122 575 1166 Eutychius
596 1124 737 1159 affirmat
762 1126 856 1160 fuisse
883 1123 1059 1159 duodecim

179 1168 392 1214 Presbyteros
403 1197 413 1210 ,
439 1174 473 1206 &
483 1173 617 1216 quidem
628 1185 668 1207 ex
688 1173 901 1209 Institutione
923 1175 958 1208 &
969 1172 1059 1208 Con-

181 1219 363 1254 sectatione
373 1222 405 1255 S.
414 1222 533 1256 Marci.
557 1223 612 1257 De
622 1223 833 1257 Basilicarum
845 1235 984 1258 numero
996 1222 1059 1266 ple-

181 1268 226 1303 ne
235 1269 311 1304 silet.
333 1270 378 1304 Et
387 1273 461 1314 quis
469 1272 581 1305 credat
588 1283 630 1304 ex
640 1281 721 1304 tunc
733 1272 827 1305 fuisse
837 1272 906 1306 illic
915 1282 966 1306 tot
978 1272 1058 1306 Basi-

181 1318 285 1352 licas?
307 1318 466 1354 Eusebius
474 1320 686 1354 Caesaraeenfis
707 1331 749 1354 ex
767 1319 912 1356 Philone
923 1323 1061 1356 affirmat

175 1364 238 1411 xper
252 1367 406 1402 Marcum
428 1369 464 1402 in
484 1370 599 1414 quavis
622 1370 739 1404 Nomo
760 1383 799 1405 ac
822 1384 903 1416 agro
921 1375 1060 1407 erestum

180 1417 275 1453 fuisse
285 1418 380 1452 suurn
390 1419 563 1464 augustum
573 1420 769 1463 Templum,
778 1423 936 1466 suumque
943 1423 1062 1457 Mona-

181 1467 330 1502 sterium:
341 1469 511 1512 praesertim
522 1470 608 1503 circa
619 1469 728 1504 lacum
738 1471 943 1509 Mareotidis.
955 1473 998 1506 Et
1006 1484 1061 1516 per

178 1516 423 1552 Monasterium
436 1519 563 1554 videtur
573 1519 751 1554 Mandram
763 1521 954 1567 intelligere.
969 1522 1058 1556 Nam

179 1567 410 1612 principaliora
421 1569 623 1604 Monasteria
636 1570 740 1604 Graeci
761 1573 884 1615 semper
902 1583 1059 1607 vocarunt

180 1617 341 1652 Mandras
353 1643 364 1659 ,
389 1631 569 1664 eorumque
584 1619 775 1655 Praefestum
785 1622 987 1666 appellarunt
999 1622 1061 1657 Ar-

183 1666 464 1704 chi-Mandritam.
491 1671 545 1704 De
566 1671 662 1714 ipsius
683 1670 893 1706 Alexandr-iaz
915 1672 1060 1707 Basilicis

184 1718 347 1754 Eusebius
359 1718 444 1754 nihil
458 1720 605 1755 affirmat.
616 1721 711 1769 Qin
724 1721 793 1755 imo
800 1722 966 1757 S.Matcus
975 1722 1061 1757 vide-

185 1777 239 1801 tur
250 1780 320 1802 non
331 1770 443 1804 statim
459 1781 511 1805 tot
531 1771 742 1815 Presbyteros
762 1772 832 1807 istic
853 1773 1057 1809 consecrasse.

183 1817 321 1851 Etenim
331 1819 468 1863 antiqua
482 1845 493 1860 ,
518 1831 574 1864 per
587 1820 815 1858 Abrahamum
826 1822 1059 1860 Ecchelensem

182 1867 337 1901 translata
349 1868 382 1902 &
392 1869 538 1915 vulgata,
547 1870 851 1909 Alexandrinorum
862 1875 1061 1911 Patriarcha-

182 1926 257 1951 rum
266 1917 413 1951 Historia
424 1917 730 1964 habeteMultlfflicato
740 1926 921 1960 credentium
932 1934 965 1960 in
972 1927 1060 1960 Chri-

178 1965 258 2008 stum
267 1978 386 2002 numero
396 1994 407 2010 ‚
427 1969 573 2011 constituit
582 1974 610 2005 5.
625 1975 747 2007 Marcus
768 1980 918 2010 Amanum
937 1978 1059 2021 Episto-

181 2024 261 2059 pum
272 2019 479 2062 Alexandria,
490 2023 525 2055 (5
534 2033 599 2055 cum
609 2034 640 2056 eo
650 2033 712 2057 tres
723 2026 910 2066 Prerbyteros
923 2051 933 2067 ,
945 2029 980 2061 (5
988 2031 1061 2060 Dia-

184 2077 268 2100 conos
274 2065 397 2111 ftptem.
426 2070 590 2106 Existimo
602 2073 871 2118 Presbyterorum
887 2088 1058 2111 numerum

188 2118 240 2151 uti
259 2118 294 2151 δε
315 2119 467 2155 Basilicas
478 2146 489 2161 ‚
516 2122 717 2166 pedetentim
729 2138 805 2160 cum
827 2126 975 2161 fidelium
984 2140 1060 2173 aug-

181 2177 297 2203 mento
317 2171 493 2213 profecisse.
527 2174 621 2208 Hinc
645 2175 674 2208 S.
697 2175 902 2220 Epiphanius
921 2178 1058 2213 affirmat

183 2217 266 2260 ipsas
272 2218 330 2253 sub
340 2219 369 2253 S.
381 2219 562 2257 Alexandri
575 2224 801 2260 patriarchatu
813 2228 907 2262 fuisse
917 2228 1037 2263 multas
1048 2254 1057 2269 ,

184 2266 293 2311 plures
303 2280 411 2306 autern
422 2272 481 2306 suo
491 2282 647 2317 tempore.
674 2277 808 2311 Sanctus
827 2277 902 2312 vero
912 2278 1060 2315 Athana-

184 2317 247 2351 sius
259 2319 397 2355 affirmat
407 2321 466 2356 sub
476 2324 507 2357 se
519 2324 612 2359 fuisse
623 2327 782 2371 paucas&
792 2339 911 2371 parvas.
929 2329 1058 2373 Nempe

184 2370 327 2425 respectu
333 2373 495 2407 numerosi
501 2373 581 2409 stimi
604 2374 735 2420 Populi.
764 2377 898 2412 Sanetus
916 2379 1059 2424 Epipha-

184 2428 260 2452 mus
269 2430 379 2463 praeter
388 2422 566 2459 Caesaream
579 2424 811 2462 Cathedralem
822 2440 990 2464 enumerat
1003 2442 1059 2465 no-

186 2478 259 2501 vem
281 2469 521 2514 Presbyterales
530 2499 540 2514 ‚
567 2486 665 2519 atque
686 2477 837 2523 adjungit
849 2492 856 2510 :
882 2481 917 2512 ό·
933 2490 1056 2514 caeterae.

183 2515 284 2575 Apud
295 2519 462 2556 Gelasium
472 2523 678 2566 Cyzicenum
688 2537 778 2561 extat
790 2528 950 2572 Diploma
962 2555 972 2570 ‚
990 2529 1058 2575 qud

186 2565 305 2603 Arium
315 2569 546 2615 Presbyterum
556 2576 650 2610 suum
669 2577 698 2610 S.
720 2577 911 2613 Alexander
922 2580 1056 2614 Patriar-

185 2615 249 2651 cha
257 2618 393 2656 damnat
401 2621 447 2656 ob
459 2634 580 2658 novam
590 2623 739 2660 haeresim.
767 2627 811 2662 Et
832 2629 938 2672 ipsum
955 2631 1057 2665 mittit

185 2666 229 2701 ad
239 2679 352 2705 omnes
362 2672 534 2708 Ecclesias:
556 2675 588 2708 δε
598 2675 654 2719 ipsi
664 2676 867 2712 subscribunt
879 2680 1057 2724 septemde-

162 2722 167 2726 “
186 2718 254 2751 cim
274 2710 453 2765 Presbyteri
472 2723 708 2763 Alexandrinas
727 2728 880 2762 Ecclesiae.
915 2730 1058 2765 Proinde

187 2766 288 2802 Arius
296 2779 364 2804 erat
372 2771 519 2808 decimus
530 2777 671 2811 odiavus.
686 2777 767 2812 Non
780 2780 870 2814 enim
882 2780 1010 2815 videtur
1018 2793 1059 2815 ex

187 2826 267 2852 tunc
274 2819 368 2854 fuisse
377 2823 448 2865 quis
456 2824 625 2863 ordinatus
638 2828 673 2861 in
683 2827 751 2870 ejus
760 2828 926 2863 Titulum.
957 2832 999 2864 Et
1023 2832 1056 2865 in

192 2869 336 2924 sec-unda
356 2870 386 2903 S.
408 2870 579 2909 Athanasii
600 2875 769 2923 Apologia
791 2890 880 2914 extat
890 2880 931 2915 ad
944 2879 1059 2916 Theo-

191 2929 309 2975 gnium
321 2921 355 2954 ὅ(
366 2920 451 2975 alios
462 2922 575 2967 Tyriae
585 2927 710 2969 Synodi
724 2925 900 2965 Antistites
908 2931 1059 2974 epistola,

187 2979 241 3002 cui
252 2968 298 3002 est
312 2970 497 3016 Epigraphe
510 2986 517 3005 z
544 2977 708 3016 Presbyteri
725 2979 759 3012 &⁸
771 2982 895 3014 Draconi
907 3006 917 3021 ,
936 2980 994 3024 sub
1005 2985 1060 3015 Re-

186 3021 384 3060 verendiffimo
393 3021 539 3065 Episcopo
547 3025 701 3069 Athanasio
711 3053 722 3068 ‚
742 3029 905 3064 Catholicae
924 3030 1059 3073 Ecclefiae

187 3069 411 3104 Alexandrinam
424 3073 467 3105 Et
479 3072 679 3111 subscribunt
691 3077 875 3122 Presbyteri
886 3081 1059 3115 sexdecim.

189 3117 259 3153 Eos
269 3120 352 3154 inter
363 3133 433 3155 non
444 3123 490 3157 est
504 3123 773 3171 Timotheus,qui
785 3129 985 3173 impudentis
998 3143 1062 3166 me-

190 3170 343 3204 retriculae
372 3171 552 3207 calumnias
578 3177 692 3210 evertit
718 3178 753 3210 in
778 3178 887 3222 Tyria
914 3181 1060 3224 Synodo.

191 3218 294 3266 Qod
304 3232 422 3265 nempe
441 3223 468 3256 is
487 3225 565 3259 esset
585 3225 672 3268 apud
700 3225 923 3263 Athanafium.
953 3231 1062 3265 Etiam

192 3270 263 3311 quis
285 3271 365 3305 alter
374 3297 384 3313 ,
412 3272 482 3306 imo
502 3274 535 3307 &
556 3275 690 3318 quidam
713 3277 769 3310 alii
791 3279 907 3321 possint
919 3280 1063 3315 abfuisse.

194 3317 283 3353 Nam
291 3331 367 3359 ante
374 3325 552 3357 extrustam
561 3326 732 3368 Cesar-eam
742 3327 911 3364 Basilicam
921 3331 1066 3366 Alexan-

198 3366 253 3401 der
264 3370 441 3415 Episcopus
453 3372 568 3409 habuit
578 3376 764 3411 octodecim
777 3378 987 3422 Presbyteros
998 3406 1008 3421 ‚
1021 3381 1066 3415 id-

197 3428 302 3461 eoque
313 3421 478 3457 Successor
490 3423 687 3460 Athanasius
707 3427 821 3462 debuit
842 3428 985 3464 habuisse
1007 3443 1064 3465 no-

199 3467 386 3504 vemdecim.
413 3474 502 3520 Qia
513 3486 630 3520 nempe
642 3478 673 3511 S.
686 3477 836 3512 Theonae
848 3480 995 3521 Basilica,
1004 3493 1066 3524 que

195 3516 306 3552 sanstae
316 3517 504 3559 Alexandro
516 3526 579 3559 fuit
596 3525 801 3565 Cathedralis
812 3554 823 3571 ,
849 3530 921 3574 post
933 3530 1068 3567 aedifica-

299 3571 414 3614 Differt.
426 3575 548 3607 Prooem.
559 3578 635 3609 Tom.
647 3581 671 3610 Ι.

1129 232 1195 256 tam
1209 223 1387 257 Caesaream
1399 221 1443 256 est
1456 220 1542 254 versa
1562 219 1597 252 in
1608 216 1871 262 Presbyteralem.
1901 220 2007 264 Ipsam

1129 272 1214 306 inter
1223 271 1461 317 presbyterales
1471 268 1586 304 diserte
1600 277 1749 302 numerat
1759 268 2004 304 sAthanafius.

1127 322 1253 356 Possint
1263 323 1357 358 fuisse
1369 322 1403 355 ὃς
1413 321 1484 355 aliae
1505 318 1601 353 nobis
1621 319 1752 364 ignotae.
1781 318 1867 352 Item
1886 320 2005 362 possint

1128 373 1220 406 fuisse
1232 372 1420 415 Presbyteri
1433 371 1499 404 fine
1510 367 1696 403 istiusmodi
1708 367 1847 402 Titulis.

1182 420 1261 458 Alia
1273 422 1404 466 quaestio
1415 420 1461 454 est
1472 445 1483 461 ‚
1504 431 1546 453 an
1559 418 1787 454 Alexandrina
1799 417 1940 452 Ecclesia
1952 417 2010 451 sub

1128 472 1158 505 se
1169 470 1319 506 habuerit
1330 472 1489 505 forensem
1501 468 1700 504 Parochiam
1714 492 1724 510 ‚
1751 469 1806 502 seu
1815 468 1958 502 forenses
1970 469 2003 501 &

1127 522 1300 556 rusticanas
1310 519 1517 557 Parochiales
1529 519 1693 553 Basilicas?
1703 519 1840 553 Etenim
1852 518 2006 551 Romana

1130 571 1269 607 Ecclesia
1275 571 1355 606 tales
1366 580 1547 614 numquam
1557 567 1683 603 habuit.
1709 570 1842 612 Semper
1872 566 1988 601 habuit
1999 591 2010 607 ‚

1127 634 1164 656 ac
1175 622 1361 658 etiamnum
1373 620 1472 655 habet
1483 619 1567 654 solas
1591 618 1749 653 Urbanas
1770 618 1925 652 Basilicas
1946 642 1957 657 ‚
1981 618 2016 651 δε

1127 672 1254 716 aliquot
1274 673 1363 706 extra
1384 682 1495 705 muros
1516 669 1708 703 Caemeteria
1730 680 1767 702 ac
1792 667 2006 702 Monasteria.

1128 723 1209 770 Q
1225 723 1378 758 omnium
1389 721 1448 756 sub
1461 719 1553 755 Caelo
1566 718 1787 763 Ecclesiarum
1809 716 2015 751 solicitudini

1128 774 1247 807 melius
1258 772 1441 808 attenderet
1451 772 1626 806 Romanus
1642 769 1827 812 Episcopus
1839 791 1850 807 ‚
1858 767 1887 800 S.
1899 766 2016 801 Petrus

1126 823 1233 866 ipsum
1241 823 1346 857 voluit
1354 823 1416 857 esse
1425 821 1524 857 solius
1535 819 1642 854 Urbis
1654 816 2013 862 Episcopum,liberum

1126 871 1167 906 ab
1178 874 1271 906 omni
1284 885 1360 907 cura
1372 872 1578 917 Pagensium.
1607 869 1691 917 Qae
1702 869 1807 902 forma
1821 866 1951 901 videtur
1963 867 2011 900 vi-

1125 921 1228 967 guisse
1239 923 1337 956 etiam
1350 921 1538 957 Antiochiae
1549 921 1583 954 ἃς
1596 918 1900 962 Constantinopoli.
1919 918 2016 963 Qae-

1126 974 1206 1006 ritur
1216 997 1227 1012 ‚
1254 984 1296 1006 an
1308 972 1451 1007 eandem
1460 973 1488 1004 S.
1501 971 1634 1004 Marcus
1645 969 1842 1013 plantaverit
1871 967 2016 1002 Alexan-

1125 1022 1198 1056 driae
1209 1022 1431 1066 ?Resp0ndeo
1443 1032 1512 1055 non
1526 1019 1691 1064 plantasle.
1707 1019 1814 1053 Lucet
1825 1030 1867 1053 ex
1883 1018 1932 1061 Ep
1940 1017 2016 1051 isto-

1125 1073 1268 1115 la,quam
1277 1072 1318 1106 ad
1328 1072 1479 1108 Flavium
1487 1069 1697 1115 Philagrium
1707 1068 1924 1113 Augustalem
1943 1067 2015 1109 Pre-

1134 1123 1256 1156 fectum
1268 1123 1391 1165 scripsit
1402 1133 1462 1166 pro
1473 1121 1502 1154 S.
1516 1119 1700 1155 Athanasio
1723 1119 1836 1153 Clerus
1858 1118 2016 1151 Mareoti-

1123 1171 1181 1206 dis.
1211 1171 1323 1206 Habet
1334 1171 1419 1206 hanc
1432 1169 1642 1215 Epigraphen
1656 1183 1663 1202 :
1677 1168 1892 1207 Presbyteri&
1907 1172 2016 1201 Diaco-

1125 1229 1155 1254 m'
1169 1226 1322 1256 Mareotici
1333 1224 1349 1255 ἑ
1361 1226 1487 1266 Regione
1495 1223 1530 1255 (⁸5
1541 1226 1639 1254 Nomo
1650 1246 1661 1261 ,
1686 1221 1773 1260 cujus
1786 1216 2003 1260 Episcopatum

1121 1279 1197 1316 gerit
1206 1273 1474 1313 Reverendffmus
1488 1270 1676 1312 Athanasius.
1707 1269 1811 1303 Extat
1822 1268 1961 1311 epistola
1973 1269 2010 1302 in

1124 1322 1264 1356 secunda
1276 1321 1448 1367 Apologia
1465 1321 1590 1355 laudati
1601 1318 1784 1354 Athanasii.
1813 1319 1857 1352 Et
1869 1320 1937 1362 ipse
1947 1317 2009 1353 ibi-

1123 1372 1164 1406 de
1175 1371 1373 1407 Athanasius
1386 1371 1508 1406 scribit:
1521 1375 1670 1405 Mareotes
1680 1370 1718 1411 est
1729 1381 1800 1412 ager
1815 1370 2018 1411 Alexandroe,

1123 1435 1179 1464 quo
1188 1428 1220 1455 in
1228 1424 1286 1456 loco
1294 1434 1461 1464 numquam
1482 1420 1649 1464 Episcopus
1662 1420 1731 1461 fult
1743 1444 1752 1458 ,
1774 1422 1832 1451 imo
1844 1430 1896 1451 nec
1907 1418 1999 1451 Chor-

1122 1471 1270 1515 episcopus
1282 1473 1414 1514 quidem,
1418 1470 1478 1514 sed
1485 1469 1621 1514 Univers
1614 1482 1641 1503 ae
1651 1471 1716 1510 qiu!
1726 1469 1779 1502 loci
1790 1471 1821 1500 E
1823 1467 1913 1509 cclefiq
1938 1472 2014 1511 Ept-

1119 1521 1202 1566 scopo
1214 1523 1416 1557 Alexandrino
1419 1520 1588 1564 subjacent,
1599 1527 1645 1553 ita
1656 1529 1756 1552 tamen
1767 1528 1800 1552 ut
1808 1518 1917 1562 singul}
1924 1527 2000 1563 pagi

1118 1571 1186 1615 suos
1198 1573 1386 1611 Presbyteros
1397 1571 1615 1605 babeantsunt
1626 1579 1727 1603 autem
1734 1574 1807 1612 pagi
1821 1568 1867 1609 isti
1874 1577 2001 1602 maximi

1122 1624 1220 1656 decem
1231 1631 1416 1663 numero,aut
1426 1623 1580 1664 aliquanto
1588 1622 1701 1663 plures.
1718 1622 1819 1663 Pagus
1832 1620 1999 1659 autemstbt

1123 1672 1242 1706 habitat
1249 1670 1392 1715 Isbhyras‚
1402 1678 1544 1704 minimus
1556 1670 1594 1710 est
1605 1696 1615 1711 ‚
1627 1672 1661 1704 (5
1667 1671 1898 1712 pauciffimorum
1913 1669 2006 1703 homi·

1122 1735 1194 1757 num
1202 1749 1212 1764 ,
1223 1724 1297 1756 adeo
1307 1734 1341 1757 ut
1353 1735 1409 1756 non
1419 1722 1461 1754 ib}
1473 1747 1483 1762 ,
1489 1720 1548 1764 fied
1555 1728 1588 1754 in
1593 1727 1731 1763 proximo
1737 1729 1815 1763 pago
1825 1718 1951 1760 Ecclesia
1973 1720 2015 1762 fit

1129 1773 1295 1813 constituta.
1320 1773 1418 1807 Extat
1429 1771 1553 1806 ibidem
1566 1772 1669 1806 totius
1680 1770 1856 1804 Mareotici
1868 1769 1957 1803 Cleri
1970 1769 2014 1804 ad.

1135 1824 1279 1867 Tyriam
1292 1823 1465 1868 Synodum
1479 1835 1538 1870 pro
1550 1823 1581 1858 S.
1594 1820 1775 1857 Athanasio
1787 1819 1925 1864 epistola
1938 1844 1948 1860 ‚
1959 1820 2015 1854 cui

1129 1874 1335 1912 subscribunt
1346 1875 1597 1922 quatuordecim
1606 1871 1792 1918 Presbyteri
1807 1897 1817 1913 ,
1830 1872 1865 1906 &
1875 1870 2013 1914 quinde-

1130 1928 1198 1961 cim
1222 1928 1378 1962 Diaconi.
1407 1928 1451 1960 Et
1471 1926 1607 1961 laudatae
1618 1949 1628 1965 ‚
1655 1936 1725 1968 quae
1746 1923 1832 1968 apud
1846 1920 2015 1956 Gelasium

1131 1978 1337 2021 Cyzicenum
1349 1987 1438 2012 extat
1460 1979 1490 2012 S.
1517 1975 1700 2010 Alexandri
1724 1974 1872 2008 adversus
1895 1971 2013 2006 Arium

1121 2028 1260 2071 epistolae
1270 2027 1474 2061 subscribunt
1485 2024 1647 2059 sexdecim
1668 2024 1846 2058 Mareotici
1870 2021 2010 2065 Presby-

1121 2078 1226 2117 teri‚&
1237 2076 1377 2111 totidem
1389 2073 1761 2110 DiaconiSubscribunt
1773 2071 1920 2116 proxime
1936 2072 2012 2115 post

1122 2127 1350 2171 septemdecim
1358 2126 1569 2170 Presbyteros
1581 2150 1592 2165 ,
1616 2125 1650 2158 ὅ(
1662 2123 1819 2158 tredecim
1831 2123 2005 2156 Diaconos

1122 2177 1355 2212 Alexandrinae
1365 2177 1515 2211 civitatis.
1542 2173 1646 2224 Qod
1666 2173 1865 2208 Mareotidis
1896 2172 2010 2206 Eccle-

1121 2228 1161 2262 sia
1170 2239 1212 2262 ex
1220 2228 1248 2261 S.
1261 2228 1367 2261 Marci
1380 2228 1535 2260 Instituto
1560 2227 1677 2268 spestet
1703 2224 1851 2268 proxime
1877 2222 1918 2257 ad
1931 2222 2010 2256 Ale-

1120 2279 1316 2312 xandrinam
1327 2276 1527 2312 Cathedram
1537 2300 1548 2316 ‚
1573 2274 1682 2309 lucide
1694 2274 1832 2308 insinuat
1843 2272 2005 2307 Eusebius

1122 2329 1293 2363 Caesaraeen
1299 2329 1344 2362 fis.

1170 2379 1213 2413 Et
1225 2391 1267 2414 ex
1278 2378 1328 2412 his
1340 2377 1538 2412 addiscimus
1549 2373 1861 2419 varia.Primd‚quod
1873 2372 2005 2408 Mareo-

1120 2429 1196 2463 tidis
1206 2429 1294 2462 lacus
1301 2427 1448 2462 habuerit
1458 2427 1514 2461 sibi
1523 2426 1705 2469 adjacentes
1716 2436 1816 2470 pagos
1829 2423 2004 2464 varios,ali-

1120 2490 1202 2523 quot
1212 2479 1297 2513 ultra
1308 2477 1584 2513 decemSecundo
1593 2502 1603 2517 ‚
1616 2476 1705 2519 quod
1720 2487 1787 2508 non
1799 2475 1935 2518 quisque
1951 2485 2006 2517 pa-

1119 2541 1180 2574 gus
1191 2554 1202 2570 ,
1228 2529 1282 2563 sed
1295 2529 1355 2562 soli
1366 2528 1612 2572 principaliores
1624 2525 1799 2561 habuerint
1810 2524 1999 2559 Ecclesiam.

1119 2580 1270 2613 Minores
1289 2580 1325 2612 in
1345 2578 1578 2612 Ecclesiasticis
1601 2575 1829 2620 dependebant
1856 2576 1874 2608 a
1896 2575 2009 2608 vicino

1121 2630 1254 2673 majori,
1266 2641 1302 2664 ac
1313 2628 1380 2671 ejus
1392 2626 1644 2671 frequentabant
1659 2626 1838 2659 Basilicam.
1868 2626 1912 2658 Et
1923 2623 2001 2659 talis

1118 2690 1185 2714 erat
1196 2680 1347 2724 pagus‚in
1359 2690 1426 2722 quo
1437 2678 1621 2712 Eusebiana
1632 2677 1744 2710 Fastio
1757 2675 1861 2710 erexit
1875 2684 2002 2707 novum

1120 2728 1513 2774 Episcopatum,dandum
1522 2727 1718 2771 nequissimo
1725 2724 1925 2767 Ischyrae,uti
1937 2734 2003 2766 pre-

1120 2781 1224 2814 mium
1237 2781 1307 2823 fiete
1318 2781 1351 2812 in
1363 2779 1392 2812 S.
1403 2777 1621 2812 Athanasium
1634 2776 1815 2811 calumniae.
1829 2775 2002 2806 Discimus

1120 2830 1218 2864 tertio
1229 2855 1240 2870 ‚
1261 2829 1351 2874 quod
1362 2828 1420 2862 sub
1433 2826 1621 2862 Patriarcha
1632 2826 1823 2861 Alexandro
1837 2823 2002 2858 Mariotes

1124 2879 1273 2915 habuerit
1284 2879 1444 2914 sexdecim
1455 2877 1677 2920 Presbyteros,
1687 2888 1723 2909 ac
1736 2873 1874 2908 totidem
1887 2873 2012 2915 Diaco}

1122 2942 1191 2964 nos.
1255 2931 1309 2964 uia
1317 2929 1434 2972 nempe
1456 2928 1574 2971 quaevis
1592 2928 1662 2960 istic
1684 2924 1835 2969 Pagenfis
1861 2923 2005 2958 Ecclesia

1123 2980 1262 3014 habebat
1272 2982 1367 3014 suurn
1378 2977 1657 3020 Presbyterum,ac
1669 2977 1761 3008 suum
1774 2972 1831 3008 sub
1841 2974 1900 3007 illo
1922 2973 2003 3007 Dia-

1122 3042 1254 3065 conum.
1319 3040 1393 3063 uare
1404 3028 1485 3063 dum
1496 3027 1580 3061 datis
1599 3025 1640 3059 ad
1662 3025 1806 3069 Tyriam
1826 3023 2003 3066 synodum

1123 3081 1223 3114 literis
1236 3091 1291 3124 per
1304 3077 1552 3123 quatuordecim
1563 3075 1735 3109 dumtaxat
1746 3073 1957 3116 Presbyteros
1968 3074 2003 3107 δε

1125 3129 1314 3174 quindecim
1326 3129 1496 3163 Diaconos
1506 3125 1718 3168 subscriptum
1728 3124 1904 3167 est3reliqui
1915 3123 2006 3158 oble--

1125 3190 1199 3214 rant
1209 3190 1264 3213 aut
1274 3178 1415 3212 aberant.
1445 3174 1612 3209 Discimus
1619 3174 1736 3219 quarto
1748 3200 1758 3215 ‚
1770 3175 1859 3219 quod
1872 3174 1929 3208 ista
1942 3175 2005 3207 Re-

1127 3232 1186 3276 gio
1198 3230 1230 3264 &
1240 3230 1407 3272 Pagorum
1417 3226 1631 3270 congregatio
1653 3236 1833 3268 numquam
1852 3223 2002 3259 habuerit

1125 3279 1406 3322 Chorepiscopum
1419 3299 1429 3315 ‚
1455 3277 1508 3310 seu
1520 3276 1695 3310 Decanum
1713 3275 1878 3309 Ruralem.
1906 3275 1999 3323 Qa

1127 3329 1242 3373 nempe
1253 3330 1320 3362 fine
1341 3326 1451 3361 medio
1476 3325 1634 3368 spectabat
1646 3325 1687 3359 ad
1704 3325 1937 3359 Patriarcham.
1951 3326 2003 3357 lta

1126 3380 1260 3413 videtur.
1288 3378 1332 3411 Et
1343 3375 1409 3410 haec
1421 3376 1501 3409 item
1514 3376 1641 3410 videtur
1650 3377 1747 3410 causa
1758 3401 1768 3416 ,
1796 3387 1838 3409 ex
1865 3386 1928 3418 qua
1939 3374 2001 3406 Di-

1126 3429 1262 3473 plomati
1274 3451 1284 3467 ,
1304 3438 1371 3471 quo
1384 3425 1572 3460 Alexander
1583 3425 1768 3460 Patriarcha
1782 3425 1903 3458 Arium
1915 3424 2003 3457 dam-

1128 3480 1216 3513 navit
1228 3503 1238 3518 ,
1265 3489 1333 3511 non
1357 3476 1419 3510 soli
1444 3477 1661 3515 Civitatenses
1672 3475 1855 3517 Presbyteri
1868 3486 1905 3508 ac
1925 3473 2005 3506 Dia-

1128 3527 1205 3564 coni
1216 3527 1476 3574 subscripserint,
1502 3526 1555 3562 sed
1565 3525 1862 3609 etianlriMareotici.
1892 3523 2004 3605 Etiagn

1124 3583 1128 3589 '
1908 3582 1959 3606 am
1984 3583 2007 3604 o
