2346 3776
122 277 228 319 Epist'3
236 290 246 310 ι
250 290 278 318 9.

221 621 226 623 >
292 604 438 638 Civitate
475 603 636 638 Eusebius
649 604 854 638 Cesaraeenfis
879 604 913 636 in
925 601 1094 636 Palaestina
1108 601 1184 642 Epi-

376 129 477 170 206

304 218 338 239 ro
348 204 616 246 estpronunetata.
644 199 689 239 Et
699 204 735 239 in
747 201 862 236 litteris
887 201 928 240 ad
955 200 1186 236 Innocentium

301 255 414 290 laudat
422 254 571 289 Ecclefiae
583 256 645 289 suae
655 253 866 296 presbyteros
871 270 886 293 -‚
905 252 1088 287 :adfirmans
1095 251 1186 294 ,ipsos

300 306 370 341 esse
395 307 488 339 Beati
514 309 709 348 Hermogenis
730 308 894 347 genuinam
913 301 1039 346 sobolem
1063 315 1074 334 .-
1100 302 1183 334 ultus

306 359 524 400 Hermogenis,
549 359 643 397 quiin
655 363 769 397 magna
788 354 843 386 ma
851 348 983 393 synodo,
1008 353 1091 386 illam
1111 351 1186 393 fidei

289 405 480 450 formulam,
505 409 632 437 maximt
654 408 870 437 cummomenti
894 411 961 436 tum
987 402 1096 435 roboris
1123 413 1185 434 con-

290 454 425 500 scrtpfit.
453 452 654 497 Respondeo
664 452 732 487 haec
762 453 935 488 conciliari
961 452 1002 486 ab
1015 450 1183 496 Epistola,

294 516 394 551 quam
420 503 461 537 ad
473 505 583 537 nescio
625 514 710 547 quos
721 504 847 545 amicos
873 501 1183 546 Epistoposscripfit

294 555 366 599 post
380 553 507 587 editum
533 554 568 587 &
589 553 754 589 firmatum
776 553 972 597 Symbolum
991 564 1031 586 ex
1045 552 1079 585 N
1085 552 1182 584 icaena

291 655 426 696 scopus:
455 655 537 697 ,ραις
560 655 597 687 de
615 652 677 696 fide
698 652 893 695 Ecclefiastica
920 658 952 684 in
964 662 1071 694 magno
1082 654 1183 683 Conci-

289 705 329 738 llo
340 707 458 737 Nicaeae
469 703 610 737 celebrato
621 702 840 746 trao‘latasunt
854 728 865 743 ,
892 699 1046 742 verisimile
1070 699 1108 740 est
1125 710 1180 733 vos

290 755 415 787 aliunde
441 754 594 797 didtcsffe‚
620 755 685 787 ct'cm
709 760 880 787 accuratam
906 762 1007 783 rerum
1029 749 1180 794 gestarum

290 808 495 837 narrationem
502 811 689 845 praevertere
693 803 786 845 fama
791 801 884 845 soleat
896 824 903 831 .
932 799 1041 834 Verum
1064 811 1102 833 ne
1128 811 1183 834 ru-

289 865 369 887 more
393 853 442 893 isto
467 855 555 886 aliter
565 853 672 892 vobts,
701 854 792 894 quam
817 862 866 884 res
890 849 1002 884 habeat
1015 872 1025 890 ,
1052 848 1176 884 veritas

289 909 465 943 nuntietur,
492 903 644 945 necessario
669 903 780 935 advos
794 899 921 942 mtfitnus
939 907 1075 942 primum
1100 900 1180 933 obla-

288 962 355 986 tam
366 954 387 984 a*
397 952 480 984 nobis
487 951 562 993 fidet
572 951 738 992 formulam
747 976 758 992 ‚
785 951 895 984 deinde
905 953 1035 984 alteram
1048 975 1058 991 ,
1083 962 1176 993 quam

288 999 431 1044 Episcopi
441 1000 631 1044 quibusdam,
642 1002 687 1033 ad
696 1000 821 1040 nostram
832 1001 972 1042 adjeffls,
1001 1002 1159 1035 ediderunt
1173 1025 1180 1032 .

289 1051 516 1095 Compofitam
539 1051 556 1085 ὲ
569 1051 600 1085 se
617 1052 694 1086 fidei
707 1051 884 1085 formulam
895 1051 1030 1086 adducit
1043 1075 1055 1091 ,
1081 1060 1180 1094 atque

288 1101 515 1145 prosequitur:
543 1104 608 1134 Hac
632 1104 652 1134 ἂ
669 1102 757 1134 nobis
771 1100 900 1143 expofita
915 1102 980 1145 fide
993 1102 1091 1135 nullus
1114 1110 1181 1134 erat

283 1151 513 1185 ,contradicendi
536 1152 632 1184 locus.
660 1153 722 1185 sed
741 1157 861 1193 primus
879 1150 941 1195 ipse
964 1156 1025 1185 Deo
1045 1150 1182 1190 Cbarrffl·

290 1213 359 1235 mus
371 1205 536 1242 Imperator
548 1201 700 1241 rellifflma
724 1203 809 1235 illam
829 1207 977 1235 continere
987 1203 1031 1234 ad
1029 1201 1186 1243 firmavit,

285 1249 374 1296 [eque
387 1249 483 1293 ipsum
499 1257 545 1284 ita
554 1249 669 1294 sentire
679 1251 821 1294 confessus·
827 1251 868 1291 est
883 1276 893 1291 ,
914 1253 948 1285 <5
960 1260 993 1285 ut
1005 1250 1072 1284 huic
1081 1261 1180 1284 omnes

291 1299 518 1344 adsentirentur
543 1299 731 1344 decretisque
758 1299 976 1344 subscriberent
991 1326 1000 1342 ‚
1026 1302 1061 1335 (tt
1081 1307 1114 1333 in
1134 1300 1182 1333 bis

291 1349 360 1393 ipsis
388 1349 591 1394 conspirarent
604 1376 614 1392 ,
640 1351 833 1391 hortabatur,
861 1363 922 1385 una
938 1353 1102 1385 dumtaxat
1126 1352 1183 1383 ad—

287 1398 405 1445 scripta
418 1412 487 1434 voce
503 1427 513 1442 ‚
533 1400 802 1444 consubstantialis
816 1427 824 1434 .
852 1402 881 1435 E
893 1400 1096 1436 Dostoribus
1108 1400 1182 1444 Epi-

291 1452 399 1495 scopis
411 1451 490 1485 varii
501 1452 605 1485 varias
616 1453 829 1495 composuere
840 1452 997 1486 formulas
1016 1476 1027 1492 ,
1039 1462 1082 1485 ex
1094 1462 1184 1485 man-

293 1501 372 1536 dato
385 1502 564 1546 legationis
573 1499 795 1546 Apostolicae‚
825 1502 994 1536 autetiam
1013 1501 1116 1535 totius
1126 1501 1182 1544 Sy-

292 1551 398 1592 nodi,
424 1552 661 1595 &compofitas
682 1551 832 1587 obtulere
853 1551 992 1596 Synodo
1008 1576 1019 1591 ‚
1043 1549 1183 1595 proban—

292 1602 352 1636 das
377 1612 433 1636 aut
444 1601 694 1646 improbandas.
722 1603 802 1636 Haec
824 1603 869 1637 est
885 1602 971 1636 avita
996 1600 1183 1644 &Aposto-

273 1652 358 1686 -lica
371 1652 584 1695 Synodorum
597 1653 820 1687 consuetudo.
850 1653 991 1686 Etinter
1011 1651 1089 1684 istos
1107 1650 1184 1694 Epi-

291 1703 410 1746 scopos
431 1704 564 1738 fuerunt
584 1703 710 1737 Hofius
730 1701 971 1743 Cordubenfis,
998 1701 1184 1745 Hermoge-

291 1764 350 1786 nes
372 1753 576 1788 Cesaraeenfis
617 1754 653 1787 in
676 1752 886 1796 Cappadocia
913 1775 924 1793 ,
965 1750 1122 1785 Eusebius
1148 1750 1182 1783 in

293 1802 464 1836 Paloestina
489 1803 716 1844 cesara-ensis,
742 1804 876 1836 Sanstus
911 1800 1102 1836 Eustathius
1126 1800 1186 1833 Pa-

293 1851 435 1886 tri-archa
464 1851 721 1892 Antiochenus,
746 1853 782 1886 ὅ(
801 1853 856 1885 alii
882 1852 991 1895 plures
1012 1876 1019 1883 .
1050 1850 1094 1884 Et
1114 1850 1185 1892 qui-

293 1902 368 1936 dem
383 1901 545 1936 Palaestini
560 1901 696 1936 Eusebii
708 1901 902 1945 compositio
916 1926 925 1941 ‚
945 1900 1035 1944 quod
1048 1911 1163 1935 vocem
1174 1924 1184 1940 ,

295 1951 574 1995 consubstantiale,
603 1964 673 1986 non
696 1949 830 1986 haberet
853 1950 964 1995 rejeila
990 1951 1054 1985 fuit
1068 1951 1102 1985 ὅς
1124 1951 1185 1984 im·

297 2001 454 2045 probata.
482 2001 539 2036 An
563 2003 687 2037 Hosius
706 2002 742 2036 &
768 2002 1000 2046 Hermogenes
1024 2000 1066 2035 de
1085 2000 1183 2035 verbo

294 2053 336 2087 ad
360 2052 497 2086 verbum
521 2053 563 2087 ab
589 2052 728 2087 exordio
750 2053 967 2086 convenerint
990 2075 1000 2090 ‚
1026 2051 1185 2085 affirmare

299 2114 369 2136 non
395 2103 522 2147 possum
535 2117 545 2136 .·
557 2114 671 2137 eorum
693 2103 824 2135 interim
835 2101 1030 2145 compositio
1041 2102 1104 2135 suit
1115 2113 1185 2144 pro-

299 2153 372 2188 bata
387 2178 397 2193 ‚
424 2153 559 2188 admiss'a
584 2178 594 2193 ‚
621 2152 796 2195 subscripta
824 2152 866 2186 ab
885 2150 1040 2186 omnibus
1052 2151 1185 2195 Episco-

296 2204 345 2247 pis
360 2227 370 2242 ‚
397 2213 497 2248 atque
509 2204 554 2237 ita
567 2204 602 2237 in
615 2202 812 2246 Symbolum
823 2203 932 2236 eveRa
948 2227 954 2232 .
982 2201 1075 2235 Hinc
1102 2200 1184 2236 reste

296 2253 417 2288 dicitur
439 2264 575 2295 uterque
598 2252 796 2297 Symbolum
826 2251 1061 2296 composuisse.

511 2431 730 2500 Symbolum
764 2436 959 2501 exponitur
971 2466 984 2481 0

302 2551 533 2637 CRedlmus
563 2578 569 2585 .
605 2553 736 2586 Sanetus
762 2553 904 2595 Ioannes
925 2551 1184 2595 Chrysostomus

417 2604 451 2637 in
475 2602 663 2638 Catechista
686 2627 697 2643 ,
733 2612 804 2645 quae
824 2601 1019 2635 Parabolam
1044 2602 1086 2635 de
1108 2614 1185 2636 con-

299 2653 406 2688 duffis
430 2653 463 2686 in
487 2653 631 2687 Vineam
654 2651 811 2695 operariis
830 2652 968 2694 exponit
994 2676 1005 2692 ‚
1034 2653 1184 2686 oratione

302 2702 398 2748 legit:
433 2705 688 2747 Credoinxunum
700 2704 816 2735 Deum.
845 2702 995 2741 Omnes,
1021 2701 1183 2745 'quiSym-

303 2752 423 2787 bolum
439 2754 503 2787 suis
523 2754 648 2797 scriptis
660 2753 888 2791 inseruerunt,
915 2750 1068 2784 Patres&
1080 2752 1183 2794 Syno-

303 2802 339 2838 di
360 2803 548 2837 constanter
566 2803 701 2848 legunt,
729 2802 889 2835 Credimus
902 2824 913 2841 ‚
938 2812 1056 2844 nempe
1078 2801 1183 2845 Syno-

303 2853 365 2886 dus
391 2853 476 2887 dixit
497 2854 532 2888 <Sc
553 2853 672 2896 scripsit
698 2877 708 2893 ,
736 2853 915 2884 Credimus.
944 2852 991 2884 At
1018 2850 1095 2884 vero
1116 2852 1185 2894 qui-

306 2903 357 2935 vis
379 2903 573 2944 Symbolum
594 2902 680 2947 apud
702 2903 735 2936 se
756 2904 897 2935 recitans
922 2901 1103 2934 Orientalis
1123 2901 1185 2938 Ec-

304 2951 405 2986 clerice
436 2953 540 2987 fidelis
560 2955 683 2996 semper
704 2951 788 2987 dixit
810 2965 817 2984 ε
843 2952 941 2983 Credo
957 2976 964 2983 .
1007 2950 1182 2985 Hodierna

308 3002 386 3036 item
412 3001 517 3035 Sancti
541 3002 651 3036 Basilii
675 3003 712 3037 ἀ
735 3000 856 3035 laudati
878 2999 1108 3043 Chrysostomi
1132 3001 1181 3034 Li·

308 3050 415 3094 turgia
445 3052 603 3086 mandant
621 3054 720 3087 etiam
741 3052 759 3085 ὲ
781 3049 895 3086 Choro
924 3050 991 3084 dici
1011 3051 1045 3084 ὃς
1061 3051 1184 3085 cantari

309 3111 379 3132 non
395 3124 404 3139 ‚
429 3103 607 3142 Credimus,
639 3102 692 3136 sed
704 3126 715 3142 ,
741 3103 861 3140 Credo,
887 3112 928 3134 ne
947 3101 1070 3134 scilicet
1081 3099 1186 3144 Popu-

312 3149 364 3182 ius
386 3149 472 3182 aliud
487 3175 496 3190 ‚
524 3152 622 3191 quam
645 3152 729 3194 apud
755 3151 958 3193 semetipsum
979 3151 1129 3193 privatim
1140 3150 1185 3184 di·

310 3207 418 3236 cei-et,
448 3200 572 3233 audiret
608 3202 642 3235 in
665 3202 829 3235 Ecclefia.
858 3200 1025 3234 Laudatus
1044 3200 1187 3244 Chryso·

312 3247 438 3282 stomus
460 3248 493 3280 in
517 3248 647 3284 laudato
666 3251 741 3284 loco
755 3262 870 3284 vocem
883 3251 1043 3294 exponit.-
1068 3251 1186 3291 Credo,

314 3308 375 3332 non
388 3295 525 3339 scrutor,
554 3301 670 3338 Credo,
692 3312 748 3332 non
765 3299 925 3342 persequor
936 3302 992 3340 td,
1018 3303 1098 3343 quod
1115 3312 1186 3334 com-

312 3345 460 3391 prehendi
481 3358 537 3378 non
558 3348 670 3388 potest,
698 3350 818 3389 Credo,
844 3362 900 3381 non
915 3356 1017 3384 metior
1027 3354 1083 3390 id,
1108 3351 1197 3393 quod

317 3394 490 3438 immenficm
508 3395 546 3436 est
570 3409 580 3429 .·
598 3396 629 3437 fi
643 3399 761 3429 credam
780 3408 874 3431 mente
895 3401 1040 3432 illuminor
1052 3425 1062 3440 ,
1080 3400 1112 3442 Jt‘
1140 3375 1204 3447 cu-‘l

316 3447 394 3481 riose*
404 3451 564 3487 inquiram,
575 3448 711 3479 tenebras
725 3453 835 3478 rationi
845 3459 916 3480 meae
927 3449 1044 3488 offundo
1054 3473 1064 3489 ‚
1076 3449 1104 3490 fi
1110 3450 1186 3483 reffl?
1200 3462 1203 3466 ·

315 3496 436 3533 credam
446 3519 457 3537 ,
468 3502 501 3530 in
514 3497 627 3532 Coelum
637 3498 753 3532 attollor
764 3520 775 3538 ‚
790 3495 934 3538 ficarios?
944 3510 1078 3541 quaeram
1087 3524 1097 3540 ,
1104 3508 1185 3542 prae-

825 116 1186 171 Semnonum
1222 118 1555 172 NICAENUM

1250 205 1355 243 cipitur
1370 206 1402 233 t'n
1417 200 1621 242 profundum.
1648 199 1734 249 Agit
1749 205 1923 249 praesertim
1941 205 2127 251 &Gemit

1250 261 1318 284 non
1329 249 1370 284 de
1382 250 1516 284 Divinae
1528 251 1707 293 Majestatis
1716 256 1886 293 existentia
1898 281 1906 290 .
1919 256 2020 294 Hane
2033 253 2124 297 cuith

1249 300 1399 334 effe-non
1421 300 1623 335 tantumodo
1644 303 1851 342 scrutabilem
1877 334 1887 349 ,
1923 307 1978 343 sed
2009 312 2127 347 notam

1249 358 1304 393 per
1322 351 1376 391 se,
1401 362 1440 384 ac
1459 350 1646 384 evidentem
1659 375 1671 392 ,
1695 364 1744 388 res
1765 356 1831 398 ipsa
1852 359 1995 400 clamat,
2021 352 2125 396 aede‘·

1247 399 1428 434 monstrant
1439 399 1550 434 Patres
1570 401 1670 441 varii,
1697 405 1869 446 praesertim
1893 408 2123 445 Tertullianus

1247 450 1281 483 in
1294 449 1395 484 Libro
1406 449 1446 484 de
1456 449 1671 485 Testimonio
1692 452 1841 490 Animae.
1869 458 1913 492 Et
1935 458 2014 494 hinc
2034 459 2122 504 apud

1246 501 1399 534 San-stum
1434 500 1632 545 Gregorium
1671 501 1923 542 Nazianzenum
1961 509 2044 544 dicit
2069 509 2126 544 ad-

1246 549 1371 583 versum
1394 549 1468 584 Nos
1487 550 1665 594 imperator
1692 563 1730 586 ac
1757 553 1917 598 Apostata
1939 559 2120 602 Julianus:

1245 598 1347 640 Nostri
1367 597 1440 642 sunt
1456 597 1603 642 sermones
1630 602 1665 635 (5
1690 602 1815 643 nestrum
1837 609 1992 650 Grec-an,
2019 608 2119 649 vestra
2141 593 2221 622 Orat.
2232 594 2263 628 3.‘

1244 658 1344 683 autem
1352 648 1391 690 est
1409 649 1543 690 infantia
1554 653 1588 685 (9
1599 650 1758 696 rusticitas3
1771 666 1822 688 nec
1833 658 2001 700 quaequam
2010 661 2099 693 altud
2106 684 2120 700 ‚

1243 702 1354 744 quam,
1380 700 1496 741 Credo,
1517 699 1677 744 sapientlae
1700 703 1807 744 vestrae
1828 705 1886 745 est.
1916 706 2030 742 Palam
2041 709 2129 749 ridet

1243 749 1416 785 exordium
1438 749 1539 784 nostri
1559 751 1729 794 Symboli.
1758 754 1807 788 lta
1819 755 1910 790 enim
1922 758 2122 793 censuerunt

1244 801 1302 842 qui
1320 798 1531 844 sesapien-tes
1549 801 1582 835 δε
1603 802 1918 840 omniumff’cientes
1942 806 2119 843 credebant

1244 850 1453 895 paganorum
1465 847 1659 894 Philosophi
1670 877 1677 884 .
1705 852 1818 889 Etiam
1830 856 1931 890 nostri
1944 857 2097 892 Gnostici
2109 882 2121 899 ,

1243 898 1421 935 Manichaei
1433 924 1445 941 ,
1457 901 1677 943 Eunomiani,
1706 903 1741 937 ἀ
1751 905 1806 938 alii
1821 905 1928 949 plures
1939 907 2094 942 Haeretici
2105 932 2114 941 .

1294 951 1331 983 In
1358 953 1455 983 Deum
1472 950 1622 994 Exponit
1632 952 1767 988 sanstus
1778 955 1958 1000 Gregorius
1983 956 2125 992 Nazian-

1245 1004 1362 1034 zenus}
1378 1002 1422 1034 ⁴st
1440 1003 1572 1042 spiritus
1586 1002 1712 1035 sunaus
1734 1002 1773 1044 est
1798 1015 1939 1040 creatura
1953 1032 1963 1047 ‚
1983 1008 2125 1050 quomodo
2140 1012 2219 1041 Orat.
2233 1014 2282 1048 374

1244 1056 1276 1083 in
1295 1062 1361 1084 eum
1383 1049 1559 1095 credimus?
1579 1054 1687 1094 Neque
1709 1059 1789 1086 entm
1812 1057 1891 1088 idem
1914 1056 1953 1098 est
1962 1059 2124 1092 credere-in

1245 1101 1362 1143 aliquid
1381 1101 1416 1134 Θ
1433 1100 1551 1134 credere
1562 1101 1609 1133 'de
1619 1102 1739 1144 aliqua:
1765 1104 1848 1138 Illud
1855 1111 1942 1140 enim
1953 1110 2125 1142 Divinitas!

1245 1156 1376 1195 congruit
1387 1175 1397 1191 ,
1410 1148 1460 1184 hoc
1469 1150 1586 1186 cutltbe't
1596 1149 1640 1183 r'e't
1649 1172 1657 1183 .
1685 1150 1731 1185 Et
1742 1151 1880 1194 Ioannis
1892 1155 2125 1199 Chrysostomi

1245 1199 1494 1245 compendiator
1525 1199 1798 1245 Theophylastus
1823 1204 1929 1238 afferit
1954 1203 2124 1242 Christum

1246 1252 1432 1285 Dominum
1447 1261 1510 1294 -pet
1528 1248 1688 1285 haecins.
1700 1251 1835 1294 Joannis
1858 1254 2033 1300 Evangelii
2054 1266 2126 1291 ver—

1246 1301 1285 1335 ba
1297 1326 1307 1342 ,
1320 1301 1377 1345 qui
1387 1299 1490 1335 credit
1501 1301 1534 1334 in
1546 1312 1601 1336 me
1609 1312 1678 1335 non
1689 1302 1792 1336 credit
1803 1303 1839 1336 in
1852 1315 1906 1339 me
1915 1330 1927 1347 ‚
1937 1305 2036 1340 sedin
2048 1304 2132 1347 eum.

1245 1352 1299 1395 qui
1311 1351 1395 1386 misit
1402 1350 1642 1394 me‚predicaffe
1651 1353 1742 1386 suam
1755 1352 1845 1387 Patri
1857 1354 2128 1392 Consubstantia-

1246 1401 1309 1436 lem
1320 1401 1591 1442 Divinitatem,ac
1600 1400 1811 1439 demonstrat:
1824 1405 1901 1439 Vide
1907 1403 2128 1448 fermentavi-

1246 1453 1390 1493 dennam‚
1401 1463 1459 1485 non
1469 1452 1552 1484 dixit
1565 1471 1576 1491 -,
1588 1458 1641 1494 qut
1650 1454 1746 1486 credit
1760 1452 1853 1495 mibi,
1864 1454 1981 1498 sedqut
1990 1457 2126 1493 creditu

1245 1513 1299 1536 me:
1309 1503 1388 1545 quod
1394 1501 1488 1543 fidem
1499 1507 1532 1535 in
1543 1505 1639 1534 Deum
1646 1501 1803 1546 fignificat.
1833 1506 1925 1538 Altud
1930 1505 2133 1547 eumdem.

1247 1553 1317 1586 dere
1337 1557 1467 1594 cuipiam
1478 1575 1489 1592 ,
1515 1552 1603 1585 aliud
1608 1553 1725 1586 credere
1742 1560 1776 1586 in
1785 1551 1954 1597 quempiam
1963 1580 1970 1588 .
1998 1548 2087 1590 Nam
2095 1561 2126 1590 is

1247 1607 1298 1644 qut
1318 1603 1412 1635 eredit
1428 1602 1536 1643 alicui,
1556 1601 1650 1643 potest
1669 1604 1794 1647 intelligi
1814 1605 1896 1647 quod
1913 1604 2017 1639 credat
2041 1611 2070 1640 et
2090 1614 2127 1640 ut

1248 1663 1323 1685 vera
1334 1653 1464 1692 dicenti,
1491 1657 1542 1693 qut
1552 1661 1653 1685 autem
1661 1654 1757 1686 credit
1765 1658 1799 1686 in
1815 1661 1984 1696 quempiam
1997 1679 2010 1696 ‚
2034 1660 2127 1688 omni-

1247 1713 1283 1734 no
1301 1710 1336 1735 ut
1360 1708 1393 1735 in
1419 1704 1515 1735 Deum
1541 1702 1636 1734 credtt
1645 1725 1652 1733 .
1682 1702 1753 1736 Ideo
1773 1701 1851 1736 reHe
1873 1710 1942 1746 quis
1966 1705 2128 1739 crediderit

1248 1751 1406 1794 Apostolt's,
1431 1760 1466 1784 at
1487 1763 1544 1784 non
1566 1756 1637 1784 item
1656 1757 1690 1798 in
1711 1751 1854 1793 Apostolos
1868 1777 1876 1785 .
1902 1754 2007 1803 Qod
2019 1755 2128 1798 ipsum

1246 1802 1433 1835 constanter
1443 1800 1567 1835 docent
1578 1799 1692 1834 Latini
1714 1801 1894 1837 Deoiores.
1920 1804 1960 1838 ln
1978 1802 2127 1848 Epistola

1248 1850 1289 1885 ad
1301 1850 1471 1885 Comitem
1484 1850 1694 1884 Bonisacium
1711 1851 1740 1885 S.
1756 1850 1962 1897 Augustinus
1973 1868 1986 1888 .·
2012 1854 2126 1889 Dona-

1250 1901 1330 1935 tistae
1340 1926 1347 1933 .
1368 1898 1437 1945 Asc
1446 1906 1554 1943 quippe
1560 1901 1827 1945 dicuntjustificari
1832 1914 1898 1937 eum
1907 1929 1917 1943 ‚
1930 1915 2017 1947 quem
2027 1903 2127 1947 bapti⁶>

1249 1957 1392 1985 zaverint
1403 1975 1414 1991 ‚
1442 1950 1492 1984 ubi
1504 1949 1582 1984 nibil
1598 1957 1643 1986 eis
1654 1950 1743 1992 restat
1753 1976 1764 1992 ,
1791 1952 1848 1994 m'Ji
1853 1955 1948 1988 dicere
1957 1955 2002 1987 illi·
2012 1961 2063 1997 qui
2073 1954 2127 1988 ba·
2143 1957 2163 1987 E
2166 1956 2228 1998 pist.
2251 1959 2299 1995 502

1244 2007 1382 2043 pttzatur
1405 2000 1443 2034 ab
1469 2007 1533 2041 ets,
1558 2010 1593 2034 ut
1613 2006 1645 2034 tn
1666 2003 1896 2043 Baptizatorem
1910 2002 2000 2046 suum
2019 2005 2125 2038 credat

1246 2056 1310 2084 Cur
1318 2057 1398 2085 enim
1409 2050 1573 2093 nonfactat
1586 2074 1597 2090 ,
1622 2053 1744 2094 quando
1766 2052 1913 2094 Apostolus
1932 2055 2004 2087 dtclt
2017 2068 2028 2088 .·
2053 2057 2126 2088 Cre·

1247 2103 1330 2136 denti
1340 2107 1372 2134 in
1382 2113 1449 2136 eum
1459 2100 1654 2144 quijusts‘ficat
1663 2106 1788 2144 impium
1800 2126 1811 2142 ,
1823 2103 1986 2145 deputatur
1990 2104 2070 2147 fides
2079 2105 2127 2138 ad

1240 2155 1271 2196 J
1274 2152 1428 2194 ustitiam?
1454 2156 1490 2184 In
1500 2149 1597 2194 ipsum
1607 2163 1677 2195 ergo
1695 2153 1798 2185 credat
1811 2177 1821 2192 ,
1841 2153 1873 2194 fi
1886 2165 1952 2186 eum
1972 2151 2125 2197 tpsejusti·

1243 2202 1315 2244 fient
1338 2225 1349 2242 ,
1375 2211 1410 2235 ut
1430 2202 1585 2242 deputetur
1602 2203 1683 2244 fides
1706 2204 1773 2243 ejus
1791 2202 1999 2243 adjustitiam
2019 2227 2027 2234 .
2063 2204 2127 2241 Sed

1241 2260 1315 2294 puto
1334 2252 1414 2293 quod
1427 2257 1519 2285 etiam
1538 2249 1594 2292 ipfi
1604 2249 1716 2294 s'etpfhs
1728 2251 1869 2285 horreant
1880 2276 1891 2292 ‚
1912 2251 1944 2294 fi
1951 2262 2052 2286 tamen
2069 2251 2125 2294 ista

1246 2304 1298 2336 vel
1315 2307 1442 2346 cogitare
1465 2302 1652 2344 dignantur:
1679 2301 1768 2348 Qia
1787 2313 1904 2345 nempe
1925 2302 1960 2337 ὅ(
1983 2303 2016 2336 in
2029 2302 2124 2337 sacris

1246 2352 1383 2391 litteris,
1408 2352 1441 2385 &
1464 2350 1498 2384 in
1522 2351 1590 2394 ipsa
1611 2360 1725 2385 natura
1748 2351 1956 2386 manifestum
1970 2353 2031 2393 fit,
2057 2362 2125 2386 cre·

1245 2401 1278 2436 di
1292 2402 1325 2435 in
1339 2400 1505 2435 neminem
1519 2400 1607 2444 posse
1618 2424 1628 2440 ,
1647 2400 1705 2433 nisi
1718 2402 1751 2434 in
1762 2401 1868 2435 solum
1880 2403 1990 2436 Deum
2003 2428 2011 2435 .
2033 2403 2126 2436 Eun-

1247 2452 1322 2485 dem
1344 2450 1496 2494 Apostoli
1521 2450 1633 2484 locum
1651 2450 1762 2485 laudat
1784 2451 1950 2485 adversum
1977 2451 2124 2498 Pelagia-

1250 2513 1308 2536 nos
1329 2501 1363 2535 in
1387 2499 1478 2534 libris
1500 2499 1542 2534 de
1565 2510 1772 2543 peccatorum
1801 2502 1948 2543 meritis,
1963 2501 1999 2536 &
2019 2501 2127 2546 prose*

1247 2553 1378 2595 quitur:
1408 2549 1554 2594 ,Quisquis
1574 2561 1640 2594 ergo
1659 2548 1749 2594 ausus
1761 2550 1862 2593 fuerit
1885 2553 2002 2592 dicere,
2021 2550 2121 2596 Just}-

1242 2603 1300 2644 fica
1310 2610 1360 2640 te,
1386 2598 1561 2643 consequens
1572 2599 1610 2639 est
1623 2606 1678 2641 ‚ut
1699 2602 1781 2634 dicat
1789 2607 1882 2634 etiam
1901 2602 1988 2635 crede
2000 2607 2033 2634 in
2052 2612 2118 2636 me.
2137 2602 2293 2643 lib-map-

1247 2652 1341 2695 ,Quod
1357 2662 1439 2683 nemo
1481 2651 1654 2683 sanderum
1673 2651 1752 2684 reove*
1792 2652 1887 2684 dicere
1906 2658 2006 2693 potuit
2033 2675 2047 2692 ,
2069 2648 2127 2694 ulfi
2139 2654 2182 2679 ¹⁴·

1245 2701 1371 2734 sanHus
1395 2700 1568 2733 sannorum
1593 2725 1601 2733 .
1639 2699 1684 2733 Et
1710 2700 1832 2737 Psalmi
1859 2702 2009 2736 versum:
2037 2701 2122 2739 Noli

1245 2751 1291 2785 'est
1312 2749 1453 2785 creditus
1470 2761 1547 2784 cum
1569 2749 1646 2784 Deo
1667 2749 1805 2793 Spiritus
1827 2750 1895 2794 ejus
1918 2775 1929 2791 ,
1953 2762 2119 2786 commen-
2134 2755 2233 2791 psalm
2244 2768 2290 2793 77·

1245 2811 1351 2835 tatur.-
1377 2805 1436 2833 Hoc
1455 2799 1494 2841 est
1514 2799 1622 2833 habere
1643 2803 1779 2834 cumDeo
1796 2803 1941 2835 creditum
1950 2799 2121 2848 spirim,

1245 2862 1301 2884 non
1333 2851 1447 2884 credere
1478 2852 1623 2892 spiritum
1650 2848 1739 2892 suum
1760 2851 1836 2897 pqffle
1850 2851 1955 2893 facere
1973 2851 2036 2895 fine
2053 2848 2119 2890 ΕΒ,

1239 2905 1268 2945 J
1271 2900 1401 2942 ustitiam
1422 2925 1433 2941 ,
1454 2898 1513 2943 sed
1529 2911 1592 2933 cum
1611 2901 1673 2932 Deo
1687 2924 1697 2940 ‚
1723 2899 1774 2934 hoc
1790 2900 1833 2940 *est
1852 2907 1931 2935 enim
1950 2902 2066 2935 credere
2084 2905 2120 2932 m

1247 2955 1340 2983 Deum
1361 2975 1371 2990 ‚
1407 2951 1488 2993 quod
1513 2956 1612 2992 utique
1629 2951 1700 2991 plus
1723 2949 1762 2990 est
1780 2953 1872 2993 quam
1895 2948 2090 2984 credere-sne«,
2109 2973 2119 2982 .

1247 3002 1379 3034 Nam&
1398 2998 1508 3034 bomini
1532 3000 1649 3033 cuilibet
1668 3001 1843 3043 plerumque
1864 3000 2040 3035 credendum
2054 2997 2121 3039 est,

1244 3056 1387 3093 quamvis
1411 3055 1443 3082 tn
1461 3061 1527 3083 eum
1548 3062 1605 3083 non
1614 3049 1655 3092 fit
1677 3051 1856 3084 credendum
1877 3074 1885 3082 .
1919 3051 1982 3082 Hoc-
1997 3047 2034 3088 est
2053 3059 2121 3091 erga

1244 3102 1359 3133 credere
1381 3105 1414 3132 in
1437 3103 1551 3140 Deum,
1577 3101 1722 3134 credendo
1738 3099 1890 3134 adhaerere
1909 3099 1956 3131 ad
1972 3097 2044 3130 bene
2077 3109 2120 3131 co-

1247 3151 1428 3192 operandum
1457 3150 1534 3182 bona
1552 3156 1686 3192 operanti
1698 3153 1760 3184 Deo
1782 3173 1789 3181 .
1826 3147 1967 3183 Addidit
1994 3147 2121 3190 Judaeos

1247 3202 1340 3233 fuisse
1361 3211 1495 3244 gentem
1518 3201 1752 3234 amaricantem
1771 3199 1807 3233 &
1825 3208 1954 3242 pravam
1976 3221 1986 3237 ,
2022 3207 2120 3241 atque

1247 3250 1347 3284 edicit
1368 3251 1498 3284 causam
1518 3263 1532 3291 ;
1569 3252 1653 3294 ,Quia
1673 3248 1729 3291 etfi
1752 3249 1854 3290 alique
1881 3248 2011 3295 credidit
2026 3250 2089 3280 Deo
2107 3270 2121 3288 ,

1249 3312 1307 3333 non
1326 3309 1426 3333 tamen
1450 3301 1580 3333 credidit
1594 3307 1627 3333 in
1652 3302 1764 3332 Deum.
1790 3300 1863 3330 Non
1882 3308 1922 3330 ex
1936 3297 1999 3339 fide
2017 3296 2122 3330 adbae·

1241 3349 1280 3390 fit
1302 3353 1363 3383 Deo
1385 3374 1395 3390 ‚
1420 3359 1455 3383 ut
1471 3348 1585 3392 sanata
1606 3351 1627 3382 ἆ
1652 3352 1713 3381 Deo
1730 3348 1802 3387 bene
1836 3355 2039 3388 cooperaretur
2056 3354 2122 3390 ope·

1248 3405 1329 3432 rann·
1351 3405 1383 3432 in
1400 3398 1435 3442 se
1458 3404 1539 3432 Deo.
1569 3399 1613 3432 Et
1633 3398 1669 3431 in
1680 3396 1889 3431 Tmetatibus
1911 3398 2003 3440 super
2013 3395 2121 3431 Sansti

1249 3449 1384 3492 Joannis
1405 3448 1623 3493 Evangelium
1636 3457 1803 3490 exponens
1812 3445 1878 3480 haec
1890 3447 2033 3481 Domini
2056 3456 2121 3480 ver·
2134 3439 2229 3473 Tsast·
2245 3449 2294 3477 ι9·

1250 3499 1288 3532 ba
1311 3512 1318 3531 :
1356 3499 1435 3532 Hoc
1457 3498 1503 3533 est
1523 3509 1605 3542 opus
1623 3498 1688 3532 Dei
1710 3521 1723 3539 ,
1749 3506 1786 3532 ut
1803 3496 1942 3533 credatis
1962 3497 1998 3530 in
2024 3507 2122 3537 eum,

1972 3552 2075 3590 quem
