2346 3776
90 871 125 902 C.
148 881 193 902 ιι.

88 1251 152 1284 Post
161 1251 245 1291 Epist.

89 1303 135 1329 74·

86 1411 116 1439 1.-
119 1409 244 1445 3.Conc.

86 1448 187 1486 Ephes-

85 1497 131 1524 an'
138 1498 162 1524 7·

663 103 974 164 Se'iromrsj
1007 121 1071 152 ET
1105 118 1279 154 Norts
1312 118 1684 157 urus-rant.

273 200 389 227 norem
412 215 424 233 ,
457 188 685 227 adorationem
707 214 720 231 ,
744 202 808 237 qua
833 193 926 227 Deus
951 191 1100 228 Verbum
1111 193 1146 228 δε

271 239 376 276 homo
389 241 576 285 adsumptus
588 264 600 282 ,
624 252 694 275 non
708 251 865 285 tanquam
883 253 968 276 unus
979 243 1012 276 &
1033 243 1122 278 idem
1136 268 1146 285 ,

272 291 326 325 sed
337 292 514 329 adorantur
536 301 622 325 unus
632 302 708 327 cum
718 291 820 326 altero
832 315 843 332 ‚
868 292 902 326 &
917 303 1002 326 unus
1016 303 1147 337 propter

269 341 431 382 alterum,
459 341 629 382 quomodo
647 341 808 386 Legatus,
834 352 890 376 aut
912 353 1049 386 regnum
1068 348 1160 380 cum‘

269 391 435 434 potestatis
445 392 650 434 plenitudine
668 391 856 436 gubernans
875 392 1028 427 Minister
1037 393 1147 429 adora-

269 449 323 473 tur
333 451 409 474 curn
423 440 513 486 Rege
526 442 559 477 ὃς
572 451 704 485 propter
714 442 844 487 Regem
853 466 861 475 .

317 490 482 538 Qiocirca
511 492 638 534 pessime
663 493 696 527 δε
720 490 1005 526 calumniofiffime
1027 493 1146 527 Nesto-

266 540 334 575 rius
355 541 617 585 aitadsumptam
629 541 708 577 servi
733 543 874 576 formam
887 553 945 585 pro
968 543 1067 585 seipsa
1089 543 1143 576 seu

266 591 445 626 secundum
469 592 602 635 propria:
614 602 735 625 naturae
756 592 919 626 rationem
931 593 949 626 a
963 591 1058 627 nobis
1068 592 1142 631 ado-

266 641 349 681 rari,
377 641 518 684 ideoque
538 654 599 675 nos
618 642 680 676 effe
692 639 914 676 hominicolas
939 641 1142 677 &cadaveri-

266 684 358 725 colas
384 716 392 723 .
426 691 612 735 Antiquam
637 692 817 735 gentilium
843 692 1044 725 calumniam
1073 717 1084 733 ‚
1108 693 1141 726 &

266 741 361 775 suum
380 742 448 784 ipse
460 741 562 776 scelus
597 742 632 774 in
644 753 781 775 omnem
794 741 987 781 Ecclesiam,
1013 742 1142 776 coelum·

267 802 331 833 que
351 791 385 827 ὃς
412 801 530 825 terram
551 790 718 826 traducere
737 801 876 826 conatur
897 816 904 823 .
931 791 1003 835 Ipse
1023 793 1114 826 enim
1130 816 1141 832 ‚

266 841 314 875 uti
328 841 361 874 in
375 841 460 877 libro
472 841 513 875 ad
528 841 674 886 Reginas
685 842 820 875 Sanetus
834 841 1121 884 Cyrillustestatur
1131 866 1142 882 ,

265 891 362 924 docet
375 891 562 924 Dominum
584 891 647 924 effe
658 902 775 934 purum
797 891 992 933 hominem,
1019 892 1076 935 qui
1097 893 1143 924 di-

265 945 349 974 vinis
363 939 519 973 bonoribus
533 945 689 983 potiatur.
718 941 870 976 Eundem
883 940 1043 976 Leontius
1065 941 1143 976 Mo-

264 988 390 1023 nachus
416 990 809 1034 Constantinopolitanus
846 993 975 1026 accusat
997 1016 1010 1032 ‚
1049 990 1139 1035 qued

262 1039 348 1073 circa
367 1039 510 1074 Domini
532 1039 774 1077 humanitatem
795 1042 982 1076 committat
1004 1040 1141 1076 idolola-

264 1090 359 1124 triam
371 1115 382 1130 ‚
406 1101 545 1135 eamque
552 1090 616 1130 ‚fibi
635 1091 781 1127 demutet
804 1092 839 1125 in
851 1092 979 1126 idolum
993 1116 1001 1126 .
1029 1090 1139 1125 Etiam

1764 39 1835 130 ὁ
1916 114 2014 178 387

1208 204 1321 228 norem
1344 193 1405 227 soli
1430 194 1508 229 Deo
1534 193 1685 230 debitum
1705 195 1812 241 palam
1839 201 2026 236 transcribit
2046 200 2085 237 in

1206 241 1376 277 hominem
1389 268 1400 285 ,
1427 245 1573 286 colitque
1591 256 1651 288 pro
1660 246 1738 280 Deo
1760 258 1940 284 creaturam
1953 275 1960 282 .
1987 251 2032 285 Et
2045 252 2082 286 in

1207 294 1321 328 litteris
1331 293 1372 326 ad
1395 295 1470 328 suos
1482 294 1692 329 Monachos:
1720 299 1765 328 Tu
1786 303 1877 340 igitur
1898 303 2083 335 Emmanue-
2102 314 2233 346 [Δῇςῶ

1203 344 1260 376 lem
1277 352 1311 376 ut
1321 354 1427 376 verum
1449 347 1547 378 Deum
1569 347 1682 378 adora.
1711 349 1794 379 Tunc
1798 354 1934 390 gentium
1951 353 2081 392 populus

1205 394 1281 426 nullo
1296 395 1370 433 jure
1380 393 1613 434 Cbnstianorum
1631 394 1724 437 fidem
1741 394 1930 439 subsannare
1946 406 2059 440 poterit
2072 414 2082 434 τ

1206 441 1344 486 Agnoscet
1368 449 1448 475 enim
1467 456 1519 476 nos
1532 457 1590 478 non
1602 447 1681 478 nudo
1702 447 1790 479 alicui
1809 445 1921 480 bomini
1933 450 2081 484 Divinum

1203 493 1313 526 cultum
1334 491 1470 539 deferre,
1492 493 1551 536 fid
1567 496 1635 534 illi,
1662 502 1841 539 quinarum
1852 500 1935 531 Deus
1945 497 2002 538 est.

1253 542 1342 576 Servi
1354 552 1464 578 autem
1476 544 1615 578 formam
1628 556 1687 587 pro
1703 547 1803 590 seipsa
1813 546 1900 581 adeo
1922 558 1991 582 non
2004 547 2082 583 ado-

1203 602 1331 631 ramus,
1356 602 1393 627 ut
1415 592 1516 636 ipsam
1537 594 1686 629 dicamus
1710 598 1774 630 effe
1795 596 1968 632 nobiscum
1979 608 2082 632 unam

1202 652 1244 675 ex
1265 641 1479 676 adorantibus
1499 668 1506 674 .
1534 643 1613 687 Ejus
1637 656 1780 689 namque
1802 648 1896 681 causa
1914 647 2083 683 Dominus

1202 691 1313 735 gloriae
1322 702 1389 726 erat
1400 695 1593 736 pernoctans
1604 695 1638 727 in
1649 695 1801 730 oratione
1812 697 1892 737 Dei,
1899 698 2083 732 etiamnum

1202 742 1236 774 in
1248 742 1339 776 coelis
1363 741 1484 776 affidue
1494 743 1681 787 interpellat
1703 756 1762 788 pro
1786 745 1904 786 nobis,
1930 747 2082 791 dixitque

1202 791 1284 825 olim
1306 791 1346 826 ad
1364 793 1537 827 mulierem
1558 794 1795 829 Samaritanam
1827 809 1838 828 .·
1863 800 1923 829 Vos
1945 798 2082 831 adoratis

1201 842 1281 883 quad
1303 840 1422 885 nescitis
1436 867 1447 884 ‚
1473 854 1528 876 nos
1545 853 1645 877 autem
1666 845 1827 880 adoramus
1853 847 1934 888 quod
1946 844 2058 888 scimus
2070 871 2080 879 .

1203 891 1361 931 Attamen
1376 904 1581 937 nequaquam
1603 894 1638 928 in
1650 893 1843 930 adorantem
1863 895 1898 929 &
1909 894 2083 930 adoratum

1200 940 1321 977 divisus
1330 941 1376 976 est
1393 968 1404 984 ,
1429 945 1576 988 resteque
1602 943 1753 979 laudatus
1765 944 1914 988 Cyrillus
1937 946 1972 979 in
1988 945 2083 981 libro

1201 990 1241 1024 ad
1254 991 1483 1027 Theodosium
1496 993 1687 1039 Augustum
1704 1007 1711 1027 z
1741 997 1805 1038 ,Qui
1819 1006 1884 1028 cum
1904 996 2024 1030 muliere
2044 997 2083 1030 lo·
2103 1003 2239 1043 c2p332,

1199 1040 1348 1083 quebatur
1363 1067 1374 1083 ,
1400 1053 1467 1076 erat
1485 1054 1562 1078 unus
1589 1043 1709 1087 &filus
1721 1048 1868 1078 Dominus
1882 1049 1915 1090 J
1917 1044 1983 1088 esus
1996 1044 2083 1079 Chri-

1193 1090 1280 1132 stus,
1306 1102 1345 1125 ex
1366 1090 1556 1127 humanitate
1575 1095 1724 1128 adorante
1747 1096 1950 1129 &adoranda
1961 1099 2083 1130 Divini-

262 1140 480 1178 Nestotianos
501 1142 564 1176 effe
583 1141 729 1178 bominem
748 1143 872 1175 colentes
899 1141 1057 1176 testantur
1069 1166 1078 1181 ‚
1106 1142 1140 1174 ἀ
1201 1149 1263 1174 tate
1271 1140 1442 1181 constitutus
1456 1168 1463 1174 .
1493 1143 1600 1179 Unde
1623 1144 1798 1182 nobiscum
1814 1145 1954 1180 adorans
1965 1144 2078 1180 huma·

264 1199 422 1234 tanquam
446 1191 526 1225 tales
550 1190 831 1226 anathematizant
852 1192 996 1225 Ecclesia
1019 1190 1141 1224 Antio-

262 1238 368 1275 ebena
380 1241 414 1274 &
425 1241 731 1285 Hierosolymitana
754 1242 789 1276 in
801 1242 917 1276 litteris
924 1241 964 1275 ad
976 1241 1137 1284 Iustinum

263 1288 455 1335 Augustum
477 1315 488 1331 ‚
514 1291 716 1326 exstantibus
737 1292 823 1326 inter
840 1291 1003 1335 Epistolas
1024 1290 1140 1324 Ponti-

261 1340 332 1374 ficis
344 1340 547 1379 Hormisdae.
576 1342 737 1389 Qisquis
752 1342 864 1382 enim,
890 1342 939 1375 uti
963 1341 1005 1375 ad
1027 1339 1137 1375 ortho-

259 1389 369 1427 doxos
390 1389 677 1428 Archimandritas
698 1391 809 1426 scribit
820 1393 956 1426 Sanctus
969 1391 1137 1434 Cyrinus,

261 1440 374 1474 Deum
396 1443 431 1475 &
451 1441 659 1485 adsumptum
682 1441 855 1476 hominem
877 1442 912 1475 in
940 1440 1020 1475 duas
1034 1439 1138 1484 hypo-

1202 1190 1287 1225 nitas
1303 1190 1322 1224 a
1339 1191 1436 1226 nobis
1460 1192 1562 1227 etiarn
1585 1193 1762 1235 adoratur,
1791 1205 1860 1229 non
1882 1207 1942 1239 pro
1961 1196 2085 1239 seipsa,
2150 1227 2154 1231 .

1200 1240 1255 1275 sed
1295 1250 1452 1284 tanquam
1474 1242 1602 1278 adorati
1622 1245 1688 1278 Dei
1711 1244 1814 1279 Verbi
1827 1244 2084 1288 indumentum,

1198 1290 1240 1324 de
1259 1302 1326 1334 quo
1349 1293 1485 1327 Sanetus
1497 1291 1705 1339 Augustinus
1726 1295 1761 1329 in
1780 1296 1931 1330 sermone
1949 1295 1991 1330 de
2002 1305 2084 1330 tem·

1198 1351 1276 1383 pore
1288 1355 1298 1374 .·
1326 1345 1396 1375 Dico
1409 1366 1420 1382 ,
1442 1344 1537 1384 plane³
1547 1345 1610 1378 dico
1658 1351 1730 1387 quia
1756 1345 1864 1386 vestem
1883 1352 1999 1380 intueor
2014 1370 2026 1386 ‚
2050 1347 2086 1380 6
2106 1346 2162 1376 Ser·
2175 1353 2240 1382 1¹5·

1198 1389 1336 1430 vestitum
1356 1393 1464 1425 adoro.
1492 1397 1571 1426 Caro
1594 1370 1648 1428 ifl’ae
1669 1396 1749 1430 illius
1771 1394 1978 1436 vestimentum
1992 1396 2084 1438 fuit:
2108 1394 2135 1416 ς’
2157 1394 2186 1422 3·

1198 1440 1280 1473 Non
1289 1442 1414 1485 quovis
1427 1442 1529 1478 modo
1554 1445 1739 1488 appofitum
1751 1469 1762 1485 ‚
1788 1445 1844 1480 sed
1865 1445 1935 1488 ejus
1951 1446 2088 1480 Divinae

258 1489 355 1527 stases
365 1491 503 1532 dividit,
529 1492 684 1529 &tamen
697 1490 789 1529 hunc
813 1491 926 1526 latrice
946 1490 1028 1529 colit
1041 1513 1052 1531 ‚
1079 1488 1153 1541 1]οῇ
1196 1489 1374 1533 Hypostafi
1384 1492 1574 1533 naturaliter
1593 1494 1744 1534 unitum.
1793 1520 1795 1522 .

664 1779 892 1830 Nonum
939 1783 980 1828 S.
1016 1779 1264 1828 CYRILLI
1308 1779 1684 1827 CAPITULUM.

255 1924 348 2075 St

384 1951 484 2018 quis
519 1965 653 1998 unum
688 1951 934 1999 Dominum
970 1949 1159 1998 nostrum
1184 1946 1338 2015 Jesum
1372 1947 1598 1999 Christum
1647 1946 1673 1997 a
1709 1949 1869 2018 Spiritu
1904 1946 2049 2001 sancto
2076 1957 2094 2014 5

362 2036 572 2087 tanquam
608 2021 770 2069 virtute
804 2019 831 2070 a
866 2019 908 2070 se
943 2022 1083 2069 aliena
1118 2057 1131 2081 ,
1168 2017 1457 2082 glorificatum
1493 2017 1654 2067 dixerit
1688 2056 1702 2080 ‚
1738 2019 2091 2089 efficaciamque,

254 2107 344 2159 qua
378 2106 531 2140 contra
567 2089 815 2140 immundos
852 2089 1028 2158 spiritus
1064 2105 1303 2149 uteretur,
1353 2093 1395 2137 &
1430 2088 1580 2138 divina
1616 2091 1729 2138 inter
1777 2090 1974 2140 homines
2001 2094 2092 2160 *mi-

252 2163 399 2212 racula
434 2177 635 2230 operatur
668 2197 683 2222 ‚
730 2160 789 2211 ab
822 2160 918 2228 ipso
951 2160 1104 2214 eodem
1154 2157 1358 2226 accepiffe
1392 2158 1690 2226 praedicaverit
1726 2195 1739 2219 ,
1788 2165 1831 2209 &
1867 2178 1955 2210 non
1990 2181 2093 2229 pro-

252 2234 396 2300 prium
431 2268 444 2292 ‚
491 2232 821 2298 naturalemque
868 2232 986 2281 illius
1034 2228 1116 2281 effe
1153 2232 1361 2301 Spiritum
1396 2267 1412 2294 ι,
1459 2247 1536 2299 per
1571 2247 1703 2300 quem
1748 2228 1899 2282 divina
1933 2231 2090 2295 ligna-³

253 2300 394 2353 edidit
429 2339 442 2367 ‚
478 2302 711 2352 anathema
745 2301 797 2350 fit
819 2338 832 2350 .

671 2474 899 2523 NONUM
934 2476 1241 2522 NESTORII
1284 2474 1328 2521 C
1352 2489 1669 2521 AP1TutuM.

253 2646 346 2764 31

380 2642 481 2709 quis
518 2641 702 2691 formam
739 2641 848 2692 servi
884 2643 1288 2693 consubstantialem
1324 2639 1405 2690 effe
1439 2641 1597 2690 dixerit
1633 2640 1777 2690 saneto
1812 2679 1825 2702 ,
1880 2646 1923 2690 &
1957 2659 2082 2694 non...

359 2712 506 2779 potius
542 2730 618 2780 per
654 2713 771 2762 illius
808 2713 1121 2763 mediationem
1156 2750 1168 2774 ,
1215 2731 1312 2779 quae
1358 2711 1419 2760 est
1465 2711 1521 2759 ad
1574 2716 1720 2759 Deum
1754 2710 1946 2760 Verbum
1982 2749 1995 2773 ,
2041 2718 2084 2764 &

252 2798 305 2829 ex
342 2781 431 2850 ipsa
466 2785 754 2850 conceptione
790 2783 979 2834 habuisse
1013 2784 1171 2832 dixerit
1207 2784 1555 2850 conjunctionem
1582 2817 1596 2841 ,
1631 2799 1706 2849 per
1741 2798 1851 2848 quas
1887 2800 2083 2831 commu-

252 2869 328 2901 nes
364 2870 675 2919 nonnunquam
723 2855 770 2901 in
806 2854 1003 2903 homines
1039 2852 1236 2903 miranda
1282 2854 1504 2901 curatione
1539 2854 1730 2900 exercuit
1765 2888 1779 2911 ,
1832 2854 1876 2900 &
1910 2869 1963 2901 ex
2000 2853 2085 2903 hoc

251 2920 537 2972 curandorum
571 2921 797 2991 spirituum
829 2924 1059 2974 eveniebat
1094 2922 1174 2974 effe
1209 2922 1468 2992 potestatem
1503 2959 1516 2983 ‚
1552 2922 1784 2972 anathema
1817 2921 1870 2971 fit
1884 2957 1898 2970 .

489 3097 912 3160 SCHOLION.

317 3241 436 3276 Piritus
448 3242 547 3277 sancti
570 3243 604 3277 in
617 3243 826 3287 adsumptum
848 3242 1022 3279 hominem
1044 3242 1132 3278 dona

326 3292 422 3326 ‘mire
456 3293 589 3327 extollit
620 3292 793 3327 Nestorius
819 3319 826 3325 .
866 3293 1002 3327 Etenim
1031 3292 1134 3328 homo

256 3340 316 3374 ille
335 3341 376 3375 de
407 3342 527 3387 Spiritu
547 3344 658 3378 saneto
687 3354 867 3387 conceptus
886 3344 921 3377 &
943 3354 1039 3378 natus
1064 3344 1110 3378 est
1125 3368 1134 3383 ‚

259 3389 295 3422 in
328 3389 446 3433 Spiritu
468 3394 576 3428 sansto
595 3393 807 3436 justificatus,
833 3394 868 3426 in
891 3394 1014 3436 Spiritu
1027 3395 1134 3428 sancito

259 3438 437 3482 baptizavit
461 3467 472 3482 ‚
509 3443 665 3478 miracula
693 3443 770 3478 fecit
792 3467 802 3483 ,
838 3442 1047 3478 doemonibus
1072 3444 1134 3477 fuit

255 3488 436 3529 terribilis,
462 3492 518 3526 illa
538 3493 574 3528 in
601 3493 723 3537 Spiritu
757 3494 864 3527 saneto
889 3493 983 3536 ejecit
1001 3518 1014 3535 ,
1043 3495 1135 3538 super

356 3543 493 3573 Canones
504 3542 704 3586 Conc.prefi
718 3546 823 3576 Tom.1.

1182 3085 1272 3148 lcum
1299 3093 1500 3138 baptizatum
1523 3091 1661 3136 Spiritus
1688 3093 1813 3127 sanstus
1838 3092 1976 3134 manlit,
1999 3104 2079 3129 eum

1198 3144 1335 3188 Spiritus
1357 3143 1474 3184 unxit,
1500 3142 1695 3186 pauperibus
1716 3143 1941 3188 evangelizare
1968 3143 2079 3185 mifit,

1196 3194 1228 3227 ὃς
1254 3193 1389 3229 tandem
1420 3192 1609 3228 videntibus
1631 3192 1802 3236 Apostolis
1834 3191 2007 3237 adsumpsit
2040 3193 2077 3227 in

1197 3243 1314 3278 coelum
1335 3268 1344 3276 .
1372 3243 1467 3278 Hinc
1499 3242 1541 3277 de
1561 3241 1760 3278 orthodoxis
1792 3244 1938 3287 queritur
1963 3242 2079 3275 Nesto-

1196 3294 1283 3327 rius.-
1311 3297 1421 3334 Hunc,
1447 3298 1499 3335 qui
1520 3301 1641 3326 tantam
1664 3292 1779 3334 christo
1800 3294 1927 3339 largitus
1951 3291 1989 3329 est
2011 3292 2078 3335 glo·
2098 3288 2154 3322 L·4-
2170 3296 2253 3322 conr.

1194 3349 1272 3376 riam
1290 3367 1302 3384 ‚
1339 3354 1414 3377 cum
1449 3341 1583 3378 Arianis
1615 3343 1650 3377 δε
1683 3342 1936 3378 Macedonianis
1962 3339 2075 3384 Christi
2091 3326 2207 3397 {eff-⁰¹·

1188 3391 1313 3436 J‘ervum
1335 3393 1464 3435 efficiunt
1487 3417 1495 3425 .
1520 3393 1615 3439 Qin
1637 3392 1741 3427 immo
1770 3391 1873 3427 hocce
1897 3390 1967 3434 ejus
1997 3390 2076 3426 stul·

1194 3454 1264 3478 tum
1284 3443 1465 3487 capitulum
1495 3443 1594 3477 eriam
1617 3441 1659 3476 de
1679 3440 1890 3486 Apollinario
1923 3440 2078 3475 crimina-

1193 3503 1246 3527 tur
1270 3494 1454 3538 praesentem
1475 3491 1786 3527 anathematismum
1809 3516 1817 3523 .
1844 3489 2074 3536 Apollinarius

1541 3541 1573 3576 C
1598 3553 1617 3575 c
1643 3553 1661 3575 c
1711 3552 1733 3578 2
1931 3540 2022 3587 quip-
