<?xml version="1.0" encoding="UTF-8"?>
<!DOCTYPE html PUBLIC "-//W3C//DTD XHTML 1.0 Transitional//EN"
    "http://www.w3.org/TR/xhtml1/DTD/xhtml1-transitional.dtd">
<html xmlns="http://www.w3.org/1999/xhtml" xml:lang="en" lang="en">
 <head>
  <title>
</title>
<meta http-equiv="Content-Type" content="text/html;charset=utf-8" />
  <meta name='ocr-system' content='tesseract 3.04.00' />
  <meta name='ocr-capabilities' content='ocr_page ocr_carea ocr_par ocr_line ocrx_word'/>
</head>
<body>
  <div class='ocr_page' id='page_1' title='image "./operaomniastudio01lupuuoft_0385.png"; bbox 0 0 2346 3776; ppageno 0'>
   <div class='ocr_carea' id='block_1_1' title="bbox 627 83 1671 140">
    <p class='ocr_par' dir='ltr' id='par_1_1' title="bbox 627 83 1671 140">
     <span class='ocr_line' id='line_1_1' title="bbox 627 83 1671 140; baseline -0.004 -9"><span class='ocrx_word' id='word_1_1' title='bbox 627 84 936 140; x_wconf 73' lang='lat' dir='ltr'>Senonls,</span> <span class='ocrx_word' id='word_1_2' title='bbox 971 97 1036 126; x_wconf 70' lang='grc' dir='ltr'>ετ</span> <span class='ocrx_word' id='word_1_3' title='bbox 1071 95 1245 127; x_wconf 82' lang='lat' dir='ltr'>NOTIS</span> <span class='ocrx_word' id='word_1_4' title='bbox 1280 83 1671 128; x_wconf 57' lang='grc' dir='ltr'>ηιυετῐζᾼτιζ»</span> 
     </span>
    </p>
   </div>
   <div class='ocr_carea' id='block_1_2' title="bbox 1888 83 1991 148">
    <p class='ocr_par' dir='ltr' id='par_1_2' title="bbox 1888 83 1991 148">
     <span class='ocr_line' id='line_1_2' title="bbox 1888 83 1991 148; baseline 0.019 -2"><span class='ocrx_word' id='word_1_5' title='bbox 1888 83 1991 148; x_wconf 80' lang='lat'>&#39;347</span> 
     </span>
    </p>
   </div>
   <div class='ocr_carea' id='block_1_3' title="bbox 226 134 2067 240">
    <p class='ocr_par' dir='ltr' id='par_1_3' title="bbox 226 134 2067 240">
     <span class='ocr_line' id='line_1_3' title="bbox 226 134 2067 240; baseline -0.001 -19"><span class='ocrx_word' id='word_1_6' title='bbox 226 169 411 232; x_wconf 62' lang='lat' dir='ltr'>fitetur-115</span> <span class='ocrx_word' id='word_1_7' title='bbox 446 134 701 219; x_wconf 74' lang='lat' dir='ltr'>homoufion</span> <span class='ocrx_word' id='word_1_8' title='bbox 735 167 880 227; x_wconf 82' lang='lat' dir='ltr'>Patri,</span> <span class='ocrx_word' id='word_1_9' title='bbox 916 165 1000 214; x_wconf 87' lang='lat' dir='ltr'>hoc</span> <span class='ocrx_word' id='word_1_10' title='bbox 1034 164 1119 227; x_wconf 84' lang='lat' dir='ltr'>est,</span> <span class='ocrx_word' id='word_1_11' title='bbox 1155 163 1342 230; x_wconf 87' lang='lat' dir='ltr'>ejusdem</span> <span class='ocrx_word' id='word_1_12' title='bbox 1377 181 1477 212; x_wconf 91' lang='lat' dir='ltr'>cum</span> <span class='ocrx_word' id='word_1_13' title='bbox 1514 168 1641 214; x_wconf 87' lang='lat' dir='ltr'>Patre</span> <span class='ocrx_word' id='word_1_14' title='bbox 1676 164 1916 218; x_wconf 86' lang='lat' dir='ltr'>substantiae</span> <span class='ocrx_word' id='word_1_15' title='bbox 1938 207 1951 231; x_wconf 83' lang='lat'>‚</span> <span class='ocrx_word' id='word_1_16' title='bbox 1987 186 2067 240; x_wconf 88' lang='lat' dir='ltr'>per</span> 
     </span>
    </p>
   </div>
   <div class='ocr_carea' id='block_1_4' title="bbox 224 235 2066 376">
    <p class='ocr_par' dir='ltr' id='par_1_4' title="bbox 224 235 2066 376">
     <span class='ocr_line' id='line_1_4' title="bbox 224 235 1369 310; baseline -0.008 -12"><span class='ocrx_word' id='word_1_17' title='bbox 224 259 360 310; x_wconf 84' lang='lat' dir='ltr'>quem</span> <span class='ocrx_word' id='word_1_18' title='bbox 393 242 542 294; x_wconf 82' lang='lat' dir='ltr'>omnia.</span> <span class='ocrx_word' id='word_1_19' title='bbox 577 235 689 294; x_wconf 58' lang='lat' dir='ltr'>faeta</span> <span class='ocrx_word' id='word_1_20' title='bbox 741 295 743 297; x_wconf 67' lang='grc'><strong>,</strong></span> <span class='ocrx_word' id='word_1_21' title='bbox 776 251 819 294; x_wconf 77' lang='lat' dir='ltr'>vt</span> <span class='ocrx_word' id='word_1_22' title='bbox 854 273 868 297; x_wconf 85' lang='lat'>‚</span> <span class='ocrx_word' id='word_1_23' title='bbox 900 253 1000 303; x_wconf 83' lang='lat' dir='ltr'>quae</span> <span class='ocrx_word' id='word_1_24' title='bbox 1034 237 1082 291; x_wconf 85' lang='lat' dir='ltr'>in</span> <span class='ocrx_word' id='word_1_25' title='bbox 1115 236 1230 284; x_wconf 88' lang='lat' dir='ltr'>coelo</span> <span class='ocrx_word' id='word_1_26' title='bbox 1264 272 1278 297; x_wconf 83' lang='lat'>‚</span> <span class='ocrx_word' id='word_1_27' title='bbox 1326 239 1369 285; x_wconf 88' lang='lat'>&amp;</span> 
     </span>
     <span class='ocr_line' id='line_1_5' title="bbox 822 303 2066 376; baseline 0.004 -21"><span class='ocrx_word' id='word_1_28' title='bbox 822 322 1001 376; x_wconf 88' lang='lat' dir='ltr'>propter</span> <span class='ocrx_word' id='word_1_29' title='bbox 1036 305 1224 356; x_wconf 87' lang='lat' dir='ltr'>nostram</span> <span class='ocrx_word' id='word_1_30' title='bbox 1260 305 1440 354; x_wconf 87' lang='lat' dir='ltr'>salutem</span> <span class='ocrx_word' id='word_1_31' title='bbox 1475 303 1697 355; x_wconf 87' lang='lat' dir='ltr'>descendit</span> <span class='ocrx_word' id='word_1_32' title='bbox 1731 304 1788 355; x_wconf 90' lang='lat' dir='ltr'>de</span> <span class='ocrx_word' id='word_1_33' title='bbox 1822 311 1943 357; x_wconf 87' lang='lat' dir='ltr'>coelis</span> <span class='ocrx_word' id='word_1_34' title='bbox 1971 330 1982 358; x_wconf 91' lang='lat'><strong>:</strong></span> <span class='ocrx_word' id='word_1_35' title='bbox 2021 314 2066 360; x_wconf 85' lang='lat'>&amp;</span> 
     </span>
    </p>
   </div>
   <div class='ocr_carea' id='block_1_5' title="bbox 225 309 708 381">
    <p class='ocr_par' dir='ltr' id='par_1_5' title="bbox 225 309 708 381">
     <span class='ocr_line' id='line_1_6' title="bbox 225 309 708 381; baseline -0.006 -19"><span class='ocrx_word' id='word_1_36' title='bbox 225 328 325 381; x_wconf 86' lang='lat' dir='ltr'>pter</span> <span class='ocrx_word' id='word_1_37' title='bbox 358 328 438 361; x_wconf 86' lang='lat' dir='ltr'>nos</span> <span class='ocrx_word' id='word_1_38' title='bbox 473 309 671 360; x_wconf 85' lang='lat' dir='ltr'>homines</span> <span class='ocrx_word' id='word_1_39' title='bbox 694 345 708 370; x_wconf 88' lang='lat'>,</span> 
     </span>
    </p>
   </div>
   <div class='ocr_carea' id='block_1_6' title="bbox 1416 236 1791 302">
    <p class='ocr_par' dir='ltr' id='par_1_6' title="bbox 1416 236 1791 302">
     <span class='ocr_line' id='line_1_7' title="bbox 1416 236 1791 302; baseline 0.013 -19"><span class='ocrx_word' id='word_1_40' title='bbox 1416 251 1513 302; x_wconf 83' lang='lat' dir='ltr'>quae</span> <span class='ocrx_word' id='word_1_41' title='bbox 1547 236 1594 285; x_wconf 86' lang='lat' dir='ltr'>in</span> <span class='ocrx_word' id='word_1_42' title='bbox 1630 250 1743 284; x_wconf 80' lang='lat' dir='ltr'>terra</span> <span class='ocrx_word' id='word_1_43' title='bbox 1778 273 1791 288; x_wconf 81' lang='lat'><em>.</em></span> 
     </span>
    </p>
   </div>
   <div class='ocr_carea' id='block_1_7' title="bbox 1840 242 2068 308">
    <p class='ocr_par' dir='ltr' id='par_1_7' title="bbox 1840 242 2068 308">
     <span class='ocr_line' id='line_1_8' title="bbox 1840 242 2068 308; baseline 0.009 -20"><span class='ocrx_word' id='word_1_44' title='bbox 1840 242 1930 306; x_wconf 82' lang='lat' dir='ltr'>Qi</span> <span class='ocrx_word' id='word_1_45' title='bbox 1964 259 2068 308; x_wconf 86' lang='lat' dir='ltr'>pro-</span> 
     </span>
    </p>
   </div>
   <div class='ocr_carea' id='block_1_8' title="bbox 227 376 2069 516">
    <p class='ocr_par' dir='ltr' id='par_1_8' title="bbox 227 376 2069 516">
     <span class='ocr_line' id='line_1_9' title="bbox 227 376 2068 448; baseline -0.003 -17"><span class='ocrx_word' id='word_1_46' title='bbox 227 386 474 434; x_wconf 86' lang='lat' dir='ltr'>incarnatus</span> <span class='ocrx_word' id='word_1_47' title='bbox 510 380 571 429; x_wconf 89' lang='lat' dir='ltr'>est</span> <span class='ocrx_word' id='word_1_48' title='bbox 606 397 658 430; x_wconf 86' lang='lat' dir='ltr'>ex</span> <span class='ocrx_word' id='word_1_49' title='bbox 693 380 855 448; x_wconf 88' lang='lat' dir='ltr'>Spiritu</span> <span class='ocrx_word' id='word_1_50' title='bbox 890 376 1034 435; x_wconf 57' lang='lat' dir='ltr'>saneto</span> <span class='ocrx_word' id='word_1_51' title='bbox 1066 413 1082 438; x_wconf 85' lang='lat'>,</span> <span class='ocrx_word' id='word_1_52' title='bbox 1128 394 1180 425; x_wconf 84' lang='lat' dir='ltr'>ex</span> <span class='ocrx_word' id='word_1_53' title='bbox 1225 378 1369 425; x_wconf 86' lang='lat' dir='ltr'>Maria</span> <span class='ocrx_word' id='word_1_54' title='bbox 1403 377 1586 439; x_wconf 84' lang='lat' dir='ltr'>Virgine</span> <span class='ocrx_word' id='word_1_55' title='bbox 1619 413 1633 438; x_wconf 69' lang='lat' dir='ltr'>a</span> <span class='ocrx_word' id='word_1_56' title='bbox 1680 381 1723 427; x_wconf 88' lang='lat'>&amp;</span> <span class='ocrx_word' id='word_1_57' title='bbox 1759 377 1895 431; x_wconf 88' lang='lat' dir='ltr'>horno</span> <span class='ocrx_word' id='word_1_58' title='bbox 1931 378 2068 427; x_wconf 67' lang='lat' dir='ltr'>faetus</span> 
     </span>
     <span class='ocr_line' id='line_1_10' title="bbox 227 444 2069 516; baseline -0.004 -15"><span class='ocrx_word' id='word_1_59' title='bbox 227 451 290 503; x_wconf 87' lang='lat' dir='ltr'>est</span> <span class='ocrx_word' id='word_1_60' title='bbox 322 486 336 500; x_wconf 87' lang='grc'><strong>.</strong></span> <span class='ocrx_word' id='word_1_61' title='bbox 393 449 635 504; x_wconf 86' lang='lat' dir='ltr'>Crucifixus</span> <span class='ocrx_word' id='word_1_62' title='bbox 669 452 806 504; x_wconf 85' lang='lat' dir='ltr'>etiarn</span> <span class='ocrx_word' id='word_1_63' title='bbox 852 466 934 515; x_wconf 92' lang='lat' dir='ltr'>pro</span> <span class='ocrx_word' id='word_1_64' title='bbox 968 447 1094 497; x_wconf 88' lang='lat' dir='ltr'>nobis</span> <span class='ocrx_word' id='word_1_65' title='bbox 1127 484 1141 508; x_wconf 90' lang='lat'>,</span> <span class='ocrx_word' id='word_1_66' title='bbox 1189 444 1265 500; x_wconf 88' lang='lat' dir='ltr'>sub</span> <span class='ocrx_word' id='word_1_67' title='bbox 1300 447 1461 499; x_wconf 89' lang='lat' dir='ltr'>Pontio</span> <span class='ocrx_word' id='word_1_68' title='bbox 1495 447 1641 500; x_wconf 80' lang='lat' dir='ltr'>Pilato</span> <span class='ocrx_word' id='word_1_69' title='bbox 1683 445 1821 516; x_wconf 81' lang='lat' dir='ltr'>passus</span> <span class='ocrx_word' id='word_1_70' title='bbox 1855 484 1869 508; x_wconf 82' lang='lat'>‚</span> <span class='ocrx_word' id='word_1_71' title='bbox 1917 464 1969 496; x_wconf 86' lang='lat' dir='ltr'>ac</span> <span class='ocrx_word' id='word_1_72' title='bbox 2006 447 2069 498; x_wconf 76' lang='lat' dir='ltr'>se..</span> 
     </span>
    </p>
   </div>
   <div class='ocr_carea' id='block_1_9' title="bbox 226 522 423 591">
    <p class='ocr_par' dir='ltr' id='par_1_9' title="bbox 226 522 423 591">
     <span class='ocr_line' id='line_1_11' title="bbox 226 522 423 591; baseline 0 -21"><span class='ocrx_word' id='word_1_73' title='bbox 226 522 376 591; x_wconf 83' lang='lat' dir='ltr'>pultus</span> <span class='ocrx_word' id='word_1_74' title='bbox 410 558 423 570; x_wconf 88' lang='lat'><strong>.</strong></span> 
     </span>
    </p>
   </div>
   <div class='ocr_carea' id='block_1_10' title="bbox 227 515 1691 727">
    <p class='ocr_par' dir='ltr' id='par_1_10' title="bbox 227 515 1691 727">
     <span class='ocr_line' id='line_1_12' title="bbox 473 515 1676 589; baseline -0.004 -18"><span class='ocrx_word' id='word_1_75' title='bbox 473 525 532 570; x_wconf 90' lang='lat' dir='ltr'>Et</span> <span class='ocrx_word' id='word_1_76' title='bbox 567 522 697 589; x_wconf 69' lang='lat' dir='ltr'>tertia</span> <span class='ocrx_word' id='word_1_77' title='bbox 730 518 804 568; x_wconf 84' lang='lat' dir='ltr'>die</span> <span class='ocrx_word' id='word_1_78' title='bbox 838 517 1061 567; x_wconf 82' lang='lat' dir='ltr'>resurrexit</span> <span class='ocrx_word' id='word_1_79' title='bbox 1108 515 1340 567; x_wconf 74' lang='lat' dir='ltr'>secundum</span> <span class='ocrx_word' id='word_1_80' title='bbox 1389 519 1628 584; x_wconf 85' lang='lat' dir='ltr'>Scripturas</span> <span class='ocrx_word' id='word_1_81' title='bbox 1663 554 1676 566; x_wconf 91' lang='lat'>.</span> 
     </span>
     <span class='ocr_line' id='line_1_13' title="bbox 227 588 1264 652; baseline -0.006 -11"><span class='ocrx_word' id='word_1_82' title='bbox 227 592 364 641; x_wconf 84' lang='lat' dir='ltr'>coelos</span> <span class='ocrx_word' id='word_1_83' title='bbox 399 628 413 652; x_wconf 85' lang='lat'>‚</span> <span class='ocrx_word' id='word_1_84' title='bbox 447 590 564 645; x_wconf 89' lang='lat' dir='ltr'>sedet</span> <span class='ocrx_word' id='word_1_85' title='bbox 600 590 658 641; x_wconf 85' lang='lat' dir='ltr'>ad</span> <span class='ocrx_word' id='word_1_86' title='bbox 692 588 915 644; x_wconf 65' lang='lat' dir='ltr'>deiiteram</span> <span class='ocrx_word' id='word_1_87' title='bbox 949 591 1038 646; x_wconf 88' lang='lat' dir='ltr'>Dei</span> <span class='ocrx_word' id='word_1_88' title='bbox 1074 589 1216 643; x_wconf 88' lang='lat' dir='ltr'>Patris</span> <span class='ocrx_word' id='word_1_89' title='bbox 1251 624 1264 636; x_wconf 90' lang='lat'><strong>.</strong></span> 
     </span>
     <span class='ocr_line' id='line_1_14' title="bbox 228 657 1691 727; baseline -0.002 -17"><span class='ocrx_word' id='word_1_90' title='bbox 228 660 422 727; x_wconf 81' lang='lat' dir='ltr'>judicare</span> <span class='ocrx_word' id='word_1_91' title='bbox 455 665 584 712; x_wconf 89' lang='lat' dir='ltr'>vivos</span> <span class='ocrx_word' id='word_1_92' title='bbox 619 665 663 711; x_wconf 89' lang='lat'>&amp;</span> <span class='ocrx_word' id='word_1_93' title='bbox 698 676 893 711; x_wconf 87' lang='lat' dir='ltr'>mortuos</span> <span class='ocrx_word' id='word_1_94' title='bbox 928 681 941 718; x_wconf 86' lang='lat'><em>3</em></span> <span class='ocrx_word' id='word_1_95' title='bbox 988 663 1108 724; x_wconf 83' lang='lat' dir='ltr'>cujus</span> <span class='ocrx_word' id='word_1_96' title='bbox 1143 660 1264 721; x_wconf 88' lang='lat' dir='ltr'>regni</span> <span class='ocrx_word' id='word_1_97' title='bbox 1299 675 1388 707; x_wconf 91' lang='lat' dir='ltr'>non</span> <span class='ocrx_word' id='word_1_98' title='bbox 1424 660 1509 706; x_wconf 85' lang='lat' dir='ltr'>erit</span> <span class='ocrx_word' id='word_1_99' title='bbox 1543 657 1642 707; x_wconf 85' lang='lat' dir='ltr'>finis</span> <span class='ocrx_word' id='word_1_100' title='bbox 1678 694 1691 706; x_wconf 92' lang='lat'>.</span> 
     </span>
    </p>
   </div>
   <div class='ocr_carea' id='block_1_11' title="bbox 1312 516 2071 711">
    <p class='ocr_par' dir='ltr' id='par_1_11' title="bbox 1312 516 2071 711">
     <span class='ocr_line' id='line_1_15' title="bbox 1724 516 2071 571; baseline 0.006 -3"><span class='ocrx_word' id='word_1_101' title='bbox 1724 516 1934 568; x_wconf 85' lang='lat' dir='ltr'>Ascendit</span> <span class='ocrx_word' id='word_1_102' title='bbox 1982 520 2071 571; x_wconf 60' lang='lat' dir='ltr'>in„</span> 
     </span>
     <span class='ocr_line' id='line_1_16' title="bbox 1312 586 2070 652; baseline 0.001 -14"><span class='ocrx_word' id='word_1_103' title='bbox 1312 586 1419 638; x_wconf 74' lang='lat' dir='ltr'>Inde</span> <span class='ocrx_word' id='word_1_104' title='bbox 1456 603 1663 642; x_wconf 85' lang='lat' dir='ltr'>venturus</span> <span class='ocrx_word' id='word_1_105' title='bbox 1699 588 1759 637; x_wconf 89' lang='lat' dir='ltr'>est</span> <span class='ocrx_word' id='word_1_106' title='bbox 1794 607 1894 641; x_wconf 85' lang='lat' dir='ltr'>curn</span> <span class='ocrx_word' id='word_1_107' title='bbox 1929 589 2070 652; x_wconf 77' lang='lat' dir='ltr'>gloria</span> 
     </span>
     <span class='ocr_line' id='line_1_17' title="bbox 1754 658 2070 711; baseline 0.006 -3"><span class='ocrx_word' id='word_1_108' title='bbox 1754 658 1986 708; x_wconf 88' lang='lat' dir='ltr'>Credimus</span> <span class='ocrx_word' id='word_1_109' title='bbox 2021 661 2070 711; x_wconf 82' lang='lat' dir='ltr'>in</span> 
     </span>
    </p>
   </div>
   <div class='ocr_carea' id='block_1_12' title="bbox 228 726 2071 866">
    <p class='ocr_par' dir='ltr' id='par_1_12' title="bbox 228 726 2071 866">
     <span class='ocr_line' id='line_1_18' title="bbox 228 726 2070 800; baseline -0.002 -19"><span class='ocrx_word' id='word_1_110' title='bbox 228 734 439 800; x_wconf 84' lang='lat' dir='ltr'>Spiritum</span> <span class='ocrx_word' id='word_1_111' title='bbox 474 731 662 788; x_wconf 56' lang='lat' dir='ltr'>sanetum</span> <span class='ocrx_word' id='word_1_112' title='bbox 695 768 710 793; x_wconf 86' lang='lat'>,</span> <span class='ocrx_word' id='word_1_113' title='bbox 758 733 1003 788; x_wconf 88' lang='lat' dir='ltr'>Dominum</span> <span class='ocrx_word' id='word_1_114' title='bbox 1037 767 1051 790; x_wconf 58' lang='lat'>2</span> <span class='ocrx_word' id='word_1_115' title='bbox 1098 732 1141 777; x_wconf 92' lang='lat'>&amp;</span> <span class='ocrx_word' id='word_1_116' title='bbox 1176 726 1473 780; x_wconf 84' lang='lat' dir='ltr'>vivificantem</span> <span class='ocrx_word' id='word_1_117' title='bbox 1508 764 1522 788; x_wconf 84' lang='lat'>‚</span> <span class='ocrx_word' id='word_1_118' title='bbox 1569 745 1620 776; x_wconf 89' lang='lat' dir='ltr'>ex</span> <span class='ocrx_word' id='word_1_119' title='bbox 1667 732 1795 777; x_wconf 88' lang='lat' dir='ltr'>Patre</span> <span class='ocrx_word' id='word_1_120' title='bbox 1829 727 2070 797; x_wconf 80' lang='lat' dir='ltr'>proceden-</span> 
     </span>
     <span class='ocr_line' id='line_1_19' title="bbox 230 797 2071 866; baseline -0.002 -15"><span class='ocrx_word' id='word_1_121' title='bbox 230 818 322 856; x_wconf 87' lang='lat' dir='ltr'>tem</span> <span class='ocrx_word' id='word_1_122' title='bbox 356 839 371 862; x_wconf 82' lang='grc'>,</span> <span class='ocrx_word' id='word_1_123' title='bbox 405 807 450 858; x_wconf 85' lang='lat'>&amp;</span> <span class='ocrx_word' id='word_1_124' title='bbox 482 820 585 852; x_wconf 89' lang='lat' dir='ltr'>cum</span> <span class='ocrx_word' id='word_1_125' title='bbox 619 806 749 852; x_wconf 86' lang='lat' dir='ltr'>Patre</span> <span class='ocrx_word' id='word_1_126' title='bbox 783 805 827 851; x_wconf 74' lang='grc' dir='ltr'>δε</span> <span class='ocrx_word' id='word_1_127' title='bbox 860 802 974 857; x_wconf 85' lang='lat' dir='ltr'>Filio</span> <span class='ocrx_word' id='word_1_128' title='bbox 1007 797 1277 849; x_wconf 82' lang='lat' dir='ltr'>adorandum</span> <span class='ocrx_word' id='word_1_129' title='bbox 1312 803 1354 848; x_wconf 73' lang='grc' dir='ltr'>δε</span> <span class='ocrx_word' id='word_1_130' title='bbox 1390 797 1803 861; x_wconf 85' lang='lat' dir='ltr'>conglorificandum</span> <span class='ocrx_word' id='word_1_131' title='bbox 1839 819 1852 847; x_wconf 73' lang='grc' dir='ltr'><strong><em>ε</em></strong></span> <span class='ocrx_word' id='word_1_132' title='bbox 1890 802 1969 866; x_wconf 90' lang='lat' dir='ltr'>qui</span> <span class='ocrx_word' id='word_1_133' title='bbox 2003 800 2071 848; x_wconf 80' lang='lat' dir='ltr'>lo·-</span> 
     </span>
    </p>
   </div>
   <div class='ocr_carea' id='block_1_13' title="bbox 229 871 881 1137">
    <p class='ocr_par' dir='ltr' id='par_1_13' title="bbox 229 871 881 1137">
     <span class='ocr_line' id='line_1_20' title="bbox 229 871 881 940; baseline -0.002 -18"><span class='ocrx_word' id='word_1_134' title='bbox 229 888 356 923; x_wconf 89' lang='lat' dir='ltr'>cutus</span> <span class='ocrx_word' id='word_1_135' title='bbox 391 873 452 922; x_wconf 85' lang='lat' dir='ltr'>est</span> <span class='ocrx_word' id='word_1_136' title='bbox 485 890 563 940; x_wconf 88' lang='lat' dir='ltr'>per</span> <span class='ocrx_word' id='word_1_137' title='bbox 596 871 834 940; x_wconf 81' lang='lat' dir='ltr'>Prophetas</span> <span class='ocrx_word' id='word_1_138' title='bbox 868 908 881 920; x_wconf 90' lang='lat'><strong>.</strong></span> 
     </span>
     <span class='ocr_line' id='line_1_21' title="bbox 230 942 752 998; baseline 0.004 -8"><span class='ocrx_word' id='word_1_139' title='bbox 230 943 428 998; x_wconf 85' lang='lat' dir='ltr'>stolicam</span> <span class='ocrx_word' id='word_1_140' title='bbox 464 942 700 998; x_wconf 78' lang='lat' dir='ltr'>Ecclesiam</span> <span class='ocrx_word' id='word_1_141' title='bbox 737 979 752 992; x_wconf 89' lang='lat'><strong>.</strong></span> 
     </span>
     <span class='ocr_line' id='line_1_22' title="bbox 233 1027 479 1062; baseline -0.004 0"><span class='ocrx_word' id='word_1_142' title='bbox 233 1027 430 1062; x_wconf 87' lang='lat' dir='ltr'>catorum</span> <span class='ocrx_word' id='word_1_143' title='bbox 465 1049 479 1061; x_wconf 91' lang='lat'><strong>.</strong></span> 
     </span>
     <span class='ocr_line' id='line_1_23' title="bbox 233 1081 616 1137; baseline 0.005 -2"><span class='ocrx_word' id='word_1_144' title='bbox 233 1081 372 1136; x_wconf 81' lang='lat' dir='ltr'>saeculi</span> <span class='ocrx_word' id='word_1_145' title='bbox 405 1120 421 1133; x_wconf 89' lang='lat'><strong>.</strong></span> <span class='ocrx_word' id='word_1_146' title='bbox 469 1088 616 1137; x_wconf 71' lang='lat' dir='ltr'>Amen·</span> 
     </span>
    </p>
   </div>
   <div class='ocr_carea' id='block_1_14' title="bbox 454 1182 883 1271">
    <p class='ocr_par' dir='ltr' id='par_1_14' title="bbox 454 1182 883 1271">
     <span class='ocr_line' id='line_1_24' title="bbox 454 1182 883 1271; baseline 0 -2"><span class='ocrx_word' id='word_1_147' title='bbox 454 1182 883 1271; x_wconf 81' lang='lat' dir='ltr'>scHoLloN.</span> 
     </span>
    </p>
   </div>
   <div class='ocr_carea' id='block_1_15' title="bbox 233 1316 1125 1910">
    <p class='ocr_par' dir='ltr' id='par_1_15' title="bbox 233 1316 1125 1910">
     <span class='ocr_line' id='line_1_25' title="bbox 322 1316 1120 1364; baseline -0.004 -10"><span class='ocrx_word' id='word_1_148' title='bbox 322 1316 488 1354; x_wconf 67' lang='lat' dir='ltr'>neamus.</span> <span class='ocrx_word' id='word_1_149' title='bbox 516 1318 670 1363; x_wconf 82' lang='lat' dir='ltr'>Exponit</span> <span class='ocrx_word' id='word_1_150' title='bbox 681 1320 769 1364; x_wconf 87' lang='lat' dir='ltr'>apud</span> <span class='ocrx_word' id='word_1_151' title='bbox 781 1321 935 1355; x_wconf 66' lang='lat' dir='ltr'>Sanctum</span> <span class='ocrx_word' id='word_1_152' title='bbox 961 1317 1120 1364; x_wconf 83' lang='lat' dir='ltr'>Augusti-</span> 
     </span>
     <span class='ocr_line' id='line_1_26' title="bbox 348 1367 1119 1416; baseline 0 -14"><span class='ocrx_word' id='word_1_153' title='bbox 348 1378 429 1402; x_wconf 87' lang='lat' dir='ltr'>num</span> <span class='ocrx_word' id='word_1_154' title='bbox 442 1367 476 1401; x_wconf 89' lang='lat' dir='ltr'>in</span> <span class='ocrx_word' id='word_1_155' title='bbox 499 1370 687 1405; x_wconf 82' lang='lat' dir='ltr'>sermonum</span> <span class='ocrx_word' id='word_1_156' title='bbox 700 1370 908 1416; x_wconf 87' lang='lat' dir='ltr'>popularium</span> <span class='ocrx_word' id='word_1_157' title='bbox 936 1369 1119 1412; x_wconf 84' lang='lat' dir='ltr'>appendice</span> 
     </span>
     <span class='ocr_line' id='line_1_27' title="bbox 234 1411 1119 1463; baseline -0.002 -11"><span class='ocrx_word' id='word_1_158' title='bbox 234 1411 363 1452; x_wconf 64' lang='lat' dir='ltr'>Auctor</span> <span class='ocrx_word' id='word_1_159' title='bbox 384 1417 599 1463; x_wconf 67' lang='lat' dir='ltr'>incognitus:</span> <span class='ocrx_word' id='word_1_160' title='bbox 627 1422 725 1461; x_wconf 78' lang='lat' dir='ltr'>Vide,</span> <span class='ocrx_word' id='word_1_161' title='bbox 749 1422 834 1463; x_wconf 73' lang='lat' dir='ltr'>quad</span> <span class='ocrx_word' id='word_1_162' title='bbox 853 1423 1000 1453; x_wconf 75' lang='lat' dir='ltr'>Dominus</span> <span class='ocrx_word' id='word_1_163' title='bbox 1027 1417 1119 1459; x_wconf 84' lang='lat' dir='ltr'>noster</span> 
     </span>
     <span class='ocr_line' id='line_1_28' title="bbox 234 1467 1122 1512; baseline -0.003 -9"><span class='ocrx_word' id='word_1_164' title='bbox 234 1479 294 1503; x_wconf 81' lang='lat' dir='ltr'>non</span> <span class='ocrx_word' id='word_1_165' title='bbox 319 1480 372 1501; x_wconf 86' lang='lat' dir='ltr'>nos</span> <span class='ocrx_word' id='word_1_166' title='bbox 385 1468 476 1510; x_wconf 71' lang='lat' dir='ltr'>⁸iubet</span> <span class='ocrx_word' id='word_1_167' title='bbox 496 1468 644 1512; x_wconf 56' lang='lat' dir='ltr'>discutere</span> <span class='ocrx_word' id='word_1_168' title='bbox 665 1472 778 1505; x_wconf 72' lang='lat' dir='ltr'>divina</span> <span class='ocrx_word' id='word_1_169' title='bbox 793 1471 917 1511; x_wconf 71' lang='lat' dir='ltr'>judicia</span> <span class='ocrx_word' id='word_1_170' title='bbox 936 1493 948 1509; x_wconf 93' lang='lat'>,</span> <span class='ocrx_word' id='word_1_171' title='bbox 979 1467 1040 1512; x_wconf 79' lang='lat' dir='ltr'>sed</span> <span class='ocrx_word' id='word_1_172' title='bbox 1062 1478 1122 1501; x_wconf 83' lang='lat' dir='ltr'>cre-</span> 
     </span>
     <span class='ocr_line' id='line_1_29' title="bbox 233 1516 1122 1562; baseline -0.003 -10"><span class='ocrx_word' id='word_1_173' title='bbox 233 1519 305 1552; x_wconf 80' lang='lat' dir='ltr'>dere</span> <span class='ocrx_word' id='word_1_174' title='bbox 316 1531 331 1560; x_wconf 88' lang='lat'><em>;</em></span> <span class='ocrx_word' id='word_1_175' title='bbox 357 1529 408 1551; x_wconf 81' lang='lat' dir='ltr'>nec</span> <span class='ocrx_word' id='word_1_176' title='bbox 432 1524 580 1553; x_wconf 76' lang='lat' dir='ltr'>rationem</span> <span class='ocrx_word' id='word_1_177' title='bbox 604 1525 754 1561; x_wconf 72' lang='lat' dir='ltr'>requirere</span> <span class='ocrx_word' id='word_1_178' title='bbox 773 1542 786 1558; x_wconf 92' lang='lat'>,</span> <span class='ocrx_word' id='word_1_179' title='bbox 810 1516 965 1562; x_wconf 76' lang='lat' dir='ltr'>fedfidem</span> <span class='ocrx_word' id='word_1_180' title='bbox 983 1516 1122 1559; x_wconf 77' lang='lat' dir='ltr'>fimplicr&#39;-</span> 
     </span>
     <span class='ocr_line' id='line_1_30' title="bbox 233 1565 1122 1612; baseline -0.001 -11"><span class='ocrx_word' id='word_1_181' title='bbox 233 1576 282 1601; x_wconf 76' lang='lat' dir='ltr'>ter</span> <span class='ocrx_word' id='word_1_182' title='bbox 302 1569 337 1602; x_wconf 63' lang='grc' dir='ltr'><strong><em>Θ</em></strong></span> <span class='ocrx_word' id='word_1_183' title='bbox 359 1567 548 1600; x_wconf 71' lang='lat' dir='ltr'>immobiliter</span> <span class='ocrx_word' id='word_1_184' title='bbox 567 1567 707 1602; x_wconf 73' lang='lat' dir='ltr'>exhibere</span> <span class='ocrx_word' id='word_1_185' title='bbox 720 1592 728 1600; x_wconf 88' lang='lat'><strong>.</strong></span> <span class='ocrx_word' id='word_1_186' title='bbox 755 1568 876 1612; x_wconf 88' lang='lat' dir='ltr'>Neque</span> <span class='ocrx_word' id='word_1_187' title='bbox 887 1568 977 1602; x_wconf 87' lang='lat' dir='ltr'>enim</span> <span class='ocrx_word' id='word_1_188' title='bbox 993 1591 1004 1607; x_wconf 91' lang='lat'>‚</span> <span class='ocrx_word' id='word_1_189' title='bbox 1032 1565 1122 1610; x_wconf 88' lang='lat' dir='ltr'>quod</span> 
     </span>
     <span class='ocr_line' id='line_1_31' title="bbox 233 1614 1123 1658; baseline -0.001 -7"><span class='ocrx_word' id='word_1_190' title='bbox 233 1615 369 1651; x_wconf 85' lang='lat' dir='ltr'>voluere</span> <span class='ocrx_word' id='word_1_191' title='bbox 379 1614 518 1651; x_wconf 85' lang='lat' dir='ltr'>haeretici</span> <span class='ocrx_word' id='word_1_192' title='bbox 531 1618 633 1658; x_wconf 85' lang='lat' dir='ltr'>varii,</span> <span class='ocrx_word' id='word_1_193' title='bbox 661 1618 745 1652; x_wconf 86' lang='lat' dir='ltr'>ratio</span> <span class='ocrx_word' id='word_1_194' title='bbox 756 1617 986 1652; x_wconf 66' lang='lat' dir='ltr'>&amp;intellectus</span> <span class='ocrx_word' id='word_1_195' title='bbox 998 1616 1097 1651; x_wconf 88' lang='lat' dir='ltr'>fidem</span> <span class='ocrx_word' id='word_1_196' title='bbox 1111 1639 1123 1656; x_wconf 92' lang='lat'>‚</span> 
     </span>
     <span class='ocr_line' id='line_1_32' title="bbox 233 1666 1122 1710; baseline 0 -10"><span class='ocrx_word' id='word_1_197' title='bbox 233 1666 293 1700; x_wconf 84' lang='lat' dir='ltr'>sed</span> <span class='ocrx_word' id='word_1_198' title='bbox 325 1667 488 1702; x_wconf 88' lang='lat' dir='ltr'>rationem</span> <span class='ocrx_word' id='word_1_199' title='bbox 529 1667 564 1701; x_wconf 74' lang='grc' dir='ltr'>δε</span> <span class='ocrx_word' id='word_1_200' title='bbox 593 1667 798 1702; x_wconf 67' lang='lat' dir='ltr'>intellectum</span> <span class='ocrx_word' id='word_1_201' title='bbox 832 1666 913 1700; x_wconf 86' lang='lat' dir='ltr'>fides</span> <span class='ocrx_word' id='word_1_202' title='bbox 944 1666 1122 1710; x_wconf 81' lang='lat' dir='ltr'>praecedere</span> 
     </span>
     <span class='ocr_line' id='line_1_33' title="bbox 236 1715 1124 1756; baseline -0.002 -5"><span class='ocrx_word' id='word_1_203' title='bbox 236 1715 337 1751; x_wconf 86' lang='lat' dir='ltr'>debet</span> <span class='ocrx_word' id='word_1_204' title='bbox 359 1740 371 1756; x_wconf 92' lang='lat'>,</span> <span class='ocrx_word' id='word_1_205' title='bbox 406 1715 660 1752; x_wconf 88' lang='lat' dir='ltr'>obtenebratum</span> <span class='ocrx_word' id='word_1_206' title='bbox 682 1716 801 1750; x_wconf 64' lang='lat' dir='ltr'>vitiatae</span> <span class='ocrx_word' id='word_1_207' title='bbox 832 1716 952 1751; x_wconf 82' lang='lat' dir='ltr'>mentis</span> <span class='ocrx_word' id='word_1_208' title='bbox 987 1716 1124 1751; x_wconf 88' lang='lat' dir='ltr'>oculum</span> 
     </span>
     <span class='ocr_line' id='line_1_34' title="bbox 236 1765 1125 1811; baseline 0 -12"><span class='ocrx_word' id='word_1_209' title='bbox 236 1765 402 1800; x_wconf 84' lang='lat' dir='ltr'>mundans</span> <span class='ocrx_word' id='word_1_210' title='bbox 416 1789 427 1806; x_wconf 94' lang='lat'>,</span> <span class='ocrx_word' id='word_1_211' title='bbox 453 1766 641 1811; x_wconf 86' lang='lat' dir='ltr'>faciensque</span> <span class='ocrx_word' id='word_1_212' title='bbox 661 1778 745 1808; x_wconf 87' lang='lat' dir='ltr'>nos,</span> <span class='ocrx_word' id='word_1_213' title='bbox 771 1765 813 1801; x_wconf 91' lang='lat' dir='ltr'>de</span> <span class='ocrx_word' id='word_1_214' title='bbox 836 1765 1000 1810; x_wconf 84' lang='lat' dir='ltr'>quibusin</span> <span class='ocrx_word' id='word_1_215' title='bbox 1015 1767 1125 1800; x_wconf 84' lang='lat' dir='ltr'>Evan-</span> 
     </span>
     <span class='ocr_line' id='line_1_35' title="bbox 238 1816 1121 1862; baseline -0.001 -12"><span class='ocrx_word' id='word_1_216' title='bbox 238 1816 331 1862; x_wconf 82' lang='lat' dir='ltr'>gelio</span> <span class='ocrx_word' id='word_1_217' title='bbox 355 1816 526 1850; x_wconf 86' lang='lat' dir='ltr'>Dominus</span> <span class='ocrx_word' id='word_1_218' title='bbox 547 1829 554 1849; x_wconf 92' lang='lat'>:</span> <span class='ocrx_word' id='word_1_219' title='bbox 581 1818 675 1850; x_wconf 78' lang='lat' dir='ltr'>Beati</span> <span class='ocrx_word' id='word_1_220' title='bbox 701 1817 813 1850; x_wconf 78' lang='lat' dir='ltr'>mundo</span> <span class='ocrx_word' id='word_1_221' title='bbox 834 1818 921 1850; x_wconf 77' lang='lat' dir='ltr'>corde</span> <span class='ocrx_word' id='word_1_222' title='bbox 942 1840 953 1857; x_wconf 91' lang='lat'><strong>,</strong></span> <span class='ocrx_word' id='word_1_223' title='bbox 979 1822 1121 1858; x_wconf 80' lang='lat' dir='ltr'>quoniam</span> 
     </span>
     <span class='ocr_line' id='line_1_36' title="bbox 239 1864 1125 1910; baseline 0.002 -12"><span class='ocrx_word' id='word_1_224' title='bbox 239 1865 397 1909; x_wconf 72' lang='lat' dir='ltr'>ipfiDeum</span> <span class='ocrx_word' id='word_1_225' title='bbox 409 1866 558 1900; x_wconf 68' lang='lat' dir='ltr'>videbunt</span> <span class='ocrx_word' id='word_1_226' title='bbox 567 1892 575 1899; x_wconf 92' lang='lat'><strong><em>.</em></strong></span> <span class='ocrx_word' id='word_1_227' title='bbox 605 1866 648 1902; x_wconf 88' lang='lat' dir='ltr'>Et</span> <span class='ocrx_word' id='word_1_228' title='bbox 662 1864 829 1910; x_wconf 83' lang='lat' dir='ltr'>Propheta</span> <span class='ocrx_word' id='word_1_229' title='bbox 841 1867 956 1900; x_wconf 76' lang='lat' dir='ltr'>isaias:</span> <span class='ocrx_word' id='word_1_230' title='bbox 988 1865 1060 1908; x_wconf 77' lang='lat' dir='ltr'>Nisi</span> <span class='ocrx_word' id='word_1_231' title='bbox 1066 1878 1125 1901; x_wconf 82' lang='lat' dir='ltr'>cre-</span> 
     </span>
    </p>
   </div>
   <div class='ocr_carea' id='block_1_16' title="bbox 52 1428 218 1496">
    <p class='ocr_par' dir='ltr' id='par_1_16' title="bbox 52 1428 218 1496">
     <span class='ocr_line' id='line_1_37' title="bbox 58 1428 218 1464; baseline -0.019 -7"><span class='ocrx_word' id='word_1_232' title='bbox 58 1428 150 1458; x_wconf 81' lang='lat' dir='ltr'>Serm·</span> <span class='ocrx_word' id='word_1_233' title='bbox 170 1434 183 1464; x_wconf 89' lang='lat'><em>5</em></span> <span class='ocrx_word' id='word_1_234' title='bbox 188 1435 218 1463; x_wconf 80' lang='lat'>9.</span> 
     </span>
     <span class='ocr_line' id='line_1_38' title="bbox 52 1474 119 1496; baseline -0.015 0"><span class='ocrx_word' id='word_1_235' title='bbox 52 1474 85 1496; x_wconf 74' lang='lat' dir='ltr'>c.</span> <span class='ocrx_word' id='word_1_236' title='bbox 92 1476 119 1495; x_wconf 90' lang='lat'>2.</span> 
     </span>
    </p>
   </div>
   <div class='ocr_carea' id='block_1_17' title="bbox 79 1916 1125 3559">
    <p class='ocr_par' dir='ltr' id='par_1_17' title="bbox 237 1916 1124 2063">
     <span class='ocr_line' id='line_1_39' title="bbox 238 1916 1124 1961; baseline 0.001 -12"><span class='ocrx_word' id='word_1_237' title='bbox 238 1917 382 1949; x_wconf 68' lang='lat' dir='ltr'>dederitis</span> <span class='ocrx_word' id='word_1_238' title='bbox 404 1940 416 1956; x_wconf 95' lang='lat'>‚</span> <span class='ocrx_word' id='word_1_239' title='bbox 442 1928 500 1950; x_wconf 86' lang='lat' dir='ltr'>non</span> <span class='ocrx_word' id='word_1_240' title='bbox 520 1917 693 1961; x_wconf 69' lang='lat' dir='ltr'>intelligens</span> <span class='ocrx_word' id='word_1_241' title='bbox 718 1941 725 1949; x_wconf 90' lang='lat'>.</span> <span class='ocrx_word' id='word_1_242' title='bbox 753 1916 804 1952; x_wconf 82' lang='lat' dir='ltr'>Ita</span> <span class='ocrx_word' id='word_1_243' title='bbox 826 1927 869 1950; x_wconf 85' lang='lat' dir='ltr'>ex</span> <span class='ocrx_word' id='word_1_244' title='bbox 880 1916 1095 1961; x_wconf 84' lang='lat' dir='ltr'>Septuaginta</span> <span class='ocrx_word' id='word_1_245' title='bbox 1112 1941 1124 1957; x_wconf 91' lang='lat'>‚</span> 
     </span>
     <span class='ocr_line' id='line_1_40' title="bbox 238 1965 1124 2008; baseline 0 -8"><span class='ocrx_word' id='word_1_246' title='bbox 238 1977 323 2008; x_wconf 88' lang='lat' dir='ltr'>quos</span> <span class='ocrx_word' id='word_1_247' title='bbox 346 1977 423 2000; x_wconf 87' lang='lat' dir='ltr'>cum</span> <span class='ocrx_word' id='word_1_248' title='bbox 455 1966 622 2001; x_wconf 88' lang='lat' dir='ltr'>Hebraica</span> <span class='ocrx_word' id='word_1_249' title='bbox 643 1966 781 2001; x_wconf 84' lang='lat' dir='ltr'>veritate</span> <span class='ocrx_word' id='word_1_250' title='bbox 809 1965 914 2002; x_wconf 72' lang='lat' dir='ltr'>solide</span> <span class='ocrx_word' id='word_1_251' title='bbox 941 1966 1099 2001; x_wconf 84' lang='lat' dir='ltr'>conciliat</span> <span class='ocrx_word' id='word_1_252' title='bbox 1114 1992 1124 2007; x_wconf 95' lang='lat'><strong><em>,</em></strong></span> 
     </span>
     <span class='ocr_line' id='line_1_41' title="bbox 237 2015 748 2063; baseline -0.004 -12"><span class='ocrx_word' id='word_1_253' title='bbox 237 2016 352 2060; x_wconf 80' lang='lat' dir='ltr'>paffim</span> <span class='ocrx_word' id='word_1_254' title='bbox 363 2017 500 2051; x_wconf 64' lang='lat' dir='ltr'>Sanctus</span> <span class='ocrx_word' id='word_1_255' title='bbox 509 2015 727 2063; x_wconf 44' lang='lat' dir='ltr'>,Augustinus</span> <span class='ocrx_word' id='word_1_256' title='bbox 740 2041 748 2049; x_wconf 85' lang='lat'><strong>.</strong></span> 
     </span>
    </p>

    <p class='ocr_par' dir='ltr' id='par_1_18' title="bbox 235 2065 1125 3263">
     <span class='ocr_line' id='line_1_42' title="bbox 287 2065 1124 2111; baseline -0.001 -11"><span class='ocrx_word' id='word_1_257' title='bbox 287 2066 340 2100; x_wconf 93' lang='lat' dir='ltr'>IN</span> <span class='ocrx_word' id='word_1_258' title='bbox 351 2065 503 2101; x_wconf 91' lang='lat' dir='ltr'>DEUM</span> <span class='ocrx_word' id='word_1_259' title='bbox 516 2091 524 2100; x_wconf 93' lang='lat'><strong>.</strong></span> <span class='ocrx_word' id='word_1_260' title='bbox 552 2067 704 2111; x_wconf 82' lang='lat' dir='ltr'>Exponit</span> <span class='ocrx_word' id='word_1_261' title='bbox 719 2066 806 2101; x_wconf 88' lang='lat' dir='ltr'>idem</span> <span class='ocrx_word' id='word_1_262' title='bbox 819 2068 947 2102; x_wconf 74' lang='lat' dir='ltr'>Austor</span> <span class='ocrx_word' id='word_1_263' title='bbox 960 2079 968 2100; x_wconf 91' lang='lat'>:</span> <span class='ocrx_word' id='word_1_264' title='bbox 994 2071 1068 2101; x_wconf 88' lang='lat' dir='ltr'>Non</span> <span class='ocrx_word' id='word_1_265' title='bbox 1080 2068 1124 2100; x_wconf 82' lang='lat' dir='ltr'>di-</span> 
     </span>
     <span class='ocr_line' id='line_1_43' title="bbox 237 2115 1124 2158; baseline 0.001 -8"><span class='ocrx_word' id='word_1_266' title='bbox 237 2121 299 2156; x_wconf 81' lang='lat' dir='ltr'>cit,</span> <span class='ocrx_word' id='word_1_267' title='bbox 325 2115 496 2150; x_wconf 87' lang='lat' dir='ltr'>CREDO</span> <span class='ocrx_word' id='word_1_268' title='bbox 523 2116 699 2158; x_wconf 90' lang='lat' dir='ltr'>DEUM,</span> <span class='ocrx_word' id='word_1_269' title='bbox 726 2118 780 2152; x_wconf 82' lang='lat' dir='ltr'>vel</span> <span class='ocrx_word' id='word_1_270' title='bbox 803 2117 972 2152; x_wconf 87' lang='lat' dir='ltr'>CREDO</span> <span class='ocrx_word' id='word_1_271' title='bbox 1000 2118 1124 2153; x_wconf 88' lang='lat' dir='ltr'>DEO:</span> 
     </span>
     <span class='ocr_line' id='line_1_44' title="bbox 238 2165 1122 2211; baseline 0.002 -13"><span class='ocrx_word' id='word_1_272' title='bbox 238 2168 397 2209; x_wconf 68' lang='lat' dir='ltr'>‚Quamvis</span> <span class='ocrx_word' id='word_1_273' title='bbox 407 2166 615 2210; x_wconf 66' lang='lat' dir='ltr'>&amp;haecsaluti</span> <span class='ocrx_word' id='word_1_274' title='bbox 624 2165 847 2211; x_wconf 73' lang='lat' dir='ltr'>neceffaeriafim</span> <span class='ocrx_word' id='word_1_275' title='bbox 863 2193 870 2199; x_wconf 91' lang='lat'><strong>.</strong></span> <span class='ocrx_word' id='word_1_276' title='bbox 895 2165 1032 2207; x_wconf 68' lang='lat' dir='ltr'>Aliudest</span> <span class='ocrx_word' id='word_1_277' title='bbox 1043 2173 1122 2201; x_wconf 77' lang='lat' dir='ltr'>enim</span> 
     </span>
     <span class='ocr_line' id='line_1_45' title="bbox 238 2217 1125 2258; baseline 0.001 -9"><span class='ocrx_word' id='word_1_278' title='bbox 238 2217 534 2257; x_wconf 67' lang='lat' dir='ltr'>credereilla·‚a!1·ud</span> <span class='ocrx_word' id='word_1_279' title='bbox 551 2219 670 2251; x_wconf 81' lang='lat' dir='ltr'>credere</span> <span class='ocrx_word' id='word_1_280' title='bbox 679 2218 782 2258; x_wconf 68' lang='lat' dir='ltr'>illum,</span> <span class='ocrx_word' id='word_1_281' title='bbox 807 2218 898 2250; x_wconf 77' lang='lat' dir='ltr'>aliud</span> <span class='ocrx_word' id='word_1_282' title='bbox 905 2218 1023 2250; x_wconf 86' lang='lat' dir='ltr'>credere</span> <span class='ocrx_word' id='word_1_283' title='bbox 1044 2223 1077 2250; x_wconf 87' lang='lat' dir='ltr'>in</span> <span class='ocrx_word' id='word_1_284' title='bbox 1089 2219 1125 2250; x_wconf 81' lang='lat' dir='ltr'>il-</span> 
     </span>
     <span class='ocr_line' id='line_1_46' title="bbox 238 2266 1123 2310; baseline -0.001 -10"><span class='ocrx_word' id='word_1_285' title='bbox 238 2266 302 2300; x_wconf 83' lang='lat' dir='ltr'>lum</span> <span class='ocrx_word' id='word_1_286' title='bbox 312 2290 320 2298; x_wconf 86' lang='lat'><strong>.</strong></span> <span class='ocrx_word' id='word_1_287' title='bbox 349 2267 479 2301; x_wconf 81' lang='lat' dir='ltr'>Credere</span> <span class='ocrx_word' id='word_1_288' title='bbox 489 2267 535 2300; x_wconf 69' lang='lat'>1111</span> <span class='ocrx_word' id='word_1_289' title='bbox 543 2266 583 2308; x_wconf 85' lang='lat' dir='ltr'>est</span> <span class='ocrx_word' id='word_1_290' title='bbox 594 2269 712 2301; x_wconf 61' lang='lat' dir='ltr'>credere</span> <span class='ocrx_word' id='word_1_291' title='bbox 721 2279 795 2300; x_wconf 81' lang='lat' dir='ltr'>vera</span> <span class='ocrx_word' id='word_1_292' title='bbox 805 2267 857 2310; x_wconf 59' lang='lat' dir='ltr'>effi!</span> <span class='ocrx_word' id='word_1_293' title='bbox 869 2291 880 2307; x_wconf 91' lang='lat'>‚</span> <span class='ocrx_word' id='word_1_294' title='bbox 897 2279 965 2310; x_wconf 81' lang='lat' dir='ltr'>quae</span> <span class='ocrx_word' id='word_1_295' title='bbox 971 2268 1123 2309; x_wconf 56' lang='lat' dir='ltr'>loquitur-3</span> 
     </span>
     <span class='ocr_line' id='line_1_47' title="bbox 240 2315 1124 2361; baseline 0.002 -12"><span class='ocrx_word' id='word_1_296' title='bbox 240 2317 474 2359; x_wconf 77' lang='lat' dir='ltr'>credereillum,</span> <span class='ocrx_word' id='word_1_297' title='bbox 499 2319 617 2351; x_wconf 80' lang='lat' dir='ltr'>credere</span> <span class='ocrx_word' id='word_1_298' title='bbox 627 2341 642 2361; x_wconf 26' lang='lat'>,¹</span> <span class='ocrx_word' id='word_1_299' title='bbox 664 2323 736 2360; x_wconf 82' lang='lat' dir='ltr'>quia</span> <span class='ocrx_word' id='word_1_300' title='bbox 748 2315 811 2361; x_wconf 64' lang='lat' dir='ltr'>ips}</span> <span class='ocrx_word' id='word_1_301' title='bbox 822 2316 861 2358; x_wconf 84' lang='lat' dir='ltr'>est</span> <span class='ocrx_word' id='word_1_302' title='bbox 871 2318 954 2351; x_wconf 84' lang='lat' dir='ltr'>Deus</span> <span class='ocrx_word' id='word_1_303' title='bbox 966 2330 980 2359; x_wconf 92' lang='lat'><em>;</em></span> <span class='ocrx_word' id='word_1_304' title='bbox 1006 2319 1124 2351; x_wconf 78' lang='lat' dir='ltr'>credere</span> 
     </span>
     <span class='ocr_line' id='line_1_48' title="bbox 240 2366 1121 2412; baseline 0.002 -13"><span class='ocrx_word' id='word_1_305' title='bbox 240 2372 276 2399; x_wconf 78' lang='lat' dir='ltr'>in</span> <span class='ocrx_word' id='word_1_306' title='bbox 298 2368 404 2409; x_wconf 78' lang='lat' dir='ltr'>illum,</span> <span class='ocrx_word' id='word_1_307' title='bbox 429 2367 554 2411; x_wconf 78' lang='lat' dir='ltr'>diligere</span> <span class='ocrx_word' id='word_1_308' title='bbox 575 2369 678 2401; x_wconf 69' lang='lat' dir='ltr'>illum.</span> <span class='ocrx_word' id='word_1_309' title='bbox 706 2368 751 2401; x_wconf 90' lang='lat' dir='ltr'>Et</span> <span class='ocrx_word' id='word_1_310' title='bbox 776 2367 844 2412; x_wconf 83' lang='lat' dir='ltr'>ipse</span> <span class='ocrx_word' id='word_1_311' title='bbox 866 2366 1075 2412; x_wconf 82' lang='lat' dir='ltr'>Augustinus</span> <span class='ocrx_word' id='word_1_312' title='bbox 1087 2370 1121 2401; x_wconf 86' lang='lat' dir='ltr'>in</span> 
     </span>
     <span class='ocr_line' id='line_1_49' title="bbox 239 2416 1123 2458; baseline 0.002 -8"><span class='ocrx_word' id='word_1_313' title='bbox 239 2417 390 2451; x_wconf 86' lang='lat' dir='ltr'>sermone</span> <span class='ocrx_word' id='word_1_314' title='bbox 423 2417 465 2451; x_wconf 90' lang='lat' dir='ltr'>de</span> <span class='ocrx_word' id='word_1_315' title='bbox 489 2416 596 2452; x_wconf 89' lang='lat' dir='ltr'>verbis</span> <span class='ocrx_word' id='word_1_316' title='bbox 626 2418 771 2452; x_wconf 87' lang='lat' dir='ltr'>Domini</span> <span class='ocrx_word' id='word_1_317' title='bbox 791 2430 799 2450; x_wconf 74' lang='grc' dir='ltr'><strong><em>ε</em></strong></span> <span class='ocrx_word' id='word_1_318' title='bbox 826 2419 955 2451; x_wconf 84' lang='lat' dir='ltr'>Multum</span> <span class='ocrx_word' id='word_1_319' title='bbox 983 2417 1123 2458; x_wconf 73' lang='lat' dir='ltr'>interest,</span> 
     </span>
     <span class='ocr_line' id='line_1_50' title="bbox 240 2465 1120 2511; baseline 0.002 -12"><span class='ocrx_word' id='word_1_320' title='bbox 240 2476 343 2499; x_wconf 77' lang='lat' dir='ltr'>utrum</span> <span class='ocrx_word' id='word_1_321' title='bbox 373 2465 499 2509; x_wconf 81' lang='lat' dir='ltr'>quisque</span> <span class='ocrx_word' id='word_1_322' title='bbox 527 2467 633 2500; x_wconf 73' lang='lat' dir='ltr'>credat</span> <span class='ocrx_word' id='word_1_323' title='bbox 661 2465 760 2511; x_wconf 74' lang='lat' dir='ltr'>ipsum</span> <span class='ocrx_word' id='word_1_324' title='bbox 789 2467 841 2509; x_wconf 82' lang='lat' dir='ltr'>effe</span> <span class='ocrx_word' id='word_1_325' title='bbox 871 2466 1023 2507; x_wconf 69' lang='lat' dir='ltr'>christum</span> <span class='ocrx_word' id='word_1_326' title='bbox 1043 2493 1054 2509; x_wconf 94' lang='lat'>‚</span> <span class='ocrx_word' id='word_1_327' title='bbox 1085 2469 1120 2501; x_wconf 68' lang='grc' dir='ltr'>ὁ*</span> 
     </span>
     <span class='ocr_line' id='line_1_51' title="bbox 239 2515 1121 2561; baseline 0.003 -13"><span class='ocrx_word' id='word_1_328' title='bbox 239 2525 343 2549; x_wconf 83' lang='lat' dir='ltr'>utrum</span> <span class='ocrx_word' id='word_1_329' title='bbox 352 2517 455 2549; x_wconf 83' lang='lat' dir='ltr'>credat</span> <span class='ocrx_word' id='word_1_330' title='bbox 464 2522 496 2549; x_wconf 73' lang='lat' dir='ltr'>in</span> <span class='ocrx_word' id='word_1_331' title='bbox 508 2515 658 2555; x_wconf 77' lang='lat' dir='ltr'>Christum</span> <span class='ocrx_word' id='word_1_332' title='bbox 669 2541 676 2549; x_wconf 91' lang='lat'><strong>.</strong></span> <span class='ocrx_word' id='word_1_333' title='bbox 704 2520 792 2550; x_wconf 82' lang='lat' dir='ltr'>Nam</span> <span class='ocrx_word' id='word_1_334' title='bbox 802 2515 900 2561; x_wconf 83' lang='lat' dir='ltr'>ipsum</span> <span class='ocrx_word' id='word_1_335' title='bbox 910 2518 961 2560; x_wconf 84' lang='lat' dir='ltr'>effe</span> <span class='ocrx_word' id='word_1_336' title='bbox 971 2516 1121 2559; x_wconf 75' lang='lat' dir='ltr'>Christum</span> 
     </span>
     <span class='ocr_line' id='line_1_52' title="bbox 241 2566 1123 2601; baseline 0 -1"><span class='ocrx_word' id='word_1_337' title='bbox 241 2567 278 2600; x_wconf 65' lang='grc' dir='ltr'>ό·</span> <span class='ocrx_word' id='word_1_338' title='bbox 297 2567 447 2599; x_wconf 76' lang='lat' dir='ltr'>daemones</span> <span class='ocrx_word' id='word_1_339' title='bbox 469 2567 679 2600; x_wconf 78' lang='lat' dir='ltr'>crediderunt.</span> <span class='ocrx_word' id='word_1_340' title='bbox 706 2569 760 2600; x_wconf 85' lang='lat' dir='ltr'>Ille</span> <span class='ocrx_word' id='word_1_341' title='bbox 781 2574 860 2601; x_wconf 76' lang='lat' dir='ltr'>enim</span> <span class='ocrx_word' id='word_1_342' title='bbox 869 2568 966 2601; x_wconf 85' lang='lat' dir='ltr'>credit</span> <span class='ocrx_word' id='word_1_343' title='bbox 992 2574 1025 2601; x_wconf 83' lang='lat' dir='ltr'>in</span> <span class='ocrx_word' id='word_1_344' title='bbox 1036 2566 1123 2600; x_wconf 79' lang='lat' dir='ltr'>Chri-</span> 
     </span>
     <span class='ocr_line' id='line_1_53' title="bbox 236 2615 1123 2662; baseline 0 -13"><span class='ocrx_word' id='word_1_345' title='bbox 236 2615 313 2655; x_wconf 80' lang='lat' dir='ltr'>stum</span> <span class='ocrx_word' id='word_1_346' title='bbox 333 2641 343 2657; x_wconf 92' lang='lat'><em>,</em></span> <span class='ocrx_word' id='word_1_347' title='bbox 371 2623 423 2658; x_wconf 73' lang='lat' dir='ltr'>qur</span> <span class='ocrx_word' id='word_1_348' title='bbox 445 2618 480 2650; x_wconf 71' lang='lat'>&lt;9-</span> <span class='ocrx_word' id='word_1_349' title='bbox 495 2616 602 2660; x_wconf 71' lang='lat' dir='ltr'>sperat</span> <span class='ocrx_word' id='word_1_350' title='bbox 622 2623 655 2650; x_wconf 75' lang='lat' dir='ltr'>in</span> <span class='ocrx_word' id='word_1_351' title='bbox 678 2617 827 2658; x_wconf 69' lang='lat' dir='ltr'>christum</span> <span class='ocrx_word' id='word_1_352' title='bbox 840 2642 851 2657; x_wconf 92' lang='lat'>,</span> <span class='ocrx_word' id='word_1_353' title='bbox 877 2619 1021 2662; x_wconf 59' lang='lat' dir='ltr'>&amp;diligit</span> <span class='ocrx_word' id='word_1_354' title='bbox 1035 2617 1123 2650; x_wconf 83' lang='lat' dir='ltr'>clm·-</span> 
     </span>
     <span class='ocr_line' id='line_1_54' title="bbox 235 2665 1123 2711; baseline 0.002 -13"><span class='ocrx_word' id='word_1_355' title='bbox 235 2665 314 2705; x_wconf 83' lang='lat' dir='ltr'>stum</span> <span class='ocrx_word' id='word_1_356' title='bbox 324 2691 332 2698; x_wconf 91' lang='lat'><strong>.</strong></span> <span class='ocrx_word' id='word_1_357' title='bbox 360 2670 446 2699; x_wconf 82' lang='lat' dir='ltr'>Nam</span> <span class='ocrx_word' id='word_1_358' title='bbox 461 2665 587 2709; x_wconf 80' lang='lat' dir='ltr'>fifidem</span> <span class='ocrx_word' id='word_1_359' title='bbox 598 2666 689 2701; x_wconf 84' lang='lat' dir='ltr'>habet</span> <span class='ocrx_word' id='word_1_360' title='bbox 693 2666 756 2708; x_wconf 82' lang='lat' dir='ltr'>fine</span> <span class='ocrx_word' id='word_1_361' title='bbox 761 2667 817 2711; x_wconf 84' lang='lat' dir='ltr'>spe</span> <span class='ocrx_word' id='word_1_362' title='bbox 828 2669 863 2702; x_wconf 71' lang='grc'>61·</span> <span class='ocrx_word' id='word_1_363' title='bbox 865 2667 929 2710; x_wconf 83' lang='lat' dir='ltr'>fine</span> <span class='ocrx_word' id='word_1_364' title='bbox 950 2668 1102 2701; x_wconf 60' lang='lat' dir='ltr'>daemone</span> <span class='ocrx_word' id='word_1_365' title='bbox 1112 2692 1123 2708; x_wconf 84' lang='lat'><strong><em>,</em></strong></span> 
     </span>
     <span class='ocr_line' id='line_1_55' title="bbox 243 2715 1122 2762; baseline 0.005 -15"><span class='ocrx_word' id='word_1_366' title='bbox 243 2715 392 2756; x_wconf 78' lang='lat' dir='ltr'>Christum</span> <span class='ocrx_word' id='word_1_367' title='bbox 402 2717 453 2759; x_wconf 83' lang='lat' dir='ltr'>effe</span> <span class='ocrx_word' id='word_1_368' title='bbox 462 2718 555 2750; x_wconf 87' lang='lat' dir='ltr'>credit</span> <span class='ocrx_word' id='word_1_369' title='bbox 564 2742 574 2758; x_wconf 90' lang='lat'>‚</span> <span class='ocrx_word' id='word_1_370' title='bbox 586 2723 687 2751; x_wconf 77' lang='lat' dir='ltr'>nonin</span> <span class='ocrx_word' id='word_1_371' title='bbox 698 2717 848 2759; x_wconf 79' lang='lat' dir='ltr'>Christum</span> <span class='ocrx_word' id='word_1_372' title='bbox 857 2719 951 2751; x_wconf 63' lang='lat' dir='ltr'>credit</span> <span class='ocrx_word' id='word_1_373' title='bbox 962 2741 971 2751; x_wconf 91' lang='lat'><strong>.</strong></span> <span class='ocrx_word' id='word_1_374' title='bbox 999 2719 1066 2762; x_wconf 72' lang='lat' dir='ltr'>,Qui</span> <span class='ocrx_word' id='word_1_375' title='bbox 1077 2730 1122 2752; x_wconf 84' lang='lat' dir='ltr'>er-</span> 
     </span>
     <span class='ocr_line' id='line_1_56' title="bbox 239 2765 1119 2809; baseline 0.007 -13"><span class='ocrx_word' id='word_1_376' title='bbox 239 2769 279 2809; x_wconf 62' lang='lat' dir='ltr'>ga</span> <span class='ocrx_word' id='word_1_377' title='bbox 290 2772 322 2797; x_wconf 80' lang='lat' dir='ltr'>in</span> <span class='ocrx_word' id='word_1_378' title='bbox 331 2765 481 2807; x_wconf 74' lang='lat' dir='ltr'>Christum</span> <span class='ocrx_word' id='word_1_379' title='bbox 490 2768 584 2801; x_wconf 78' lang='lat' dir='ltr'>credit</span> <span class='ocrx_word' id='word_1_380' title='bbox 594 2793 606 2808; x_wconf 88' lang='lat'><em>,</em></span> <span class='ocrx_word' id='word_1_381' title='bbox 625 2769 771 2802; x_wconf 82' lang='lat' dir='ltr'>credendo</span> <span class='ocrx_word' id='word_1_382' title='bbox 783 2777 817 2801; x_wconf 84' lang='lat' dir='ltr'>m</span> <span class='ocrx_word' id='word_1_383' title='bbox 829 2768 979 2809; x_wconf 67' lang='lat' dir='ltr'>christum</span> <span class='ocrx_word' id='word_1_384' title='bbox 991 2774 1077 2802; x_wconf 79' lang='lat' dir='ltr'>venit</span> <span class='ocrx_word' id='word_1_385' title='bbox 1086 2774 1119 2802; x_wconf 73' lang='lat' dir='ltr'>ln</span> 
     </span>
     <span class='ocr_line' id='line_1_57' title="bbox 244 2815 1122 2860; baseline 0.003 -10"><span class='ocrx_word' id='word_1_386' title='bbox 244 2827 311 2850; x_wconf 85' lang='lat' dir='ltr'>eum</span> <span class='ocrx_word' id='word_1_387' title='bbox 331 2815 466 2857; x_wconf 74' lang='lat' dir='ltr'>Christus</span> <span class='ocrx_word' id='word_1_388' title='bbox 480 2843 491 2858; x_wconf 92' lang='lat'>,</span> <span class='ocrx_word' id='word_1_389' title='bbox 517 2820 551 2852; x_wconf 57' lang='lat' dir='ltr'>(a</span> <span class='ocrx_word' id='word_1_390' title='bbox 567 2820 781 2860; x_wconf 84' lang='lat' dir='ltr'>quodammodo</span> <span class='ocrx_word' id='word_1_391' title='bbox 802 2825 906 2852; x_wconf 76' lang='lat' dir='ltr'>unitur</span> <span class='ocrx_word' id='word_1_392' title='bbox 918 2822 1060 2860; x_wconf 65' lang='lat' dir='ltr'>in-eu‘m,</span> <span class='ocrx_word' id='word_1_393' title='bbox 1088 2821 1122 2853; x_wconf 64' lang='grc' dir='ltr'>(τ</span> 
     </span>
     <span class='ocr_line' id='line_1_58' title="bbox 245 2866 1121 2912; baseline 0.001 -12"><span class='ocrx_word' id='word_1_394' title='bbox 245 2866 407 2900; x_wconf 83' lang='lat' dir='ltr'>membrum</span> <span class='ocrx_word' id='word_1_395' title='bbox 426 2872 459 2899; x_wconf 85' lang='lat' dir='ltr'>in</span> <span class='ocrx_word' id='word_1_396' title='bbox 469 2869 534 2908; x_wconf 66' lang='lat' dir='ltr'>qius</span> <span class='ocrx_word' id='word_1_397' title='bbox 555 2876 671 2909; x_wconf 82' lang='lat' dir='ltr'>corpore</span> <span class='ocrx_word' id='word_1_398' title='bbox 694 2870 836 2910; x_wconf 79' lang='lat' dir='ltr'>efficitur:</span> <span class='ocrx_word' id='word_1_399' title='bbox 863 2870 958 2912; x_wconf 72' lang='lat' dir='ltr'>,Quod</span> <span class='ocrx_word' id='word_1_400' title='bbox 971 2868 1040 2910; x_wconf 82' lang='lat' dir='ltr'>fieri</span> <span class='ocrx_word' id='word_1_401' title='bbox 1063 2880 1121 2902; x_wconf 87' lang='lat' dir='ltr'>non</span> 
     </span>
     <span class='ocr_line' id='line_1_59' title="bbox 241 2915 1122 2963; baseline 0.005 -15"><span class='ocrx_word' id='word_1_402' title='bbox 241 2915 335 2959; x_wconf 85' lang='lat' dir='ltr'>potest</span> <span class='ocrx_word' id='word_1_403' title='bbox 345 2941 356 2957; x_wconf 92' lang='lat'>,</span> <span class='ocrx_word' id='word_1_404' title='bbox 383 2916 511 2960; x_wconf 70' lang='lat' dir='ltr'>nifispes</span> <span class='ocrx_word' id='word_1_405' title='bbox 523 2919 642 2951; x_wconf 78' lang='lat' dir='ltr'>accedat</span> <span class='ocrx_word' id='word_1_406' title='bbox 650 2920 683 2952; x_wconf 63' lang='lat' dir='ltr'>&lt;St</span> <span class='ocrx_word' id='word_1_407' title='bbox 693 2918 828 2952; x_wconf 78' lang='lat' dir='ltr'>charitas</span> <span class='ocrx_word' id='word_1_408' title='bbox 839 2943 846 2950; x_wconf 92' lang='lat'><em>.</em></span> <span class='ocrx_word' id='word_1_409' title='bbox 875 2919 1031 2952; x_wconf 89' lang='lat' dir='ltr'>Nimium</span> <span class='ocrx_word' id='word_1_410' title='bbox 1043 2917 1122 2963; x_wconf 76' lang='lat' dir='ltr'>ergo</span> 
     </span>
     <span class='ocr_line' id='line_1_60' title="bbox 245 2967 1122 3013; baseline 0.001 -13"><span class='ocrx_word' id='word_1_411' title='bbox 245 2976 354 3000; x_wconf 89' lang='lat' dir='ltr'>errant</span> <span class='ocrx_word' id='word_1_412' title='bbox 367 2991 377 3006; x_wconf 95' lang='lat'>,</span> <span class='ocrx_word' id='word_1_413' title='bbox 405 2967 542 3011; x_wconf 85' lang='lat' dir='ltr'>quisolo</span> <span class='ocrx_word' id='word_1_414' title='bbox 560 2967 784 3013; x_wconf 86' lang='lat' dir='ltr'>gehennarum</span> <span class='ocrx_word' id='word_1_415' title='bbox 808 2978 898 3003; x_wconf 89' lang='lat' dir='ltr'>metu</span> <span class='ocrx_word' id='word_1_416' title='bbox 919 2968 1056 3003; x_wconf 88' lang='lat' dir='ltr'>credunt</span> <span class='ocrx_word' id='word_1_417' title='bbox 1077 2968 1122 3011; x_wconf 82' lang='lat' dir='ltr'>ju-</span> 
     </span>
     <span class='ocr_line' id='line_1_61' title="bbox 244 3015 1123 3062; baseline 0.002 -12"><span class='ocrx_word' id='word_1_418' title='bbox 244 3016 377 3051; x_wconf 83' lang='lat' dir='ltr'>stificari</span> <span class='ocrx_word' id='word_1_419' title='bbox 396 3015 589 3058; x_wconf 87' lang='lat' dir='ltr'>hominem,</span> <span class='ocrx_word' id='word_1_420' title='bbox 615 3019 649 3053; x_wconf 70' lang='grc' dir='ltr'>ὅ(</span> <span class='ocrx_word' id='word_1_421' title='bbox 662 3018 805 3052; x_wconf 68' lang='lat' dir='ltr'>emundi</span> <span class='ocrx_word' id='word_1_422' title='bbox 817 3031 955 3062; x_wconf 86' lang='lat' dir='ltr'>corpore</span> <span class='ocrx_word' id='word_1_423' title='bbox 975 3019 1123 3053; x_wconf 82' lang='lat' dir='ltr'>transfer-</span> 
     </span>
     <span class='ocr_line' id='line_1_62' title="bbox 243 3066 1121 3115; baseline 0.002 -15"><span class='ocrx_word' id='word_1_424' title='bbox 243 3067 273 3101; x_wconf 84' lang='lat' dir='ltr'>ri</span> <span class='ocrx_word' id='word_1_425' title='bbox 293 3067 327 3100; x_wconf 90' lang='lat' dir='ltr'>in</span> <span class='ocrx_word' id='word_1_426' title='bbox 341 3079 459 3110; x_wconf 88' lang='lat' dir='ltr'>corpus</span> <span class='ocrx_word' id='word_1_427' title='bbox 470 3066 610 3102; x_wconf 83' lang='lat' dir='ltr'>Christi·</span> <span class='ocrx_word' id='word_1_428' title='bbox 639 3069 799 3115; x_wconf 82' lang='lat' dir='ltr'>Qisquis</span> <span class='ocrx_word' id='word_1_429' title='bbox 809 3066 924 3104; x_wconf 71' lang='lat' dir='ltr'>affestu</span> <span class='ocrx_word' id='word_1_430' title='bbox 949 3069 1064 3104; x_wconf 86' lang='lat' dir='ltr'>saltem</span> <span class='ocrx_word' id='word_1_431' title='bbox 1076 3070 1121 3102; x_wconf 91' lang='lat' dir='ltr'>su-</span> 
     </span>
     <span class='ocr_line' id='line_1_63' title="bbox 246 3117 1121 3163; baseline 0.002 -13"><span class='ocrx_word' id='word_1_432' title='bbox 246 3128 302 3160; x_wconf 84' lang='lat' dir='ltr'>per</span> <span class='ocrx_word' id='word_1_433' title='bbox 314 3119 425 3151; x_wconf 88' lang='lat' dir='ltr'>omnia</span> <span class='ocrx_word' id='word_1_434' title='bbox 437 3117 578 3152; x_wconf 84' lang='lat' dir='ltr'>necdum</span> <span class='ocrx_word' id='word_1_435' title='bbox 591 3118 703 3163; x_wconf 85' lang='lat' dir='ltr'>diligit</span> <span class='ocrx_word' id='word_1_436' title='bbox 725 3120 835 3154; x_wconf 91' lang='lat' dir='ltr'>Deum</span> <span class='ocrx_word' id='word_1_437' title='bbox 850 3144 859 3160; x_wconf 88' lang='lat'>‚</span> <span class='ocrx_word' id='word_1_438' title='bbox 886 3120 919 3153; x_wconf 91' lang='lat' dir='ltr'>in</span> <span class='ocrx_word' id='word_1_439' title='bbox 933 3120 1038 3163; x_wconf 87' lang='lat' dir='ltr'>ipsum</span> <span class='ocrx_word' id='word_1_440' title='bbox 1050 3130 1121 3152; x_wconf 89' lang='lat' dir='ltr'>nec-</span> 
     </span>
     <span class='ocr_line' id='line_1_64' title="bbox 245 3167 1120 3215; baseline 0.001 -14"><span class='ocrx_word' id='word_1_441' title='bbox 245 3167 325 3201; x_wconf 86' lang='lat' dir='ltr'>dum</span> <span class='ocrx_word' id='word_1_442' title='bbox 345 3168 448 3203; x_wconf 80' lang='lat' dir='ltr'>credit</span> <span class='ocrx_word' id='word_1_443' title='bbox 468 3193 479 3210; x_wconf 88' lang='lat'><strong>,</strong></span> <span class='ocrx_word' id='word_1_444' title='bbox 505 3169 611 3213; x_wconf 85' lang='lat' dir='ltr'>ipsum</span> <span class='ocrx_word' id='word_1_445' title='bbox 634 3168 785 3212; x_wconf 87' lang='lat' dir='ltr'>Symboli</span> <span class='ocrx_word' id='word_1_446' title='bbox 811 3179 909 3215; x_wconf 84' lang='lat' dir='ltr'>caput</span> <span class='ocrx_word' id='word_1_447' title='bbox 929 3170 1000 3203; x_wconf 91' lang='lat' dir='ltr'>solo</span> <span class='ocrx_word' id='word_1_448' title='bbox 1023 3168 1120 3202; x_wconf 82' lang='lat' dir='ltr'>verbo</span> 
     </span>
     <span class='ocr_line' id='line_1_65' title="bbox 246 3217 1122 3263; baseline 0.002 -12"><span class='ocrx_word' id='word_1_449' title='bbox 246 3217 281 3251; x_wconf 75' lang='grc' dir='ltr'>ἀ</span> <span class='ocrx_word' id='word_1_450' title='bbox 299 3218 414 3263; x_wconf 84' lang='lat' dir='ltr'>lingua</span> <span class='ocrx_word' id='word_1_451' title='bbox 434 3229 526 3253; x_wconf 87' lang='lat' dir='ltr'>tenet</span> <span class='ocrx_word' id='word_1_452' title='bbox 548 3243 559 3259; x_wconf 87' lang='lat'><strong>,</strong></span> <span class='ocrx_word' id='word_1_453' title='bbox 596 3219 673 3253; x_wconf 89' lang='lat' dir='ltr'>solis</span> <span class='ocrx_word' id='word_1_454' title='bbox 692 3219 787 3253; x_wconf 86' lang='lat' dir='ltr'>labiis</span> <span class='ocrx_word' id='word_1_455' title='bbox 814 3219 956 3253; x_wconf 89' lang='lat' dir='ltr'>honorat</span> <span class='ocrx_word' id='word_1_456' title='bbox 988 3220 1098 3260; x_wconf 84' lang='lat' dir='ltr'>Deum</span> <span class='ocrx_word' id='word_1_457' title='bbox 1112 3243 1122 3258; x_wconf 87' lang='lat'>‚</span> 
     </span>
    </p>

    <p class='ocr_par' dir='ltr' id='par_1_19' title="bbox 79 3267 1123 3410">
     <span class='ocr_line' id='line_1_66' title="bbox 121 3267 1123 3327; baseline 0.003 -29"><span class='ocrx_word' id='word_1_458' title='bbox 121 3297 143 3325; x_wconf 65' lang='grc' dir='ltr'><strong>Α</strong></span> <span class='ocrx_word' id='word_1_459' title='bbox 168 3296 196 3327; x_wconf 56' lang='grc' dir='ltr'>ἃ</span> <span class='ocrx_word' id='word_1_460' title='bbox 247 3267 394 3302; x_wconf 85' lang='lat' dir='ltr'>cordein</span> <span class='ocrx_word' id='word_1_461' title='bbox 409 3268 471 3303; x_wconf 88' lang='lat' dir='ltr'>alia</span> <span class='ocrx_word' id='word_1_462' title='bbox 483 3268 654 3303; x_wconf 64' lang='lat' dir='ltr'>distraeto.</span> <span class='ocrx_word' id='word_1_463' title='bbox 683 3271 790 3302; x_wconf 72' lang='lat' dir='ltr'>Credit</span> <span class='ocrx_word' id='word_1_464' title='bbox 801 3268 971 3309; x_wconf 75' lang='lat' dir='ltr'>Christum,</span> <span class='ocrx_word' id='word_1_465' title='bbox 992 3267 1123 3312; x_wconf 68' lang='lat' dir='ltr'>fidodit</span> 
     </span>
     <span class='ocr_line' id='line_1_67' title="bbox 80 3304 1122 3373; baseline 0.003 -24"><span class='ocrx_word' id='word_1_466' title='bbox 80 3304 231 3373; x_wconf 38' lang='lat' dir='ltr'>meg-seo:-</span> <span class='ocrx_word' id='word_1_467' title='bbox 252 3316 419 3362; x_wconf 71' lang='lat' dir='ltr'>Christum3</span> <span class='ocrx_word' id='word_1_468' title='bbox 447 3319 546 3353; x_wconf 79' lang='lat' dir='ltr'>Habet</span> <span class='ocrx_word' id='word_1_469' title='bbox 568 3319 761 3361; x_wconf 78' lang='lat' dir='ltr'>confessionem</span> <span class='ocrx_word' id='word_1_470' title='bbox 786 3319 860 3361; x_wconf 82' lang='lat' dir='ltr'>fidei</span> <span class='ocrx_word' id='word_1_471' title='bbox 881 3325 914 3352; x_wconf 80' lang='lat' dir='ltr'>in</span> <span class='ocrx_word' id='word_1_472' title='bbox 943 3325 1045 3352; x_wconf 79' lang='lat' dir='ltr'>timore</span> <span class='ocrx_word' id='word_1_473' title='bbox 1059 3327 1122 3360; x_wconf 83' lang='lat' dir='ltr'>poe-</span> 
     </span>
     <span class='ocr_line' id='line_1_68' title="bbox 79 3367 1120 3410; baseline 0.002 -12"><span class='ocrx_word' id='word_1_474' title='bbox 79 3384 124 3410; x_wconf 78' lang='lat'>59·</span> <span class='ocrx_word' id='word_1_475' title='bbox 135 3385 160 3406; x_wconf 72' lang='grc' dir='ltr'>ς,</span> <span class='ocrx_word' id='word_1_476' title='bbox 169 3387 194 3405; x_wconf 79' lang='lat'>2,</span> <span class='ocrx_word' id='word_1_477' title='bbox 250 3377 299 3399; x_wconf 82' lang='lat' dir='ltr'>nae</span> <span class='ocrx_word' id='word_1_478' title='bbox 311 3390 322 3406; x_wconf 88' lang='lat'>‚</span> <span class='ocrx_word' id='word_1_479' title='bbox 342 3379 398 3401; x_wconf 84' lang='lat' dir='ltr'>non</span> <span class='ocrx_word' id='word_1_480' title='bbox 408 3375 441 3402; x_wconf 79' lang='lat' dir='ltr'>m</span> <span class='ocrx_word' id='word_1_481' title='bbox 450 3378 547 3403; x_wconf 77' lang='lat' dir='ltr'>amore</span> <span class='ocrx_word' id='word_1_482' title='bbox 557 3381 667 3403; x_wconf 79' lang='lat' dir='ltr'>coronae</span> <span class='ocrx_word' id='word_1_483' title='bbox 679 3393 689 3409; x_wconf 88' lang='lat'>,</span> <span class='ocrx_word' id='word_1_484' title='bbox 702 3369 741 3403; x_wconf 92' lang='lat' dir='ltr'>ad</span> <span class='ocrx_word' id='word_1_485' title='bbox 755 3368 855 3403; x_wconf 84' lang='lat' dir='ltr'>instar</span> <span class='ocrx_word' id='word_1_486' title='bbox 862 3367 1100 3404; x_wconf 83' lang='lat' dir='ltr'>daemoniorum</span> <span class='ocrx_word' id='word_1_487' title='bbox 1114 3380 1120 3400; x_wconf 89' lang='lat'><strong>:</strong></span> 
     </span>
    </p>

    <p class='ocr_par' dir='ltr' id='par_1_20' title="bbox 249 3418 1124 3559">
     <span class='ocr_line' id='line_1_69' title="bbox 251 3418 1122 3462; baseline 0.001 -13"><span class='ocrx_word' id='word_1_488' title='bbox 251 3418 340 3450; x_wconf 74' lang='lat' dir='ltr'>Nam</span> <span class='ocrx_word' id='word_1_489' title='bbox 375 3419 409 3451; x_wconf 67' lang='lat'>&lt;5</span> <span class='ocrx_word' id='word_1_490' title='bbox 429 3421 482 3452; x_wconf 70' lang='lat' dir='ltr'>illa</span> <span class='ocrx_word' id='word_1_491' title='bbox 499 3425 605 3462; x_wconf 74' lang='lat' dir='ltr'>puniri</span> <span class='ocrx_word' id='word_1_492' title='bbox 638 3420 786 3453; x_wconf 79' lang='lat' dir='ltr'>timebant</span> <span class='ocrx_word' id='word_1_493' title='bbox 807 3444 815 3452; x_wconf 89' lang='lat'><strong>.</strong></span> <span class='ocrx_word' id='word_1_494' title='bbox 848 3421 914 3461; x_wconf 77' lang='lat' dir='ltr'>‚Qui</span> <span class='ocrx_word' id='word_1_495' title='bbox 933 3427 1033 3451; x_wconf 81' lang='lat' dir='ltr'>autem</span> <span class='ocrx_word' id='word_1_496' title='bbox 1065 3430 1122 3451; x_wconf 88' lang='lat' dir='ltr'>non</span> 
     </span>
     <span class='ocr_line' id='line_1_70' title="bbox 249 3467 1124 3510; baseline 0.001 -9"><span class='ocrx_word' id='word_1_497' title='bbox 249 3467 379 3502; x_wconf 71' lang='lat' dir='ltr'>credunt</span> <span class='ocrx_word' id='word_1_498' title='bbox 405 3467 553 3510; x_wconf 65' lang='lat' dir='ltr'>Christum</span> <span class='ocrx_word' id='word_1_499' title='bbox 580 3494 590 3510; x_wconf 88' lang='lat'>‚</span> <span class='ocrx_word' id='word_1_500' title='bbox 629 3469 725 3502; x_wconf 81' lang='lat' dir='ltr'>adhuc</span> <span class='ocrx_word' id='word_1_501' title='bbox 752 3480 802 3502; x_wconf 85' lang='lat' dir='ltr'>nec</span> <span class='ocrx_word' id='word_1_502' title='bbox 827 3470 975 3503; x_wconf 73' lang='lat' dir='ltr'>daemones</span> <span class='ocrx_word' id='word_1_503' title='bbox 1004 3474 1124 3502; x_wconf 81' lang='lat' dir='ltr'>imitan-</span> 
     </span>
     <span class='ocr_line' id='line_1_71' title="bbox 350 3520 796 3559; baseline 0 -9"><span class='ocrx_word' id='word_1_504' title='bbox 350 3521 487 3553; x_wconf 80' lang='lat' dir='ltr'>Canones</span> <span class='ocrx_word' id='word_1_505' title='bbox 499 3520 682 3559; x_wconf 77' lang='lat' dir='ltr'>Conc.Consz².</span> <span class='ocrx_word' id='word_1_506' title='bbox 693 3523 762 3552; x_wconf 84' lang='lat' dir='ltr'>Tom</span> <span class='ocrx_word' id='word_1_507' title='bbox 775 3523 796 3552; x_wconf 87' lang='lat' dir='ltr'>I.</span> 
     </span>
    </p>
   </div>
   <div class='ocr_carea' id='block_1_18' title="bbox 62 2382 223 2448">
    <p class='ocr_par' dir='ltr' id='par_1_21' title="bbox 62 2382 223 2448">
     <span class='ocr_line' id='line_1_72' title="bbox 62 2382 223 2409; baseline -0.006 0"><span class='ocrx_word' id='word_1_508' title='bbox 62 2382 151 2409; x_wconf 81' lang='lat' dir='ltr'>Serm.</span> <span class='ocrx_word' id='word_1_509' title='bbox 176 2382 223 2409; x_wconf 88' lang='lat'>61.</span> 
     </span>
     <span class='ocr_line' id='line_1_73' title="bbox 67 2428 143 2448; baseline -0.013 0"><span class='ocrx_word' id='word_1_510' title='bbox 67 2428 93 2448; x_wconf 87' lang='lat' dir='ltr'>c.</span> <span class='ocrx_word' id='word_1_511' title='bbox 117 2430 143 2447; x_wconf 67' lang='grc' dir='ltr'>ι.</span> 
     </span>
    </p>
   </div>
   <div class='ocr_carea' id='block_1_19' title="bbox 546 868 2073 1083">
    <p class='ocr_par' dir='ltr' id='par_1_22' title="bbox 546 868 2073 1083">
     <span class='ocr_line' id='line_1_74' title="bbox 928 868 2071 936; baseline -0.002 -16"><span class='ocrx_word' id='word_1_512' title='bbox 928 875 988 920; x_wconf 93' lang='lat' dir='ltr'>Et</span> <span class='ocrx_word' id='word_1_513' title='bbox 1022 886 1154 919; x_wconf 83' lang='lat' dir='ltr'>unam</span> <span class='ocrx_word' id='word_1_514' title='bbox 1188 906 1202 930; x_wconf 84' lang='lat'>,</span> <span class='ocrx_word' id='word_1_515' title='bbox 1237 868 1422 918; x_wconf 62' lang='lat' dir='ltr'>sanctam</span> <span class='ocrx_word' id='word_1_516' title='bbox 1457 905 1471 929; x_wconf 83' lang='lat'>‚</span> <span class='ocrx_word' id='word_1_517' title='bbox 1506 869 1786 918; x_wconf 86' lang='lat' dir='ltr'>Catholicam</span> <span class='ocrx_word' id='word_1_518' title='bbox 1821 904 1834 929; x_wconf 89' lang='lat'>,</span> <span class='ocrx_word' id='word_1_519' title='bbox 1868 873 1912 918; x_wconf 88' lang='lat'>&amp;</span> <span class='ocrx_word' id='word_1_520' title='bbox 1946 874 2071 936; x_wconf 79' lang='lat' dir='ltr'>Apo-</span> 
     </span>
     <span class='ocr_line' id='line_1_75' title="bbox 811 937 2073 1007; baseline -0.004 -14"><span class='ocrx_word' id='word_1_521' title='bbox 811 940 1084 997; x_wconf 80' lang='lat' dir='ltr'>Confitemur</span> <span class='ocrx_word' id='word_1_522' title='bbox 1130 957 1264 988; x_wconf 91' lang='lat' dir='ltr'>unum</span> <span class='ocrx_word' id='word_1_523' title='bbox 1300 937 1519 1007; x_wconf 83' lang='lat' dir='ltr'>Baptisma</span> <span class='ocrx_word' id='word_1_524' title='bbox 1567 941 1613 987; x_wconf 89' lang='lat' dir='ltr'>in</span> <span class='ocrx_word' id='word_1_525' title='bbox 1647 938 1932 995; x_wconf 85' lang='lat' dir='ltr'>remiffionem</span> <span class='ocrx_word' id='word_1_526' title='bbox 1968 956 2073 1007; x_wconf 89' lang='lat' dir='ltr'>pec-</span> 
     </span>
     <span class='ocr_line' id='line_1_76' title="bbox 546 1008 2071 1083; baseline -0.003 -21"><span class='ocrx_word' id='word_1_527' title='bbox 546 1012 849 1083; x_wconf 66' lang='lat' dir='ltr'>Exspectamus</span> <span class='ocrx_word' id='word_1_528' title='bbox 895 1011 1243 1065; x_wconf 65' lang='lat' dir='ltr'>resurrectionem,</span> <span class='ocrx_word' id='word_1_529' title='bbox 1290 1025 1558 1068; x_wconf 81' lang='lat' dir='ltr'>mortuorum</span> <span class='ocrx_word' id='word_1_530' title='bbox 1593 1030 1608 1076; x_wconf 72' lang='lat'>5</span> <span class='ocrx_word' id='word_1_531' title='bbox 1655 1014 1698 1065; x_wconf 69' lang='grc' dir='ltr'>δῖε</span> <span class='ocrx_word' id='word_1_532' title='bbox 1744 1012 1886 1064; x_wconf 85' lang='lat' dir='ltr'>vitam</span> <span class='ocrx_word' id='word_1_533' title='bbox 1935 1008 2071 1061; x_wconf 84' lang='lat' dir='ltr'>futuri</span> 
     </span>
    </p>
   </div>
   <div class='ocr_carea' id='block_1_20' title="bbox 1182 1215 2251 3561">
    <p class='ocr_par' dir='ltr' id='par_1_23' title="bbox 1182 1215 2073 1511">
     <span class='ocr_line' id='line_1_77' title="bbox 1182 1215 2070 1264; baseline -0.003 -10"><span class='ocrx_word' id='word_1_534' title='bbox 1182 1228 1251 1254; x_wconf 80' lang='lat' dir='ltr'>tur.</span> <span class='ocrx_word' id='word_1_535' title='bbox 1279 1219 1324 1253; x_wconf 88' lang='lat' dir='ltr'>Et</span> <span class='ocrx_word' id='word_1_536' title='bbox 1335 1217 1495 1264; x_wconf 89' lang='lat' dir='ltr'>quoniam</span> <span class='ocrx_word' id='word_1_537' title='bbox 1505 1230 1599 1255; x_wconf 80' lang='lat' dir='ltr'>amor</span> <span class='ocrx_word' id='word_1_538' title='bbox 1614 1219 1721 1254; x_wconf 77' lang='lat' dir='ltr'>noster</span> <span class='ocrx_word' id='word_1_539' title='bbox 1734 1218 1794 1254; x_wconf 89' lang='lat' dir='ltr'>soli</span> <span class='ocrx_word' id='word_1_540' title='bbox 1809 1218 1887 1253; x_wconf 84' lang='lat' dir='ltr'>Deo</span> <span class='ocrx_word' id='word_1_541' title='bbox 1898 1215 2001 1262; x_wconf 83' lang='lat' dir='ltr'>adfigi</span> <span class='ocrx_word' id='word_1_542' title='bbox 2015 1227 2070 1261; x_wconf 65' lang='lat' dir='ltr'>pt.»⁴</span> 
     </span>
     <span class='ocr_line' id='line_1_78' title="bbox 1182 1268 2071 1313; baseline -0.006 -9"><span class='ocrx_word' id='word_1_543' title='bbox 1182 1270 1266 1310; x_wconf 88' lang='lat' dir='ltr'>test,</span> <span class='ocrx_word' id='word_1_544' title='bbox 1294 1270 1329 1303; x_wconf 87' lang='lat' dir='ltr'>in</span> <span class='ocrx_word' id='word_1_545' title='bbox 1351 1270 1459 1304; x_wconf 90' lang='lat' dir='ltr'>solum</span> <span class='ocrx_word' id='word_1_546' title='bbox 1481 1272 1595 1305; x_wconf 85' lang='lat' dir='ltr'>Deum</span> <span class='ocrx_word' id='word_1_547' title='bbox 1622 1270 1709 1305; x_wconf 88' lang='lat' dir='ltr'>credi</span> <span class='ocrx_word' id='word_1_548' title='bbox 1732 1269 1861 1313; x_wconf 90' lang='lat' dir='ltr'>potest,</span> <span class='ocrx_word' id='word_1_549' title='bbox 1884 1268 1978 1312; x_wconf 83' lang='lat' dir='ltr'>juxta</span> <span class='ocrx_word' id='word_1_550' title='bbox 2002 1278 2071 1300; x_wconf 89' lang='lat' dir='ltr'>ver-</span> 
     </span>
     <span class='ocr_line' id='line_1_79' title="bbox 1183 1316 2073 1369; baseline -0.003 -15"><span class='ocrx_word' id='word_1_551' title='bbox 1183 1321 1271 1369; x_wconf 46' lang='lat' dir='ltr'>bum·</span> <span class='ocrx_word' id='word_1_552' title='bbox 1285 1321 1453 1361; x_wconf 87' lang='lat' dir='ltr'>Domini,</span> <span class='ocrx_word' id='word_1_553' title='bbox 1481 1331 1548 1362; x_wconf 88' lang='lat' dir='ltr'>quo</span> <span class='ocrx_word' id='word_1_554' title='bbox 1563 1322 1596 1355; x_wconf 91' lang='lat' dir='ltr'>se</span> <span class='ocrx_word' id='word_1_555' title='bbox 1619 1320 1777 1364; x_wconf 83' lang='lat' dir='ltr'>aequalem</span> <span class='ocrx_word' id='word_1_556' title='bbox 1788 1319 1880 1353; x_wconf 88' lang='lat' dir='ltr'>Patri</span> <span class='ocrx_word' id='word_1_557' title='bbox 1897 1319 2008 1352; x_wconf 88' lang='lat' dir='ltr'>Deum</span> <span class='ocrx_word' id='word_1_558' title='bbox 2017 1316 2073 1351; x_wconf 83' lang='lat' dir='ltr'>de·</span> 
     </span>
     <span class='ocr_line' id='line_1_80' title="bbox 1183 1366 2072 1411; baseline -0.006 -7"><span class='ocrx_word' id='word_1_559' title='bbox 1183 1371 1271 1404; x_wconf 88' lang='lat' dir='ltr'>finiit</span> <span class='ocrx_word' id='word_1_560' title='bbox 1295 1383 1307 1404; x_wconf 83' lang='grc'>,·</span> <span class='ocrx_word' id='word_1_561' title='bbox 1333 1370 1469 1404; x_wconf 76' lang='lat' dir='ltr'>Creditis</span> <span class='ocrx_word' id='word_1_562' title='bbox 1490 1376 1523 1404; x_wconf 82' lang='lat' dir='ltr'>in</span> <span class='ocrx_word' id='word_1_563' title='bbox 1547 1374 1645 1404; x_wconf 85' lang='lat' dir='ltr'>Deum</span> <span class='ocrx_word' id='word_1_564' title='bbox 1658 1395 1668 1411; x_wconf 93' lang='lat'>,</span> <span class='ocrx_word' id='word_1_565' title='bbox 1694 1372 1729 1405; x_wconf 66' lang='grc' dir='ltr'>Θ</span> <span class='ocrx_word' id='word_1_566' title='bbox 1750 1376 1783 1403; x_wconf 81' lang='lat' dir='ltr'>in</span> <span class='ocrx_word' id='word_1_567' title='bbox 1805 1381 1851 1403; x_wconf 83' lang='lat' dir='ltr'>me</span> <span class='ocrx_word' id='word_1_568' title='bbox 1868 1369 1997 1402; x_wconf 71' lang='lat' dir='ltr'>credite.</span> <span class='ocrx_word' id='word_1_569' title='bbox 2027 1366 2072 1400; x_wconf 88' lang='lat' dir='ltr'>Et</span> 
     </span>
     <span class='ocr_line' id='line_1_81' title="bbox 1184 1417 2072 1464; baseline -0.005 -11"><span class='ocrx_word' id='word_1_570' title='bbox 1184 1419 1321 1454; x_wconf 89' lang='lat' dir='ltr'>verbum</span> <span class='ocrx_word' id='word_1_571' title='bbox 1333 1419 1511 1464; x_wconf 86' lang='lat' dir='ltr'>Apostoli:</span> <span class='ocrx_word' id='word_1_572' title='bbox 1539 1422 1685 1455; x_wconf 76' lang='lat' dir='ltr'>credenti</span> <span class='ocrx_word' id='word_1_573' title='bbox 1711 1425 1745 1453; x_wconf 72' lang='lat' dir='ltr'>in</span> <span class='ocrx_word' id='word_1_574' title='bbox 1755 1431 1821 1453; x_wconf 82' lang='lat' dir='ltr'>eum</span> <span class='ocrx_word' id='word_1_575' title='bbox 1833 1444 1844 1460; x_wconf 95' lang='lat'>‚</span> <span class='ocrx_word' id='word_1_576' title='bbox 1870 1417 2072 1461; x_wconf 67' lang='lat' dir='ltr'>quiy&#39;ustificat</span> 
     </span>
     <span class='ocr_line' id='line_1_82' title="bbox 1185 1475 1329 1511; baseline 0 -10"><span class='ocrx_word' id='word_1_577' title='bbox 1185 1475 1329 1511; x_wconf 35' lang='lat' dir='ltr'>impium?</span> 
     </span>
    </p>

    <p class='ocr_par' dir='ltr' id='par_1_24' title="bbox 1185 1515 2080 1908">
     <span class='ocr_line' id='line_1_83' title="bbox 1234 1515 2075 1556; baseline -0.001 -5"><span class='ocrx_word' id='word_1_578' title='bbox 1234 1522 1271 1551; x_wconf 85' lang='lat' dir='ltr'>In</span> <span class='ocrx_word' id='word_1_579' title='bbox 1281 1530 1374 1552; x_wconf 86' lang='lat' dir='ltr'>unum</span> <span class='ocrx_word' id='word_1_580' title='bbox 1386 1522 1481 1553; x_wconf 84' lang='lat' dir='ltr'>Deum</span> <span class='ocrx_word' id='word_1_581' title='bbox 1495 1544 1502 1552; x_wconf 90' lang='lat'><strong>.</strong></span> <span class='ocrx_word' id='word_1_582' title='bbox 1531 1519 1659 1554; x_wconf 86' lang='lat' dir='ltr'>Evertit</span> <span class='ocrx_word' id='word_1_583' title='bbox 1675 1530 1744 1553; x_wconf 88' lang='lat' dir='ltr'>non</span> <span class='ocrx_word' id='word_1_584' title='bbox 1755 1518 1886 1553; x_wconf 74' lang='lat' dir='ltr'>tantum</span> <span class='ocrx_word' id='word_1_585' title='bbox 1898 1515 2045 1551; x_wconf 75' lang='lat' dir='ltr'>Arianos</span> <span class='ocrx_word' id='word_1_586' title='bbox 2062 1539 2075 1556; x_wconf 83' lang='lat'>‚</span> 
     </span>
     <span class='ocr_line' id='line_1_84' title="bbox 1186 1566 2077 1609; baseline -0.002 -7"><span class='ocrx_word' id='word_1_587' title='bbox 1186 1568 1239 1602; x_wconf 90' lang='lat' dir='ltr'>sed</span> <span class='ocrx_word' id='word_1_588' title='bbox 1262 1569 1296 1602; x_wconf 78' lang='grc' dir='ltr'>ἀ</span> <span class='ocrx_word' id='word_1_589' title='bbox 1318 1569 1539 1604; x_wconf 83' lang='lat' dir='ltr'>Marcionitas</span> <span class='ocrx_word' id='word_1_590' title='bbox 1565 1593 1577 1609; x_wconf 91' lang='lat'>,</span> <span class='ocrx_word' id='word_1_591' title='bbox 1604 1569 1790 1603; x_wconf 85' lang='lat' dir='ltr'>Encratitas</span> <span class='ocrx_word' id='word_1_592' title='bbox 1810 1593 1822 1609; x_wconf 91' lang='lat'>‚</span> <span class='ocrx_word' id='word_1_593' title='bbox 1845 1566 2077 1606; x_wconf 86' lang='lat' dir='ltr'>Manichaeos,</span> 
     </span>
     <span class='ocr_line' id='line_1_85' title="bbox 1186 1617 2079 1662; baseline 0 -12"><span class='ocrx_word' id='word_1_594' title='bbox 1186 1618 1332 1661; x_wconf 81' lang='lat' dir='ltr'>aliosque</span> <span class='ocrx_word' id='word_1_595' title='bbox 1353 1619 1497 1662; x_wconf 87' lang='lat' dir='ltr'>duplicis</span> <span class='ocrx_word' id='word_1_596' title='bbox 1511 1619 1715 1652; x_wconf 88' lang='lat' dir='ltr'>Divinitatis</span> <span class='ocrx_word' id='word_1_597' title='bbox 1738 1618 1938 1658; x_wconf 86' lang='lat' dir='ltr'>fabulones,</span> <span class='ocrx_word' id='word_1_598' title='bbox 1966 1617 2079 1651; x_wconf 83' lang='lat' dir='ltr'>adver·</span> 
     </span>
     <span class='ocr_line' id='line_1_86' title="bbox 1185 1666 2078 1710; baseline 0 -10"><span class='ocrx_word' id='word_1_599' title='bbox 1185 1667 1237 1701; x_wconf 76' lang='lat' dir='ltr'>sus</span> <span class='ocrx_word' id='word_1_600' title='bbox 1258 1678 1402 1710; x_wconf 79' lang='lat' dir='ltr'>quorum</span> <span class='ocrx_word' id='word_1_601' title='bbox 1423 1668 1513 1703; x_wconf 85' lang='lat' dir='ltr'>filios</span> <span class='ocrx_word' id='word_1_602' title='bbox 1541 1667 1825 1708; x_wconf 76' lang='lat' dir='ltr'>priscillianistas,</span> <span class='ocrx_word' id='word_1_603' title='bbox 1853 1666 1915 1701; x_wconf 88' lang='lat' dir='ltr'>hac</span> <span class='ocrx_word' id='word_1_604' title='bbox 1937 1666 2078 1710; x_wconf 85' lang='lat' dir='ltr'>synodo</span> 
     </span>
     <span class='ocr_line' id='line_1_87' title="bbox 1187 1715 2079 1760; baseline -0.001 -9"><span class='ocrx_word' id='word_1_605' title='bbox 1187 1715 1402 1760; x_wconf 82' lang='lat' dir='ltr'>posteriores,</span> <span class='ocrx_word' id='word_1_606' title='bbox 1429 1716 1543 1757; x_wconf 80' lang='lat' dir='ltr'>dixit,</span> <span class='ocrx_word' id='word_1_607' title='bbox 1570 1717 1771 1760; x_wconf 85' lang='lat' dir='ltr'>Symbolum</span> <span class='ocrx_word' id='word_1_608' title='bbox 1796 1728 1991 1760; x_wconf 78' lang='lat' dir='ltr'>exponens,</span> <span class='ocrx_word' id='word_1_609' title='bbox 2018 1716 2079 1759; x_wconf 79' lang='lat' dir='ltr'>pri·</span> 
     </span>
     <span class='ocr_line' id='line_1_88' title="bbox 1187 1767 2080 1810; baseline -0.002 -9"><span class='ocrx_word' id='word_1_610' title='bbox 1187 1778 1240 1801; x_wconf 84' lang='lat' dir='ltr'>ma</span> <span class='ocrx_word' id='word_1_611' title='bbox 1261 1767 1417 1810; x_wconf 86' lang='lat' dir='ltr'>Synodus</span> <span class='ocrx_word' id='word_1_612' title='bbox 1430 1767 1621 1802; x_wconf 84' lang='lat' dir='ltr'>Toletana:</span> <span class='ocrx_word' id='word_1_613' title='bbox 1648 1769 1680 1799; x_wconf 84' lang='lat'>51&#39;</span> <span class='ocrx_word' id='word_1_614' title='bbox 1692 1773 1761 1810; x_wconf 76' lang='lat' dir='ltr'>quis</span> <span class='ocrx_word' id='word_1_615' title='bbox 1782 1769 1898 1800; x_wconf 72' lang='lat' dir='ltr'>dixerit</span> <span class='ocrx_word' id='word_1_616' title='bbox 1910 1769 1965 1800; x_wconf 78' lang='lat' dir='ltr'>vel</span> <span class='ocrx_word' id='word_1_617' title='bbox 1984 1768 2080 1799; x_wconf 85' lang='lat' dir='ltr'>credi-</span> 
     </span>
     <span class='ocr_line' id='line_1_89' title="bbox 1187 1815 2079 1861; baseline -0.001 -10"><span class='ocrx_word' id='word_1_618' title='bbox 1187 1819 1267 1851; x_wconf 73' lang='lat' dir='ltr'>derit</span> <span class='ocrx_word' id='word_1_619' title='bbox 1288 1818 1380 1850; x_wconf 74' lang='lat' dir='ltr'>alium</span> <span class='ocrx_word' id='word_1_620' title='bbox 1395 1820 1493 1851; x_wconf 83' lang='lat' dir='ltr'>Deum</span> <span class='ocrx_word' id='word_1_621' title='bbox 1515 1817 1567 1860; x_wconf 76' lang='lat' dir='ltr'>effi·</span> <span class='ocrx_word' id='word_1_622' title='bbox 1574 1815 1687 1860; x_wconf 63' lang='lat' dir='ltr'>prifi‘ae</span> <span class='ocrx_word' id='word_1_623' title='bbox 1698 1819 1773 1861; x_wconf 65' lang='lat' dir='ltr'>legis</span> <span class='ocrx_word' id='word_1_624' title='bbox 1784 1841 1795 1858; x_wconf 94' lang='lat'>,</span> <span class='ocrx_word' id='word_1_625' title='bbox 1816 1818 1909 1851; x_wconf 72' lang='lat' dir='ltr'>altum</span> <span class='ocrx_word' id='word_1_626' title='bbox 1929 1818 2079 1861; x_wconf 82' lang='lat' dir='ltr'>Evange-</span> 
     </span>
     <span class='ocr_line' id='line_1_90' title="bbox 1186 1866 1571 1908; baseline 0 -9"><span class='ocrx_word' id='word_1_627' title='bbox 1186 1869 1314 1906; x_wconf 72' lang='lat' dir='ltr'>horum,</span> <span class='ocrx_word' id='word_1_628' title='bbox 1340 1866 1507 1901; x_wconf 80' lang='lat' dir='ltr'>anathema</span> <span class='ocrx_word' id='word_1_629' title='bbox 1511 1866 1571 1908; x_wconf 78' lang='lat' dir='ltr'>fit.</span> 
     </span>
    </p>

    <p class='ocr_par' dir='ltr' id='par_1_25' title="bbox 1188 1916 2079 2403">
     <span class='ocr_line' id='line_1_91' title="bbox 1239 1916 2078 1962; baseline 0.001 -13"><span class='ocrx_word' id='word_1_630' title='bbox 1239 1921 1500 1958; x_wconf 75' lang='lat' dir='ltr'>omnipotentem.</span> <span class='ocrx_word' id='word_1_631' title='bbox 1528 1918 1677 1951; x_wconf 83' lang='lat' dir='ltr'>Damnat</span> <span class='ocrx_word' id='word_1_632' title='bbox 1703 1916 1831 1962; x_wconf 86' lang='lat' dir='ltr'>gentile</span> <span class='ocrx_word' id='word_1_633' title='bbox 1853 1916 1978 1962; x_wconf 84' lang='lat' dir='ltr'>dogma</span> <span class='ocrx_word' id='word_1_634' title='bbox 2002 1917 2078 1953; x_wconf 86' lang='lat' dir='ltr'>Ori·</span> 
     </span>
     <span class='ocr_line' id='line_1_92' title="bbox 1188 1966 2078 2012; baseline 0.002 -12"><span class='ocrx_word' id='word_1_635' title='bbox 1188 1966 1304 2012; x_wconf 54' lang='lat' dir='ltr'>genu,</span> <span class='ocrx_word' id='word_1_636' title='bbox 1330 1967 1467 2001; x_wconf 87' lang='lat' dir='ltr'>errantis</span> <span class='ocrx_word' id='word_1_637' title='bbox 1477 1968 1607 2001; x_wconf 85' lang='lat' dir='ltr'>finitam</span> <span class='ocrx_word' id='word_1_638' title='bbox 1629 1968 1693 2001; x_wconf 81' lang='lat' dir='ltr'>esse</span> <span class='ocrx_word' id='word_1_639' title='bbox 1704 1968 1770 2002; x_wconf 89' lang='lat' dir='ltr'>Dei</span> <span class='ocrx_word' id='word_1_640' title='bbox 1783 1968 1991 2012; x_wconf 82' lang='lat' dir='ltr'>potentiam,</span> <span class='ocrx_word' id='word_1_641' title='bbox 2015 1978 2078 2002; x_wconf 91' lang='lat' dir='ltr'>nec</span> 
     </span>
     <span class='ocr_line' id='line_1_93' title="bbox 1190 2017 2078 2061; baseline 0.001 -11"><span class='ocrx_word' id='word_1_642' title='bbox 1190 2017 1297 2050; x_wconf 90' lang='lat' dir='ltr'>laudis</span> <span class='ocrx_word' id='word_1_643' title='bbox 1318 2026 1474 2060; x_wconf 79' lang='lat' dir='ltr'>praetextu</span> <span class='ocrx_word' id='word_1_644' title='bbox 1503 2017 1843 2060; x_wconf 85' lang='lat' dir='ltr'>circumscriptionem</span> <span class='ocrx_word' id='word_1_645' title='bbox 1866 2017 1937 2061; x_wconf 77' lang='lat' dir='ltr'>ejus</span> <span class='ocrx_word' id='word_1_646' title='bbox 1956 2017 2078 2052; x_wconf 90' lang='lat' dir='ltr'>tollen-</span> 
     </span>
     <span class='ocr_line' id='line_1_94' title="bbox 1189 2067 2076 2112; baseline 0 -11"><span class='ocrx_word' id='word_1_647' title='bbox 1189 2067 1265 2101; x_wconf 88' lang='lat' dir='ltr'>dam</span> <span class='ocrx_word' id='word_1_648' title='bbox 1286 2080 1298 2101; x_wconf 82' lang='lat'>.-</span> <span class='ocrx_word' id='word_1_649' title='bbox 1325 2068 1436 2101; x_wconf 89' lang='lat' dir='ltr'>Dcum</span> <span class='ocrx_word' id='word_1_650' title='bbox 1459 2077 1551 2102; x_wconf 83' lang='lat' dir='ltr'>tanta</span> <span class='ocrx_word' id='word_1_651' title='bbox 1574 2068 1683 2102; x_wconf 79' lang='lat' dir='ltr'>fecifle</span> <span class='ocrx_word' id='word_1_652' title='bbox 1706 2092 1717 2108; x_wconf 92' lang='lat'><em>,</em></span> <span class='ocrx_word' id='word_1_653' title='bbox 1743 2078 1865 2112; x_wconf 85' lang='lat' dir='ltr'>quanta</span> <span class='ocrx_word' id='word_1_654' title='bbox 1886 2067 1946 2101; x_wconf 90' lang='lat' dir='ltr'>sub</span> <span class='ocrx_word' id='word_1_655' title='bbox 1971 2078 2076 2101; x_wconf 82' lang='lat' dir='ltr'>manu</span> 
     </span>
     <span class='ocr_line' id='line_1_95' title="bbox 1190 2115 2078 2161; baseline 0 -9"><span class='ocrx_word' id='word_1_656' title='bbox 1190 2115 1468 2160; x_wconf 85' lang='lat' dir='ltr'>comprehendere</span> <span class='ocrx_word' id='word_1_657' title='bbox 1494 2119 1528 2151; x_wconf 70' lang='grc' dir='ltr'>ὅς</span> <span class='ocrx_word' id='word_1_658' title='bbox 1554 2118 1726 2151; x_wconf 84' lang='lat' dir='ltr'>continere</span> <span class='ocrx_word' id='word_1_659' title='bbox 1753 2126 1881 2161; x_wconf 87' lang='lat' dir='ltr'>poterat</span> <span class='ocrx_word' id='word_1_660' title='bbox 1909 2129 1919 2158; x_wconf 88' lang='lat'>;</span> <span class='ocrx_word' id='word_1_661' title='bbox 1947 2127 2078 2152; x_wconf 84' lang='lat' dir='ltr'>tantam</span> 
     </span>
     <span class='ocr_line' id='line_1_96' title="bbox 1191 2166 2079 2210; baseline 0.003 -9"><span class='ocrx_word' id='word_1_662' title='bbox 1191 2168 1361 2202; x_wconf 71' lang='lat' dir='ltr'>materiam</span> <span class='ocrx_word' id='word_1_663' title='bbox 1374 2192 1385 2206; x_wconf 92' lang='lat'>,</span> <span class='ocrx_word' id='word_1_664' title='bbox 1410 2177 1570 2209; x_wconf 85' lang='lat' dir='ltr'>quantam</span> <span class='ocrx_word' id='word_1_665' title='bbox 1585 2177 1712 2210; x_wconf 89' lang='lat' dir='ltr'>poterat</span> <span class='ocrx_word' id='word_1_666' title='bbox 1734 2166 2007 2203; x_wconf 84' lang='lat' dir='ltr'>administrare&amp;</span> <span class='ocrx_word' id='word_1_667' title='bbox 2026 2179 2079 2204; x_wconf 84' lang='lat' dir='ltr'>or·</span> 
     </span>
     <span class='ocr_line' id='line_1_97' title="bbox 1190 2216 2077 2261; baseline 0.001 -10"><span class='ocrx_word' id='word_1_668' title='bbox 1190 2228 1286 2252; x_wconf 87' lang='lat' dir='ltr'>nare:</span> <span class='ocrx_word' id='word_1_669' title='bbox 1313 2216 1449 2251; x_wconf 70' lang='lat' dir='ltr'>infinita</span> <span class='ocrx_word' id='word_1_670' title='bbox 1472 2218 1564 2251; x_wconf 87' lang='lat' dir='ltr'>enim</span> <span class='ocrx_word' id='word_1_671' title='bbox 1588 2217 1764 2260; x_wconf 63' lang='lat' dir='ltr'>complecti</span> <span class='ocrx_word' id='word_1_672' title='bbox 1788 2217 1834 2252; x_wconf 87' lang='lat' dir='ltr'>est</span> <span class='ocrx_word' id='word_1_673' title='bbox 1856 2217 2077 2261; x_wconf 78' lang='lat' dir='ltr'>impoffibile.</span> 
     </span>
     <span class='ocr_line' id='line_1_98' title="bbox 1190 2266 2077 2312; baseline -0.003 -10"><span class='ocrx_word' id='word_1_674' title='bbox 1190 2268 1244 2302; x_wconf 91' lang='lat' dir='ltr'>De</span> <span class='ocrx_word' id='word_1_675' title='bbox 1266 2278 1333 2312; x_wconf 91' lang='lat' dir='ltr'>quo</span> <span class='ocrx_word' id='word_1_676' title='bbox 1355 2267 1535 2302; x_wconf 88' lang='lat' dir='ltr'>videndum</span> <span class='ocrx_word' id='word_1_677' title='bbox 1563 2267 1772 2310; x_wconf 89' lang='lat' dir='ltr'>Rescriptum</span> <span class='ocrx_word' id='word_1_678' title='bbox 1799 2266 1972 2310; x_wconf 78' lang='lat' dir='ltr'>Iustiniani</span> <span class='ocrx_word' id='word_1_679' title='bbox 2006 2266 2077 2301; x_wconf 68' lang='lat' dir='ltr'>Au-</span> 
     </span>
     <span class='ocr_line' id='line_1_99' title="bbox 1190 2315 2076 2363; baseline 0.001 -12"><span class='ocrx_word' id='word_1_680' title='bbox 1190 2316 1276 2362; x_wconf 88' lang='lat' dir='ltr'>gusti</span> <span class='ocrx_word' id='word_1_681' title='bbox 1289 2317 1329 2351; x_wconf 89' lang='lat' dir='ltr'>ad</span> <span class='ocrx_word' id='word_1_682' title='bbox 1352 2317 1515 2352; x_wconf 84' lang='lat' dir='ltr'>Mennam</span> <span class='ocrx_word' id='word_1_683' title='bbox 1529 2315 1753 2352; x_wconf 72' lang='lat' dir='ltr'>patriarcham</span> <span class='ocrx_word' id='word_1_684' title='bbox 1765 2316 2076 2363; x_wconf 84' lang='lat' dir='ltr'>Constantinopoli-</span> 
     </span>
     <span class='ocr_line' id='line_1_100' title="bbox 1193 2378 1326 2403; baseline -0.015 -1"><span class='ocrx_word' id='word_1_685' title='bbox 1193 2378 1326 2403; x_wconf 86' lang='lat' dir='ltr'>tanum.</span> 
     </span>
    </p>

    <p class='ocr_par' dir='ltr' id='par_1_26' title="bbox 1186 2417 2251 2862">
     <span class='ocr_line' id='line_1_101' title="bbox 1241 2417 2077 2463; baseline 0.001 -11"><span class='ocrx_word' id='word_1_686' title='bbox 1241 2419 1388 2452; x_wconf 87' lang='lat' dir='ltr'>Damnat</span> <span class='ocrx_word' id='word_1_687' title='bbox 1409 2418 1444 2452; x_wconf 72' lang='grc' dir='ltr'>ὃς</span> <span class='ocrx_word' id='word_1_688' title='bbox 1464 2418 1714 2463; x_wconf 87' lang='lat' dir='ltr'>Hermogenem</span> <span class='ocrx_word' id='word_1_689' title='bbox 1735 2443 1747 2461; x_wconf 88' lang='lat'>‚</span> <span class='ocrx_word' id='word_1_690' title='bbox 1773 2417 1920 2463; x_wconf 84' lang='lat' dir='ltr'>aliosque</span> <span class='ocrx_word' id='word_1_691' title='bbox 1955 2418 2077 2454; x_wconf 76' lang='lat' dir='ltr'>increa-</span> 
     </span>
     <span class='ocr_line' id='line_1_102' title="bbox 1187 2468 2076 2512; baseline 0 -10"><span class='ocrx_word' id='word_1_692' title='bbox 1187 2479 1227 2502; x_wconf 86' lang='lat' dir='ltr'>tae</span> <span class='ocrx_word' id='word_1_693' title='bbox 1251 2491 1264 2509; x_wconf 92' lang='lat'>,</span> <span class='ocrx_word' id='word_1_694' title='bbox 1290 2479 1332 2502; x_wconf 85' lang='lat' dir='ltr'>ex</span> <span class='ocrx_word' id='word_1_695' title='bbox 1353 2478 1418 2511; x_wconf 84' lang='lat' dir='ltr'>qua</span> <span class='ocrx_word' id='word_1_696' title='bbox 1442 2478 1594 2512; x_wconf 89' lang='lat' dir='ltr'>operetur</span> <span class='ocrx_word' id='word_1_697' title='bbox 1617 2470 1709 2504; x_wconf 90' lang='lat' dir='ltr'>Deus</span> <span class='ocrx_word' id='word_1_698' title='bbox 1730 2493 1742 2509; x_wconf 94' lang='lat'>,</span> <span class='ocrx_word' id='word_1_699' title='bbox 1767 2469 1910 2507; x_wconf 72' lang='lat' dir='ltr'>mater-iz</span> <span class='ocrx_word' id='word_1_700' title='bbox 1937 2468 2076 2503; x_wconf 74' lang='lat' dir='ltr'>blatern·</span> 
     </span>
     <span class='ocr_line' id='line_1_103' title="bbox 1190 2517 2075 2566; baseline 0.003 -15"><span class='ocrx_word' id='word_1_701' title='bbox 1190 2528 1266 2552; x_wconf 87' lang='lat' dir='ltr'>nes.</span> <span class='ocrx_word' id='word_1_702' title='bbox 1293 2517 1395 2566; x_wconf 83' lang='lat' dir='ltr'>Qod</span> <span class='ocrx_word' id='word_1_703' title='bbox 1419 2529 1562 2562; x_wconf 88' lang='lat' dir='ltr'>namque</span> <span class='ocrx_word' id='word_1_704' title='bbox 1581 2519 1764 2553; x_wconf 87' lang='lat' dir='ltr'>increatum</span> <span class='ocrx_word' id='word_1_705' title='bbox 1787 2543 1799 2559; x_wconf 93' lang='lat'><strong>,</strong></span> <span class='ocrx_word' id='word_1_706' title='bbox 1823 2520 1858 2553; x_wconf 77' lang='grc' dir='ltr'>δε</span> <span class='ocrx_word' id='word_1_707' title='bbox 1883 2529 1952 2552; x_wconf 88' lang='lat' dir='ltr'>non</span> <span class='ocrx_word' id='word_1_708' title='bbox 1980 2520 2075 2554; x_wconf 83' lang='lat' dir='ltr'>Deus</span> 
     </span>
     <span class='ocr_line' id='line_1_104' title="bbox 1189 2567 2075 2612; baseline 0.001 -10"><span class='ocrx_word' id='word_1_709' title='bbox 1189 2569 1234 2602; x_wconf 87' lang='lat' dir='ltr'>est</span> <span class='ocrx_word' id='word_1_710' title='bbox 1253 2592 1264 2608; x_wconf 85' lang='lat'>,</span> <span class='ocrx_word' id='word_1_711' title='bbox 1286 2569 1363 2602; x_wconf 80' lang='lat' dir='ltr'>Deo</span> <span class='ocrx_word' id='word_1_712' title='bbox 1376 2567 1522 2602; x_wconf 87' lang='lat' dir='ltr'>alienum</span> <span class='ocrx_word' id='word_1_713' title='bbox 1542 2568 1609 2602; x_wconf 86' lang='lat' dir='ltr'>est:</span> <span class='ocrx_word' id='word_1_714' title='bbox 1636 2569 1694 2610; x_wconf 90' lang='lat' dir='ltr'>qui</span> <span class='ocrx_word' id='word_1_715' title='bbox 1716 2580 1759 2602; x_wconf 80' lang='lat' dir='ltr'>ex</span> <span class='ocrx_word' id='word_1_716' title='bbox 1782 2567 1895 2603; x_wconf 87' lang='lat' dir='ltr'>alieno</span> <span class='ocrx_word' id='word_1_717' title='bbox 1920 2571 2075 2612; x_wconf 86' lang='lat' dir='ltr'>operari,</span> 
     </span>
     <span class='ocr_line' id='line_1_105' title="bbox 1186 2617 2075 2666; baseline 0 -14"><span class='ocrx_word' id='word_1_718' title='bbox 1186 2620 1219 2652; x_wconf 73' lang='grc' dir='ltr'>ὅ(</span> <span class='ocrx_word' id='word_1_719' title='bbox 1240 2617 1281 2651; x_wconf 91' lang='lat' dir='ltr'>ab</span> <span class='ocrx_word' id='word_1_720' title='bbox 1306 2617 1424 2666; x_wconf 85' lang='lat' dir='ltr'>ipsoin</span> <span class='ocrx_word' id='word_1_721' title='bbox 1447 2629 1545 2662; x_wconf 85' lang='lat' dir='ltr'>opere</span> <span class='ocrx_word' id='word_1_722' title='bbox 1567 2621 1627 2652; x_wconf 87' lang='lat' dir='ltr'>suo</span> <span class='ocrx_word' id='word_1_723' title='bbox 1649 2617 1747 2653; x_wconf 91' lang='lat' dir='ltr'>debet</span> <span class='ocrx_word' id='word_1_724' title='bbox 1770 2618 1939 2660; x_wconf 88' lang='lat' dir='ltr'>adjuvari,</span> <span class='ocrx_word' id='word_1_725' title='bbox 1967 2617 2075 2652; x_wconf 86' lang='lat' dir='ltr'>neuti-</span> 
     </span>
     <span class='ocr_line' id='line_1_106' title="bbox 1187 2667 2072 2713; baseline 0.002 -12"><span class='ocrx_word' id='word_1_726' title='bbox 1187 2679 1287 2713; x_wconf 86' lang='lat' dir='ltr'>quam</span> <span class='ocrx_word' id='word_1_727' title='bbox 1297 2667 1343 2701; x_wconf 87' lang='lat' dir='ltr'>est</span> <span class='ocrx_word' id='word_1_728' title='bbox 1355 2668 1603 2712; x_wconf 83' lang='lat' dir='ltr'>omnipotentes</span> <span class='ocrx_word' id='word_1_729' title='bbox 1613 2693 1623 2709; x_wconf 85' lang='lat'><em>,</em></span> <span class='ocrx_word' id='word_1_730' title='bbox 1651 2669 1699 2702; x_wconf 91' lang='lat' dir='ltr'>uti</span> <span class='ocrx_word' id='word_1_731' title='bbox 1714 2668 1799 2702; x_wconf 77' lang='lat' dir='ltr'>varie</span> <span class='ocrx_word' id='word_1_732' title='bbox 1810 2668 1844 2701; x_wconf 91' lang='lat' dir='ltr'>in</span> <span class='ocrx_word' id='word_1_733' title='bbox 1860 2667 1945 2701; x_wconf 87' lang='lat' dir='ltr'>libro</span> <span class='ocrx_word' id='word_1_734' title='bbox 1956 2680 2072 2703; x_wconf 82' lang='lat' dir='ltr'>contra</span> 
     </span>
     <span class='ocr_line' id='line_1_107' title="bbox 1187 2717 2251 2759; baseline 0.001 -7"><span class='ocrx_word' id='word_1_735' title='bbox 1187 2719 1312 2752; x_wconf 74' lang='lat' dir='ltr'>dictum</span> <span class='ocrx_word' id='word_1_736' title='bbox 1324 2717 1484 2752; x_wconf 85' lang='lat' dir='ltr'>Erronem</span> <span class='ocrx_word' id='word_1_737' title='bbox 1497 2718 1699 2752; x_wconf 85' lang='lat' dir='ltr'>demonstrat</span> <span class='ocrx_word' id='word_1_738' title='bbox 1721 2717 1968 2752; x_wconf 85' lang='lat' dir='ltr'>Tertullianus.</span> <span class='ocrx_word' id='word_1_739' title='bbox 1995 2723 2071 2752; x_wconf 78' lang='lat' dir='ltr'>Non</span> <span class='ocrx_word' id='word_1_740' title='bbox 2087 2721 2181 2759; x_wconf 75' lang='lat' dir='ltr'><strong>C·8.9.</strong></span> <span class='ocrx_word' id='word_1_741' title='bbox 2198 2732 2251 2759; x_wconf 71' lang='lat'><em>¹5«-</em></span> 
     </span>
     <span class='ocr_line' id='line_1_108' title="bbox 1186 2766 2069 2810; baseline 0.001 -8"><span class='ocrx_word' id='word_1_742' title='bbox 1186 2768 1224 2809; x_wconf 80' lang='lat' dir='ltr'>est</span> <span class='ocrx_word' id='word_1_743' title='bbox 1237 2774 1419 2809; x_wconf 71' lang='lat' dir='ltr'>omnipotens</span> <span class='ocrx_word' id='word_1_744' title='bbox 1429 2791 1440 2808; x_wconf 90' lang='lat'>,</span> <span class='ocrx_word' id='word_1_745' title='bbox 1460 2767 1555 2808; x_wconf 84' lang='lat' dir='ltr'>finon</span> <span class='ocrx_word' id='word_1_746' title='bbox 1566 2769 1600 2802; x_wconf 61' lang='lat'>(5</span> <span class='ocrx_word' id='word_1_747' title='bbox 1611 2767 1662 2801; x_wconf 85' lang='lat' dir='ltr'>boc</span> <span class='ocrx_word' id='word_1_748' title='bbox 1666 2776 1774 2810; x_wconf 86' lang='lat' dir='ltr'>potens</span> <span class='ocrx_word' id='word_1_749' title='bbox 1788 2793 1799 2809; x_wconf 92' lang='lat'>‚</span> <span class='ocrx_word' id='word_1_750' title='bbox 1819 2779 1857 2801; x_wconf 79' lang='lat' dir='ltr'>ex</span> <span class='ocrx_word' id='word_1_751' title='bbox 1869 2766 1959 2802; x_wconf 67' lang='lat' dir='ltr'>nihilo</span> <span class='ocrx_word' id='word_1_752' title='bbox 1968 2775 2069 2803; x_wconf 72' lang='lat' dir='ltr'>omnia</span> 
     </span>
     <span class='ocr_line' id='line_1_109' title="bbox 1187 2818 1345 2862; baseline -0.013 -9"><span class='ocrx_word' id='word_1_753' title='bbox 1187 2818 1345 2862; x_wconf 81' lang='lat' dir='ltr'>perficere.</span> 
     </span>
    </p>

    <p class='ocr_par' dir='ltr' id='par_1_27' title="bbox 1186 2868 2154 3312">
     <span class='ocr_line' id='line_1_110' title="bbox 1239 2868 2071 2904; baseline 0.004 -3"><span class='ocrx_word' id='word_1_754' title='bbox 1239 2868 1398 2903; x_wconf 53' lang='lat' dir='ltr'>factorem</span> <span class='ocrx_word' id='word_1_755' title='bbox 1417 2869 1480 2901; x_wconf 76' lang='lat' dir='ltr'>coell</span> <span class='ocrx_word' id='word_1_756' title='bbox 1500 2869 1534 2903; x_wconf 59' lang='grc' dir='ltr'><em>Φ</em></span> <span class='ocrx_word' id='word_1_757' title='bbox 1557 2877 1664 2902; x_wconf 83' lang='lat' dir='ltr'>terrae.</span> <span class='ocrx_word' id='word_1_758' title='bbox 1693 2869 1804 2904; x_wconf 85' lang='lat' dir='ltr'>Hasce</span> <span class='ocrx_word' id='word_1_759' title='bbox 1814 2880 1910 2903; x_wconf 89' lang='lat' dir='ltr'>voces</span> <span class='ocrx_word' id='word_1_760' title='bbox 1926 2869 2071 2904; x_wconf 82' lang='lat' dir='ltr'>Nicaeno</span> 
     </span>
     <span class='ocr_line' id='line_1_111' title="bbox 1188 2917 2068 2962; baseline 0 -8"><span class='ocrx_word' id='word_1_761' title='bbox 1188 2918 1350 2961; x_wconf 90' lang='lat' dir='ltr'>Symbolo</span> <span class='ocrx_word' id='word_1_762' title='bbox 1372 2918 1591 2962; x_wconf 83' lang='lat' dir='ltr'>superaddidit</span> <span class='ocrx_word' id='word_1_763' title='bbox 1602 2930 1643 2952; x_wconf 85' lang='lat' dir='ltr'>ex</span> <span class='ocrx_word' id='word_1_764' title='bbox 1672 2917 1868 2962; x_wconf 88' lang='lat' dir='ltr'>Apostolico</span> <span class='ocrx_word' id='word_1_765' title='bbox 1881 2918 1947 2954; x_wconf 80' lang='lat' dir='ltr'>haec</span> <span class='ocrx_word' id='word_1_766' title='bbox 1960 2920 2068 2962; x_wconf 88' lang='lat' dir='ltr'>Syno-</span> 
     </span>
     <span class='ocr_line' id='line_1_112' title="bbox 1187 2967 2154 3020; baseline 0.003 -19"><span class='ocrx_word' id='word_1_767' title='bbox 1187 2968 1268 3009; x_wconf 90' lang='lat' dir='ltr'>dus,</span> <span class='ocrx_word' id='word_1_768' title='bbox 1294 2967 1382 3003; x_wconf 89' lang='lat' dir='ltr'>haud</span> <span class='ocrx_word' id='word_1_769' title='bbox 1395 2968 1495 3003; x_wconf 76' lang='lat' dir='ltr'>dubie</span> <span class='ocrx_word' id='word_1_770' title='bbox 1516 2978 1632 3002; x_wconf 86' lang='lat' dir='ltr'>eontra</span> <span class='ocrx_word' id='word_1_771' title='bbox 1646 2969 1736 3012; x_wconf 87' lang='lat' dir='ltr'>supra</span> <span class='ocrx_word' id='word_1_772' title='bbox 1750 2980 1944 3003; x_wconf 86' lang='lat' dir='ltr'>memoratas</span> <span class='ocrx_word' id='word_1_773' title='bbox 1969 2970 2066 3004; x_wconf 86' lang='lat' dir='ltr'>Gala·</span> <span class='ocrx_word' id='word_1_774' title='bbox 2083 2990 2117 3019; x_wconf 53' lang='lat' dir='ltr'>C·</span> <span class='ocrx_word' id='word_1_775' title='bbox 2128 2995 2154 3020; x_wconf 85' lang='lat'>6·</span> 
     </span>
     <span class='ocr_line' id='line_1_113' title="bbox 1189 3018 2065 3062; baseline 0.003 -10"><span class='ocrx_word' id='word_1_776' title='bbox 1189 3021 1239 3052; x_wconf 86' lang='lat' dir='ltr'>tiae</span> <span class='ocrx_word' id='word_1_777' title='bbox 1267 3018 1388 3061; x_wconf 85' lang='lat' dir='ltr'>pestes,</span> <span class='ocrx_word' id='word_1_778' title='bbox 1415 3019 1586 3062; x_wconf 62' lang='lat' dir='ltr'>praesertim</span> <span class='ocrx_word' id='word_1_779' title='bbox 1610 3018 1799 3053; x_wconf 82' lang='lat' dir='ltr'>Borboritas</span> <span class='ocrx_word' id='word_1_780' title='bbox 1814 3044 1824 3059; x_wconf 92' lang='lat'>‚</span> <span class='ocrx_word' id='word_1_781' title='bbox 1850 3019 1885 3053; x_wconf 90' lang='lat' dir='ltr'>id</span> <span class='ocrx_word' id='word_1_782' title='bbox 1911 3020 1983 3060; x_wconf 88' lang='lat' dir='ltr'>est,</span> <span class='ocrx_word' id='word_1_783' title='bbox 2008 3032 2065 3055; x_wconf 83' lang='lat' dir='ltr'>cae-</span> 
     </span>
     <span class='ocr_line' id='line_1_114' title="bbox 1189 3068 2065 3113; baseline 0.002 -12"><span class='ocrx_word' id='word_1_784' title='bbox 1189 3069 1286 3103; x_wconf 88' lang='lat' dir='ltr'>nosos</span> <span class='ocrx_word' id='word_1_785' title='bbox 1296 3068 1341 3103; x_wconf 92' lang='lat' dir='ltr'>ob</span> <span class='ocrx_word' id='word_1_786' title='bbox 1364 3069 1502 3102; x_wconf 89' lang='lat' dir='ltr'>nimiam</span> <span class='ocrx_word' id='word_1_787' title='bbox 1513 3068 1731 3103; x_wconf 86' lang='lat' dir='ltr'>nefandorum</span> <span class='ocrx_word' id='word_1_788' title='bbox 1743 3069 1975 3113; x_wconf 85' lang='lat' dir='ltr'>mysteriorum</span> <span class='ocrx_word' id='word_1_789' title='bbox 2002 3081 2065 3104; x_wconf 48' lang='lat' dir='ltr'>tur*</span> 
     </span>
     <span class='ocr_line' id='line_1_115' title="bbox 1189 3118 2065 3163; baseline 0.002 -11"><span class='ocrx_word' id='word_1_790' title='bbox 1189 3119 1373 3161; x_wconf 85' lang='lat' dir='ltr'>pitudinem</span> <span class='ocrx_word' id='word_1_791' title='bbox 1385 3143 1396 3159; x_wconf 88' lang='lat'>‚</span> <span class='ocrx_word' id='word_1_792' title='bbox 1422 3129 1507 3162; x_wconf 90' lang='lat' dir='ltr'>quos</span> <span class='ocrx_word' id='word_1_793' title='bbox 1519 3118 1698 3153; x_wconf 86' lang='lat' dir='ltr'>Gnosticos</span> <span class='ocrx_word' id='word_1_794' title='bbox 1709 3143 1719 3158; x_wconf 93' lang='lat'>,</span> <span class='ocrx_word' id='word_1_795' title='bbox 1740 3120 1773 3154; x_wconf 75' lang='grc' dir='ltr'>δε</span> <span class='ocrx_word' id='word_1_796' title='bbox 1784 3119 1924 3163; x_wconf 87' lang='lat' dir='ltr'>duplicis</span> <span class='ocrx_word' id='word_1_797' title='bbox 1936 3121 2065 3154; x_wconf 63' lang='lat' dir='ltr'>Divini÷</span> 
     </span>
     <span class='ocr_line' id='line_1_116' title="bbox 1187 3167 2062 3212; baseline 0.003 -11"><span class='ocrx_word' id='word_1_798' title='bbox 1187 3169 1263 3202; x_wconf 86' lang='lat' dir='ltr'>tatis</span> <span class='ocrx_word' id='word_1_799' title='bbox 1274 3168 1447 3203; x_wconf 87' lang='lat' dir='ltr'>fabulones</span> <span class='ocrx_word' id='word_1_800' title='bbox 1468 3168 1582 3208; x_wconf 79' lang='lat' dir='ltr'>fuisse,</span> <span class='ocrx_word' id='word_1_801' title='bbox 1609 3167 1854 3212; x_wconf 84' lang='lat' dir='ltr'>adeoque&amp;de</span> <span class='ocrx_word' id='word_1_802' title='bbox 1877 3170 1953 3203; x_wconf 89' lang='lat' dir='ltr'>Deo</span> <span class='ocrx_word' id='word_1_803' title='bbox 1966 3170 2062 3204; x_wconf 84' lang='lat' dir='ltr'>Crea-</span> 
     </span>
     <span class='ocr_line' id='line_1_117' title="bbox 1186 3217 2061 3259; baseline 0.003 -7"><span class='ocrx_word' id='word_1_804' title='bbox 1186 3228 1255 3252; x_wconf 87' lang='lat' dir='ltr'>tore</span> <span class='ocrx_word' id='word_1_805' title='bbox 1265 3220 1378 3252; x_wconf 74' lang='lat' dir='ltr'>errasse</span> <span class='ocrx_word' id='word_1_806' title='bbox 1387 3243 1397 3259; x_wconf 93' lang='lat'>‚</span> <span class='ocrx_word' id='word_1_807' title='bbox 1416 3217 1549 3252; x_wconf 85' lang='lat' dir='ltr'>testatur</span> <span class='ocrx_word' id='word_1_808' title='bbox 1558 3218 1594 3252; x_wconf 88' lang='lat' dir='ltr'>in</span> <span class='ocrx_word' id='word_1_809' title='bbox 1606 3218 1691 3253; x_wconf 85' lang='lat' dir='ltr'>libro</span> <span class='ocrx_word' id='word_1_810' title='bbox 1702 3218 1744 3254; x_wconf 86' lang='lat' dir='ltr'>de</span> <span class='ocrx_word' id='word_1_811' title='bbox 1754 3218 1919 3255; x_wconf 73' lang='lat' dir='ltr'>haeresibus</span> <span class='ocrx_word' id='word_1_812' title='bbox 1927 3219 2061 3255; x_wconf 66' lang='lat' dir='ltr'>Sanctus</span> 
     </span>
     <span class='ocr_line' id='line_1_118' title="bbox 1187 3267 1413 3312; baseline -0.009 -11"><span class='ocrx_word' id='word_1_813' title='bbox 1187 3267 1392 3312; x_wconf 87' lang='lat' dir='ltr'>Augustinus</span> <span class='ocrx_word' id='word_1_814' title='bbox 1406 3293 1413 3299; x_wconf 94' lang='lat'><strong>.</strong></span> 
     </span>
    </p>

    <p class='ocr_par' dir='ltr' id='par_1_28' title="bbox 1184 3316 2170 3513">
     <span class='ocr_line' id='line_1_119' title="bbox 1234 3316 2059 3364; baseline 0.004 -14"><span class='ocrx_word' id='word_1_815' title='bbox 1234 3316 1395 3359; x_wconf 79' lang='lat' dir='ltr'>Vifibilium</span> <span class='ocrx_word' id='word_1_816' title='bbox 1413 3323 1559 3352; x_wconf 79' lang='lat' dir='ltr'>omnium.</span> <span class='ocrx_word' id='word_1_817' title='bbox 1590 3318 1670 3353; x_wconf 89' lang='lat' dir='ltr'>Non</span> <span class='ocrx_word' id='word_1_818' title='bbox 1684 3321 1896 3364; x_wconf 63' lang='lat' dir='ltr'>perfectorum</span> <span class='ocrx_word' id='word_1_819' title='bbox 1909 3320 2036 3356; x_wconf 76' lang='lat' dir='ltr'>tantum</span> <span class='ocrx_word' id='word_1_820' title='bbox 2048 3344 2059 3361; x_wconf 93' lang='lat'><em>,</em></span> 
     </span>
     <span class='ocr_line' id='line_1_120' title="bbox 1186 3367 2060 3413; baseline 0.005 -12"><span class='ocrx_word' id='word_1_821' title='bbox 1186 3367 1236 3401; x_wconf 90' lang='lat' dir='ltr'>sed</span> <span class='ocrx_word' id='word_1_822' title='bbox 1249 3368 1283 3401; x_wconf 69' lang='grc' dir='ltr'>ὃς</span> <span class='ocrx_word' id='word_1_823' title='bbox 1303 3367 1594 3403; x_wconf 73' lang='lat' dir='ltr'>minutissimorum</span> <span class='ocrx_word' id='word_1_824' title='bbox 1606 3371 1708 3413; x_wconf 92' lang='lat' dir='ltr'>usque</span> <span class='ocrx_word' id='word_1_825' title='bbox 1727 3369 1767 3404; x_wconf 87' lang='lat' dir='ltr'>ad</span> <span class='ocrx_word' id='word_1_826' title='bbox 1782 3372 1922 3405; x_wconf 87' lang='lat' dir='ltr'>muscam</span> <span class='ocrx_word' id='word_1_827' title='bbox 1945 3371 1978 3404; x_wconf 89' lang='lat'>&amp;</span> <span class='ocrx_word' id='word_1_828' title='bbox 2003 3382 2060 3404; x_wconf 87' lang='lat' dir='ltr'>cu·-</span> 
     </span>
     <span class='ocr_line' id='line_1_121' title="bbox 1185 3417 2059 3463; baseline 0.003 -13"><span class='ocrx_word' id='word_1_829' title='bbox 1185 3417 1305 3459; x_wconf 82' lang='lat' dir='ltr'>licem,</span> <span class='ocrx_word' id='word_1_830' title='bbox 1330 3417 1500 3463; x_wconf 84' lang='lat' dir='ltr'>dequibus</span> <span class='ocrx_word' id='word_1_831' title='bbox 1524 3418 1606 3453; x_wconf 60' lang='lat' dir='ltr'>redi&amp;</span> <span class='ocrx_word' id='word_1_832' title='bbox 1616 3419 1846 3455; x_wconf 85' lang='lat' dir='ltr'>Tertullianus</span> <span class='ocrx_word' id='word_1_833' title='bbox 1859 3421 1892 3454; x_wconf 90' lang='lat' dir='ltr'>in</span> <span class='ocrx_word' id='word_1_834' title='bbox 1905 3419 1990 3454; x_wconf 89' lang='lat' dir='ltr'>libro</span> <span class='ocrx_word' id='word_1_835' title='bbox 2017 3420 2059 3453; x_wconf 90' lang='lat' dir='ltr'>dc</span> 
     </span>
     <span class='ocr_line' id='line_1_122' title="bbox 1184 3456 2170 3513; baseline 0.001 -11"><span class='ocrx_word' id='word_1_836' title='bbox 1184 3467 1293 3502; x_wconf 82' lang='lat' dir='ltr'>anima</span> <span class='ocrx_word' id='word_1_837' title='bbox 1321 3482 1332 3502; x_wconf 93' lang='lat'>.·</span> <span class='ocrx_word' id='word_1_838' title='bbox 1357 3471 1456 3505; x_wconf 82' lang='lat' dir='ltr'>Deum</span> <span class='ocrx_word' id='word_1_839' title='bbox 1475 3475 1613 3513; x_wconf 73' lang='lat' dir='ltr'>recogites</span> <span class='ocrx_word' id='word_1_840' title='bbox 1635 3471 1754 3505; x_wconf 61' lang='lat' dir='ltr'>tantam</span> <span class='ocrx_word' id='word_1_841' title='bbox 1782 3471 1926 3512; x_wconf 73' lang='lat' dir='ltr'>artificem</span> <span class='ocrx_word' id='word_1_842' title='bbox 1946 3476 1979 3502; x_wconf 76' lang='lat' dir='ltr'>in</span> <span class='ocrx_word' id='word_1_843' title='bbox 2001 3482 2059 3503; x_wconf 72' lang='lat' dir='ltr'>rna·</span> <span class='ocrx_word' id='word_1_844' title='bbox 2074 3456 2109 3486; x_wconf 76' lang='lat' dir='ltr'>C·</span> <span class='ocrx_word' id='word_1_845' title='bbox 2126 3466 2170 3488; x_wconf 82' lang='lat'>¹⁰·</span> 
     </span>
    </p>

    <p class='ocr_par' dir='ltr' id='par_1_29' title="bbox 1578 3518 2008 3561">
     <span class='ocr_line' id='line_1_123' title="bbox 1578 3518 2008 3561; baseline 0 -9"><span class='ocrx_word' id='word_1_846' title='bbox 1578 3518 1646 3552; x_wconf 86' lang='lat' dir='ltr'>Xx</span> <span class='ocrx_word' id='word_1_847' title='bbox 1694 3531 1720 3559; x_wconf 86' lang='lat'>2</span> <span class='ocrx_word' id='word_1_848' title='bbox 1919 3520 2008 3561; x_wconf 81' lang='lat' dir='ltr'>dicis,</span> 
     </span>
    </p>
   </div>
  </div>
 </body>
</html>
