2346 3776
637 116 1095 168 Drsssn‘rATio.
1139 110 1557 166 PkonmrAtrs.
1806 161 1811 165 .
1950 144 2020 186 135

202 205 330 249 Ecclesia
345 205 493 251 submoti,
517 204 608 245 idque
623 205 656 246 J
658 202 753 235 udicio
772 198 1079 242 SynodiUniversalis.
1142 198 1343 231 alexandrino
1353 200 1501 231 Diaconus
1512 197 1670 236 ordinatus
1687 197 1726 239 ‘st
1747 211 1755 232 ²
1791 204 1837 237 Et
1846 203 1951 239 rursus
1973 205 2015 240 ab

199 257 344 300 Nycaena
364 253 515 299 Synodus
537 251 698 287 celebrata
717 251 780 284 fuit
800 250 859 283 sub
895 249 1077 284 Consulatu
1141 249 1239 282 eodem
1251 246 1377 290 Ecclefia
1394 248 1511 287 ejedlus.
1548 249 1799 292 Quandoquidem
1820 254 1884 286 cum
1904 258 2016 289 Petrus

199 306 331 341 Paulini
350 306 383 339 δε
406 303 525 347 Juliani
547 327 558 343 ‚
586 301 709 337 Christi
730 298 873 334 Domini
899 299 969 332 nati·
990 311 1078 334 anno
1142 301 1290 331 Fautores
1300 297 1455 341 abdicasset
1467 300 1598 340 Meletii,
1625 301 1735 342 &ejus
1757 301 1948 343 Baptismum
1964 310 2017 338 im·

203 367 280 405 325.
291 355 436 397 adeoque
447 354 541 387 istam
551 354 748 389 Orationem
759 349 955 385 Athanasius
963 350 1079 393 scripfit
1137 347 1282 391 probaffet
1293 371 1304 388 ‚
1329 347 1376 380 hic
1387 351 1477 380 Arius
1488 355 1521 381 in
1531 361 1580 382 res
1592 351 1612 382 ἂ
1623 352 1713 384 Petro
1719 349 1817 394 gestas
1823 358 1962 395 graviter
1972 360 2019 386 in-

201 405 344 450 ejusdem
357 403 498 438 Domini
511 415 602 438 anno
615 403 692 451 361.
728 399 873 435 Proinde
894 397 961 433 haec
981 400 1077 434 saneti
1141 399 1243 431 vectus
1253 397 1311 438 est,
1338 399 1372 432 (τ
1383 397 1526 441 quiescere
1538 401 1616 433 nullo
1625 402 1708 433 modo
1720 406 1828 442 potuit.
1869 400 1962 447 Qid
1982 405 2019 436 in

200 443 288 490 petri
300 453 456 497 Synodus
466 453 529 487 fuit
539 455 609 487 asta
629 464 718 487 anno
735 449 962 485 trecentesimo
979 451 1077 484 sexto.
1139 446 1270 480 Meletii
1280 447 1480 490 Baptismate
1491 450 1617 483 sanctus
1627 450 1742 485 Petrus
1754 450 1946 495 improbarit
1955 475 1966 492 ‚
1975 451 2023 487 est

200 506 280 539 Erat
302 505 419 538 tertius
437 504 671 547 persecutionis
691 512 813 539 annus,
839 511 907 543 quo
929 500 1080 534 Galerius
1140 497 1231 539 supra
1251 497 1443 540 exPOfitum·
1470 500 1606 533 interim
1628 499 1706 535 h‘lnc
1725 502 1880 536 discimus
1895 526 1905 542 2
1931 500 2022 544 quod

199 554 429 589 Maximianus
441 554 669 588 Maximinum
685 564 723 586 ac
744 552 898 586 Severum
918 550 1027 584 evexit
1043 550 1078 583 in
1140 547 1264 580 sanetus
1274 546 1389 582 Petrus
1401 545 1463 582 hac
1486 549 1522 582 in
1543 550 1681 592 Synodo
1706 563 1774 585 non
1793 552 1899 586 solum
1920 551 2024 587 Mele-

198 603 345 638 Caesares,
372 605 494 638 Annus
507 605 678 648 proximus
688 601 758 646 post
770 600 936 634 dimissum
956 601 976 634 a
998 597 1079 633 Dio-
1141 597 1225 635 tium
1235 596 1461 642 degradaverit
1471 623 1481 639 ‚
1507 599 1561 633 sed
1573 600 1606 633 ὃς
1616 600 1682 642 ejus
1696 601 1731 634 in
1744 601 1833 644 lapsu
1854 601 2021 647 Collegas-

197 653 344 688 cletiano
355 666 393 688 ac
406 654 575 689 Herculeo
587 652 798 687 Maximiano
810 650 988 693 Imperium
997 674 1007 689 ,
1024 661 1080 683 an·
1142 647 1213 679 Nisi
1226 648 1333 681 forsan
1344 647 1553 683 Zozomenus
1564 661 1619 692 per
1631 651 1786 684 Fautores
1797 651 1959 696 intelligat
1970 653 2023 691 Se-

198 715 260 738 nus
272 705 439 748 ipfiffimus
450 728 462 745 ,
489 716 556 748 quo
569 705 693 738 sanetus
702 702 817 736 Petrus
828 701 931 734 emisit
950 700 1017 742 jam
1027 710 1082 733 ex-

198 755 319 798 positos
331 755 493 789 Canones.
520 755 635 802 Qare
652 754 685 787 ὃς
704 751 758 786 isti
771 752 845 785 sunt
857 749 998 785 omnine>
1022 751 1080 804 Sy-

197 804 333 838 nodales
344 828 356 844 ,
376 805 410 838 &
422 803 488 838 haec
499 804 536 838 in
549 804 726 838 Meletium
737 801 904 836 Sententia
916 800 962 835 est
975 811 1080 834 omni-

197 852 244 887 no
256 853 355 888 Aetio
366 853 457 887 istius
467 852 605 896 Synodi.
646 854 740 887 Hinc
761 850 840 886 item
853 850 961 890 lucet,
988 849 1078 895 quod

196 903 379 946 Dionysius
398 902 553 937 Petavius
572 915 609 937 ac
634 902 791 946 Josephus
817 901 921 944 Justus
934 900 1078 944 Scaliger

193 951 277 987 reste
298 952 412 986 dicant
433 953 638 987 Diocletiani
661 952 925 987 persecutionem
948 949 1078 993 coepiffe

193 1011 311 1047 quarto
343 1013 433 1036 anno
463 1003 570 1047 quarti
603 1003 718 1038 saeculi.
757 1002 951 1037 Addustum
977 999 1077 1034 sansti

193 1050 365 1088 Athanasii
375 1052 604 1088 testimonium
614 1053 660 1088 est
671 1052 890 1098 irrefragabile
901 1063 939 1086 ac
958 1060 1077 1094 perem-

192 1103 348 1146 ptorium.

242 1153 352 1196 Hujus
364 1153 540 1196 Synodalis
563 1151 717 1188 Actionis
738 1152 893 1187 meminit
915 1150 1014 1186 etiam
1023 1148 1078 1182 So-

193 1212 303 1236 crates.
347 1202 502 1237 Affirmat
522 1203 642 1238 Arium
653 1204 671 1237 a
682 1199 988 1237 sanctoPatriarcha
1001 1198 1079 1233 Ale-

194 1251 322 1286 xandro
344 1253 438 1286 fuiffe
463 1252 703 1297 degradatum,
728 1261 829 1294 atque
855 1249 1076 1293 prosequitur:

60 1309 121 1342 Lib,
135 1321 161 1340 ι,
192 1300 471 1344 Commisiebantur
488 1306 612 1334 Arianis
633 1303 808 1340 Melettam',
833 1306 885 1341 qui
907 1310 965 1331 non
987 1299 1077 1332 multo

0 1348 2 1350 ’
60 1358 159 1388 cap-3·
193 1361 267 1385 ante
279 1350 415 1391 ficerunt
432 1350 472 1383 ab
487 1350 614 1392 Ecclesia
629 1349 788 1395 segregati.
815 1350 876 1382 Sed
891 1351 978 1390 cujus
991 1359 1079 1392 gene-

190 1406 239 1433 ris
243 1400 365 1441 fuerint
380 1399 442 1441 isti,
467 1402 626 1434 dicendum
635 1400 772 1434 arbitror.
799 1400 938 1433 Meletius
962 1403 1078 1431 Civita-

194 1458 241 1484 tis
259 1448 416 1492 cujusdam
436 1455 468 1483 in
484 1453 614 1494 AEgypto
624 1449 819 1494 Episcopus&
841 1452 931 1482 Petro
951 1449 1079 1482 Alexan·

193 1502 273 1534 driae
293 1499 439 1543 Episcopo
464 1524 475 1540 ,
511 1507 563 1543 qui
584 1511 726 1544 regnante
753 1501 932 1533 Diocletiano
956 1507 1078 1531 mortem

191 1549 306 1584 obierat
328 1553 492 1590 Mar-tyrio,
518 1552 583 1583 cum
601 1552 704 1584 multis
728 1551 797 1583 aliis
816 1552 853 1582 de
874 1546 964 1589 caufis
978 1571 990 1588 ‚
1014 1557 1077 1580 tum

191 1599 344 1640 maxime,
369 1602 585 1642 quodtempore
603 1599 814 1644 persecutionis
840 1600 948 1632 Fidem
965 1597 1077 1639 inficia-

190 1659 243 1685 ns
255 1674 267 1690 ,
291 1651 385 1684 Idolis
404 1653 616 1684 immolaverat
639 1675 650 1691 ,
677 1648 879 1693 Epiftopatus
900 1659 1020 1681 munere
1040 1646 1078 1686 est

189 1700 356 1734 abdicatus.
384 1702 452 1743 ,Qui
461 1712 526 1734 cum
538 1701 603 1744 esset
614 1701 771 1734 abdicatus
784 1724 795 1739 ,
807 1701 841 1733 Θ
852 1701 1013 1740 complures
1025 1697 1078 1730 ha-

189 1749 273 1783 beret
285 1755 438 1791 quierant
447 1749 537 1792 ith‘us
550 1751 635 1784 Dido
645 1753 804 1785 audientes
816 1774 827 1789 ,
853 1750 916 1782 illis
928 1772 939 1788 ‚
964 1753 1017 1790 qui
1038 1747 1076 1779 ab

188 1800 241 1832 allo
249 1797 340 1841 usque
349 1807 478 1840 tempore
491 1801 536 1832 ad
544 1799 717 1833 hodiernum
729 1802 810 1833 diem
822 1804 854 1831 in
865 1804 998 1842 AEgypto
1018 1800 1078 1830 Me-

190 1850 297 1883 letiam
307 1858 452 1882 vocantur
465 1873 476 1889 ,
486 1852 597 1882 Ducem
608 1849 733 1890 Haerefis
739 1848 773 1892 se
780 1848 933 1890 praebuit:
959 1850 1077 1879 Etcum

189 1900 304 1933 nullam
307 1898 423 1939 justam
432 1898 652 1941 excusationem
662 1909 717 1933 aut
736 1897 856 1941 causam
876 1896 999 1938 adferre
1012 1893 1077 1938 pos

185 1947 234 1992 stt
246 1972 258 1988 ,
283 1959 336 1981 cur
347 1946 382 1990 se
402 1948 441 1980 ab
462 1948 592 1989 Ecclefia
607 1948 770 1993 separaffet
788 1973 799 1989 ‚
833 1946 928 1981 verbo
945 1954 1078 1979 tantum-

187 1999 272 2031 modo
294 1998 460 2040 affirmavit
472 1997 534 2040 fibi
553 2000 605 2042 effe
619 1999 742 2040 fallam
761 2000 917 2039 injuriam.
951 1998 998 2028 Et
1024 1998 1078 2029 Pe-

189 2057 270 2081 trum
291 2048 460 2081 maledictis
477 2047 569 2092 figere
582 2073 593 2088 ,
619 2049 654 2083 &
672 2054 813 2083 convitiis
830 2047 961 2080 lacerare
978 2051 1074 2086 caepit.

189 2099 300 2131 Verum
319 2106 355 2130 ut
369 2098 504 2140 primum
526 2101 637 2132 Petrus
651 2107 708 2141 per
727 2102 923 2137 Martyrium,
944 2093 1077 2138 persecu-

184 2139 270 2180 'mne
284 2144 435 2190 saeviente
453 2157 576 2181 mortem
596 2155 761 2191 oppetierat
781 2172 792 2188 ,
827 2146 939 2189 probra
958 2143 1017 2188 sua
1042 2146 1076 2178 er

186 2198 381 2230 contumelias
403 2204 436 2230 in
460 2197 624 2239 Achillam,
651 2205 709 2241 qui
727 2202 819 2232 Petro
835 2203 868 2229 in
888 2197 936 2228 illo
955 2193 1076 2237 Episco-

182 2254 263 2288 patu
278 2244 455 2289 succedebat
467 2271 478 2287 ,
503 2248 654 2288 transtulit
674 2262 685 2282 .·
722 2253 762 2281 Ac
775 2246 872 2290 postea
893 2252 925 2278 in
947 2246 1072 2278 Alexan-

186 2297 298 2336 drum,
323 2303 374 2339 qui
397 2307 511 2330 mortuo
532 2298 647 2332 Achilla
672 2310 740 2332 eum
762 2300 923 2341 dignitatis
940 2296 1073 2338 gradum

186 2347 316 2388 adeptus
338 2346 386 2387 ‘st—
424 2351 465 2381 Ac
480 2348 553 2382 dum
573 2347 609 2381 ht
629 2355 661 2382 in
680 2348 731 2381 boc
750 2349 857 2388 diffidio
875 2347 909 2380 et
930 2346 962 2377 di
984 2350 1073 2378 entio-

186 2406 224 2429 ne
243 2394 445 2439 versabantur
464 2421 475 2437 ‚
500 2403 616 2432 interea
637 2398 767 2442 ,Quaestio
784 2400 822 2431 de
845 2401 916 2430 Ario
934 2394 1069 2428 babetur.

188 2447 324 2478 Meletius
351 2457 416 2479 cum
431 2445 497 2489 suis
516 2452 584 2481 Ario
601 2447 727 2492 subsidio
735 2447 804 2490 fuit
826 2472 837 2488 ,
868 2449 903 2480 &
924 2447 986 2477 um?
1007 2455 1071 2477 cum

189 2496 238 2527 illo
249 2504 359 2527 ,contra
378 2495 556 2538 Episcopum
575 2497 766 2541 conspiravit.
793 2497 833 2530 In
846 2495 1069 2530 Ecclefiastica

50 2550 110 2587 Lib.
126 2561 149 2581 1.
187 2543 335 2579 Historia
367 2545 480 2580 scribit
507 2548 609 2581 etiam
643 2547 906 2582 Theodoretus:
933 2545 1069 2578 Meletius

55 2600 150 2631 cap-9·
184 2600 238 2637 qui
258 2605 317 2627 non
338 2597 431 2628 multo
451 2605 523 2629 ante
542 2606 658 2639 tempus
672 2622 681 2636 ,
706 2609 762 2642 quo
780 2596 905 2640 insanus
916 2599 980 2628 Arii
991 2605 1068 2628 error

184 2651 298 2685 coeptus
315 2643 376 2685 est,
400 2644 715 2688 Epts‘copus·delec¹7us
726 2649 835 2691 fuerat
855 2660 867 2679 .·
892 2652 1000 2688 quique
1016 2653 1067 2685 po-

178 2693 243 2735 stea
260 2693 295 2726 ob
314 2693 461 2736 quasdam
485 2695 621 2737 nefarias
642 2704 790 2739 opiniones
801 2694 1000 2740 nifitnfflffimo
1012 2698 1067 2728 Pe—

183 2754 232 2778 tro
254 2742 399 2786 Epifi·opo
424 2746 648 2788 Alexandrino,
673 2754 718 2780 cui
738 2758 842 2780 corona
863 2746 934 2788 fuit
954 2745 1066 2777 donata

182 2797 322 2831 Martyris·
335 2818 345 2834 ,
371 2793 523 2834 refutatus
534 2806 600 2829 erat
616 2821 628 2837 ‚
660 2795 885 2840 &Episcopatu
895 2796 1063 2830 abdicatus.

183 2843 295 2877 Voces
317 2868 327 2883 ‚
352 2843 488 2883 nefarias
509 2852 656 2887 opiniones
681 2872 692 2888 ,
718 2846 869 2881 videntur
888 2846 1065 2889 importare

181 2893 345 2927 Haerefim.
385 2891 432 2926 At
445 2905 515 2928 non
524 2896 711 2940 important.
750 2897 884 2931 Etenim
901 2897 935 2929 in
949 2905 1064 2939 quarto

181 2943 418 2977 Haereticarum
455 2943 652 2979 Fabularum
688 2946 791 2980 Libro
827 2945 940 2980 scribit
975 2944 1062 2979 idem

182 2992 416 3028 Theodoretus
430 3006 437 3025 ε
459 2996 597 3027 Meletius
610 3007 719 3030 novam
732 2995 871 3038 Haerefim
883 3007 940 3030 non
949 2994 1062 3027 inchoa-

183 3049 232 3075 vit
242 3067 253 3082 ,
264 3044 368 3076 eadem
386 3049 463 3076 enim
480 3054 547 3076 cum
557 3044 775 3088 Ecclefiaftnfit
786 3070 796 3086 ,
816 3045 874 3089 sed
890 3045 1062 3078 ambitionis

184 3093 279 3126 morbo
310 3092 469 3126 laboravit.
518 3094 563 3127 Et
588 3095 707 3128 iterum
728 3107 736 3126 ε
773 3097 912 3130 Meletius
934 3101 1060 3136 pietatis

1141 698 1276 731 statores
1293 696 1483 734 Schismatis
1494 723 1504 739 ,
1530 699 1606 734 &id
1617 700 1652 733 fit
1664 701 1783 734 factum
1793 701 1827 734 in
1841 701 1903 735 alia
1916 702 2022 745 Syno-

1140 746 1194 780 do.
1211 746 1345 790 *Acita,
1370 748 1550 793 &quidem
1571 749 1652 784 reste
1671 752 1798 784 censuit
1818 752 2021 786 Hincmarus

1142 796 1357 840 Metropolita
1369 798 1545 834 Remenfis.
1584 800 1719 835 Etenim
1730 802 1764 834 in
1776 801 1996 835 Instrumento
2010 825 2022 842 ,

1140 856 1206 887 quo
1217 847 1318 880 tertiae
1329 847 1556 884 Sveffionenfis
1579 850 1706 894 Synodi
1729 851 1900 895 Episcopis
1914 850 2023 886 adver-

1140 895 1212 928 sum
1223 896 1392 931 ordinatos
1409 898 1427 931 a
1443 900 1503 933 suo
1525 899 1737 936 Anteceffore
1769 900 1912 936 Ebbone
1948 901 2022 939 Cle:

1139 945 1223 978 ricos
1232 945 1404 988 exhibuit,
1430 949 1571 984 Nicaenae
1593 950 1720 994 Synodi
1743 951 1895 987 adversus
1916 951 2022 986 Mele-

1140 994 1224 1029 tium
1246 1007 1284 1029 ac
1301 996 1396 1039 ipsius
1419 998 1654 1035 Ordinationes
1672 1001 1837 1045 Judicium
1858 1002 2022 1045 exponit,

1139 1055 1237 1088 atque
1246 1046 1473 1089 prosequitur:
1500 1052 1658 1092 Meletius,
1683 1062 1718 1085 ut
1728 1059 1761 1085 in
1771 1058 1874 1086 veraci
1894 1063 1930 1085 ac
1949 1057 2022 1084 reci-

1134 1095 1250 1135 pienda
1271 1095 1398 1134 Historia
1418 1098 1541 1140 legimus
1554 1123 1565 1138 ,
1590 1107 1679 1132 unius
1703 1105 1853 1134 Civitatis
1865 1104 2022 1145 AEgyptio-

1138 1156 1206 1177 rum
1223 1143 1387 1187 Episcopus
1401 1170 1412 1186 ‚
1432 1145 1491 1190 sub
1513 1151 1602 1181 Petro
1630 1151 1844 1184 Alexandrinae
1870 1155 2022 1197 Ciuitatis

1141 1193 1386 1238 Archi-Episcopo
1397 1219 1408 1235 ‚
1434 1204 1486 1239 qui
1498 1196 1630 1241 suftepit
1652 1202 1830 1233 Diocletiano
1851 1195 2023 1243 Impeiante

1141 1247 1339 1286 Martyrium,
1365 1246 1506 1288 depofitus
1527 1248 1587 1289 est,
1612 1251 1646 1283 (θ’
1660 1258 1784 1292 propter
1810 1252 1888 1284 alias
1910 1251 2022 1284 multas

1139 1293 1242 1337 causas
1254 1319 1264 1334 ,
1290 1296 1324 1329 (9·
1334 1298 1465 1330 maxime
1477 1305 1548 1340 quia
1557 1305 1590 1331 in
1595 1298 1797 1342 persecutione
1807 1326 1818 1342 ,
1842 1302 1922 1334 Fide
1933 1312 2021 1345 nega·

1142 1353 1175 1376 ta
1187 1368 1199 1384 ,
1222 1343 1456 1387 sacrificaverat.
1483 1351 1565 1394 Ergo
1577 1350 1739 1383 damnatus
1751 1350 1856 1384 babuit
1867 1352 1974 1385 multos
1978 1350 2025 1394 se-

1140 1396 1295 1436 quaces‚&
1309 1395 1632 1439 Haerefiarcbesfal‘lus
1643 1399 1680 1439 est
1694 1411 1803 1440 eorum,
1815 1407 1867 1442 qui
1878 1400 2022 1434 hactenus.

1141 1444 1177 1476 ab
1185 1455 1215 1477 eo
1227 1451 1260 1476 in
1270 1447 1401 1488 AEgypto
1412 1448 1565 1480 Meletiani
1577 1458 1722 1481 vocantur
1733 1474 1744 1488 ‚
1770 1451 1881 1483 nullam
1896 1449 2024 1491 justitiae

1137 1492 1376 1536 satisfac‘lionem
1386 1495 1500 1529 habens
1511 1520 1523 1536 ,
1549 1508 1599 1530 cur
1608 1497 1782 1542 remanserit
1794 1500 1832 1532 ab
1844 1499 1970 1541 Ecclesia
1977 1498 2025 1542 se-

1136 1552 1276 1585 paratus.
1290 1544 1403 1579 Palam
1415 1547 1553 1581 affirmat
1567 1545 1628 1581 hos
1639 1549 1798 1592 Sequaces
1810 1550 1920 1593 postea
1934 1549 2025 1583 dam-

1141 1594 1310 1628 nationem
1319 1596 1492 1639 accepisse,
1519 1597 1707 1641 ideoquein
1718 1598 1779 1633 hac
1800 1598 1946 1643 praesenti
1967 1602 2025 1642 Sy-

1141 1644 1231 1678 nodo
1242 1656 1311 1678 non
1323 1646 1461 1688 potuisse
1471 1646 1628 1681 damnari.
1662 1648 1808 1684 Proinde
1831 1651 1955 1684 sanstus
1968 1649 2026 1684 Pe-

1140 1704 1207 1728 trus
1218 1694 1398 1728 Meletium
1417 1695 1465 1730 bis
1486 1696 1664 1732 damnavit.
1704 1699 1810 1734 Semel
1833 1701 1868 1733 in
1880 1701 2026 1744 praesenti

1140 1744 1278 1787 Synodo
1289 1744 1334 1779 ob
1347 1745 1509 1788 Lapsum:
1527 1747 1737 1785 Hauddubie
1749 1761 1824 1783 cum
1834 1750 1906 1784 aliis
1916 1749 2024 1784 adhuc

1139 1794 1283 1837 ejusdem
1293 1794 1386 1838 leprae
1396 1797 1670 1842 sociisEpiscopis
1691 1800 1725 1834 δε
1748 1800 1894 1835 Clericis.
1921 1801 2024 1835 Dein-

1139 1843 1204 1884 de,
1230 1844 1275 1878 ob
1286 1845 1469 1879 conflatum
1481 1846 1646 1888 Schisma,
1672 1850 1824 1884 collectos
1846 1850 2023 1895 Gregales,

1139 1904 1176 1927 ac
1189 1894 1316 1928 invasas
1325 1894 1559 1930 Patriarchales
1570 1898 1806 1934 ordinationes.
1829 1901 1902 1943 Hec
1914 1900 2024 1934 viden-

1141 1953 1194 1976 tur
1206 1944 1300 1978 fuiffe
1309 1943 1373 1983 alja
1386 1945 1474 1980 illius
1484 1947 1631 1982 crimina.
1672 1949 1716 1983 Et
1736 1950 1796 1984 ista
1809 1951 1871 1985 fuit
1882 1950 2023 1984 secunda

1142 1994 1240 2026 saneti
1250 1993 1339 2028 Petri
1351 1995 1513 2039 Synodus.
1539 1996 1655 2032 'Porro
1673 1999 1754 2034 dum
1775 2001 1867 2035 audis
1881 2002 2022 2035 sanetum

1139 2042 1273 2077 Petrum
1283 2046 1345 2078 effe
1356 2044 1413 2078 sub
1426 2046 1641 2082 Diocletiano
1662 2050 1810 2083 affectum
1833 2051 1997 2093 Martyrio
2010 2075 2021 2090 ,

1139 2093 1287 2138 intellige
1298 2105 1374 2127 cum
1386 2095 1610 2131 moderamine
1619 2111 1634 2139 ;
1648 2098 1781 2134 Etenim
1793 2099 1848 2134 ille
1860 2101 1964 2143 paffus
1976 2101 2021 2134 est

1138 2142 1196 2176 sub
1207 2142 1406 2179 Maximino.
1446 2146 1584 2181 Dudum
1596 2148 1667 2191 post
1681 2148 1846 2183 dimissum
1858 2150 1876 2182 a
1888 2150 2023 2184 Diocle-

1137 2193 1228 2226 tiano
1250 2194 1437 2237 Imperium.
1474 2197 1608 2231 Dicitur
1624 2210 1703 2243 ergo
1727 2199 1786 2235 sub
1805 2200 2020 2235 Diocletiano

1137 2243 1240 2286 paffus
1253 2267 1263 2283 ,
1291 2246 1367 2288 quia
1377 2245 1435 2278 ista
1447 2244 1632 2281 Persecutio
1643 2250 1706 2282 fuit
1718 2249 1736 2282 a
1748 2250 1963 2284 Diocletiano
1974 2250 2020 2284 in-

1135 2291 1252 2328 choata
1262 2318 1280 2342 ²,
1299 2295 1332 2328 &
1344 2306 1400 2338 per
1409 2295 1476 2338 ejus
1490 2297 1720 2332 Beneficiarios
1731 2301 1933 2334 Succeffores
1941 2311 2020 2334 con-

1133 2343 1260 2377 tinuata
1270 2344 1311 2378 ad
1324 2344 1532 2379 decennium.
1672 2384 1674 2386 v

1182 2394 1236 2426 Ex
1247 2393 1392 2428 adductis
1405 2396 1548 2430 Hermiae
1560 2399 1744 2433 Zozomeni
1765 2399 1871 2434 verbis
1888 2400 2020 2445 colligi-

1132 2453 1205 2478 mus
1221 2443 1255 2476 ὅ(
1273 2443 1353 2478 duas
1380 2445 1460 2479 alias
1482 2447 1580 2481 sancti
1592 2448 1680 2483 Petri
1691 2449 1844 2492 synodos
1865 2464 1875 2483 .-
1903 2454 2016 2490 Arius,

1130 2504 1195 2525 cum
1217 2495 1331 2527 Meletii
1350 2503 1458 2536 partes
1480 2495 1649 2540 deservisset
1670 2523 1681 2538 ‚
1705 2501 1725 2531 ἆ
1749 2503 1838 2533 Petro
1863 2503 2015 2533 Diaconus

1131 2543 1287 2575 ordinatus
1306 2543 1352 2583 est.
1381 2547 1427 2578 Et
1448 2544 1550 2588 rursus
1573 2548 1613 2580 ab
1632 2549 1732 2582 eodem
1756 2548 1882 2591 Ecclefia
1891 2549 2013 2591 ejec‘lus.

1130 2593 1229 2626 Hanc
1251 2594 1459 2636 posteriorem
1482 2597 1658 2639 Synodum
1677 2598 1787 2633 laudat
1815 2601 1849 2634 in
1873 2600 2014 2639 secunda

1131 2643 1300 2688 Apologia
1321 2645 1423 2679 etiam
1446 2646 1572 2681 sanstus
1593 2647 1808 2683 Athanafius:
1836 2650 2012 2690 Meletiani,

1128 2699 1179 2734 qui
1198 2694 1219 2725 ἃ
1241 2696 1331 2726 Petro
1351 2698 1413 2727 una
1435 2707 1500 2729 cum
1520 2701 1641 2731 Arianis
1663 2699 1748 2739 ejec'li
1763 2699 1875 2741 fuere,
1895 2705 1945 2731 -ita
1965 2705 2013 2731 in-

1120 2742 1219 2783 fidias
1238 2749 1318 2776 inter
1332 2743 1367 2787 se
1380 2753 1493 2787 partiti
1511 2746 1585 2790 sunt
1609 2754 1640 2781 in
1660 2752 1746 2787 Tyria
1767 2750 1896 2788 synodo,
1922 2758 1956 2781 ut
1964 2748 2011 2792 isti

1127 2791 1338 2835 accusationem
1364 2819 1375 2834 ‚
1411 2796 1454 2828 illi
1473 2798 1637 2836 judicandi
1656 2800 1774 2839 officium
1789 2798 1846 2840 fibi
1872 2800 2012 2831 vendica-

1129 2849 1239 2875 verint.
1268 2845 1326 2877 An
1338 2856 1403 2877 vox
1416 2869 1426 2884 ,
1452 2848 1518 2878 Una
1529 2871 1540 2886 ‚
1565 2848 1722 2890 temporis
1739 2848 1933 2881 simultatem
1946 2873 1956 2888 ,
1966 2860 2011 2883 an

1128 2891 1204 2926 vero
1224 2893 1331 2927 solum
1350 2895 1477 2930 diverso
1500 2905 1646 2939 tempore
1672 2899 1760 2930 faftae
1783 2898 2009 2936 damnationis

1126 2943 1328 2976 consortium
1338 2944 1514 2987 importet,
1542 2957 1611 2979 non
1636 2949 1761 2990 potrum
1778 2947 1911 2983 edicere.
1939 2947 2011 2981 Pri·

1126 3004 1217 3026 mum
1228 3004 1359 3036 apparet
1370 2995 1484 3028 verius.
1523 2995 1657 3030 Etenim
1679 3008 1747 3030 non
1759 3008 1891 3041 propter
1909 3007 2011 3041 patra-

1126 3053 1174 3076 tas
1187 3044 1221 3075 in
1234 3044 1343 3077 Deum
1355 3043 1503 3078 Verbum
1514 3044 1729 3088 blasphemias
1740 3071 1751 3086 ‚
1778 3059 1838 3082 nec
1851 3047 1896 3082 ob
1906 3047 2009 3082 aliam

1124 3093 1279 3126 Haerefim
1290 3094 1462 3128 damnatus
1480 3105 1559 3128 tunc
1572 3096 1635 3130 fuit
1648 3095 1747 3130 Arius
1765 3110 1780 3138 ;
1812 3097 1867 3132 sed
1888 3097 1933 3132 ob
1959 3099 2008 3132 so-

1125 3144 1191 3177 lam
1209 3143 1372 3186 sequelam
1397 3143 1573 3178 Meletiani
1605 3145 1802 3180 Schismatis.
1838 3147 1918 3182 Suas
1949 3147 2009 3183 ille

1125 3191 1341 3235 blasphemias
1363 3205 1432 3227 non
1451 3195 1597 3228 evomuit
1617 3220 1627 3235 ‚
1650 3197 1712 3230 nili
1726 3196 1783 3231 sub
1805 3197 2006 3240 Episcopatu

1123 3243 1221 3278 sanffi
1246 3243 1434 3276 Alexandri.
1472 3243 1577 3278 Lucet
1594 3257 1636 3278 ex
1658 3246 1724 3280 illis
1740 3271 1750 3286 ‚
1780 3258 1851 3289 qua:
1881 3248 2007 3281 sanstus

1126 3292 1321 3327 Athanasius
1339 3292 1448 3326 scribit
1471 3293 1507 3326 in
1528 3294 1593 3328 vita
1615 3297 1715 3330 saneti
1728 3296 1888 3331 Antonii:
1916 3302 2006 3330 Anto-

185 3143 361 3185 Dogmatum
378 3142 460 3176 nibil
485 3149 652 3177 innovavit.
688 3145 799 3178 Etiam
813 3146 947 3179 Nicaena
959 3145 1062 3187 Syno-

181 3190 244 3224 dus
257 3215 268 3231 ‚
293 3193 420 3226 sanctus
431 3191 627 3228 Athanasius
649 3218 660 3234 ‚
685 3205 722 3228 ac
741 3195 796 3229 alii
809 3195 937 3238 antiqui
952 3194 1061 3230 Patres

184 3240 289 3282 ipsum
297 3241 337 3275 de
348 3243 437 3277 nulla
450 3254 572 3277 notant
585 3244 716 3278 Haerefi.
756 3244 834 3286 Ejus
844 3245 982 3279 nefarias
992 3245 1062 3288 opi-

185 3290 299 3325 niones
310 3291 437 3336 ignoro.
461 3293 573 3327 Etiam
585 3294 740 3328 Hermias
748 3293 955 3328 Zommenus
963 3306 1061 3337 expo-

3 3343 5 3346 “
51 3341 114 3374 Lib.
147 3352 173 3372 ι.
186 3340 236 3373 nit
248 3339 320 3374 Anii
332 3341 441 3376 turbas
455 3366 467 3382 ‚
492 3354 590 3388 atque
601 3344 810 3388 prosequitur.
840 3348 954 3377 Harum
964 3341 1061 3387 dispu-

51 3391 114 3421 ⁶³1²·
126 3392 168 3418 ¹4·
184 3395 331 3423 rationum
350 3391 451 3424 aut‘lor
465 3392 532 3434 ficit
555 3398 643 3426 Arius
656 3418 666 3433 ,
692 3397 722 3426 E
725 3393 826 3435 ccleſsae
847 3395 1060 3428 Alexandrinae

185 3439 343 3477 Presbyter
360 3465 370 3480 ,
395 3440 571 3483 qui'Meletio
581 3455 630 3476 res
642 3455 737 3477 novas
750 3444 879 3477 molienti
891 3445 1061 3484 adjumento

177 3490 254 3532 fuit.
282 3491 491 3533 Cujuspaertes
500 3494 566 3527 cum
580 3491 744 3538 deseruisset
756 3518 768 3536 ‚
786 3496 807 3529 ἃ
818 3496 909 3532 Petro
918 3490 1060 3539 Epist-opo

1124 3350 1193 3377 nius
1214 3344 1363 3385 quondam
1380 3341 1505 3386 sedebat
1517 3344 1603 3386 quast
1606 3354 1712 3387 raptus
1723 3356 1811 3380 extra
1826 3344 1890 3389 fise
1908 3371 1919 3386 ,
1932 3347 2006 3380 mul-

1124 3403 1244 3435 tumque
1254 3394 1488 3435 contemplationi
1509 3395 1639 3428 vacabat
1660 3407 1724 3441 cum
1737 3394 1887 3440 suspiriis.
1914 3399 2005 3430 Dein-

1125 3445 1162 3477 de
1174 3467 1183 3482 ,
1210 3442 1282 3475 hora
1294 3442 1395 3486 elapsa
1406 3449 1523 3487 integra
1535 3469 1545 3484 ‚
1557 3444 1715 3489 conversus
1726 3447 1770 3479 ad
1778 3447 1842 3480 illos
1854 3470 1865 3485 ‚
1876 3452 1927 3487 qui
1939 3457 2004 3478 cum

1124 3491 1185 3536 ipso
1196 3502 1283 3527 erant
1294 3517 1305 3534 ,
1333 3492 1538 3539 ingemiscebat
1549 3519 1559 3536 ,
1587 3494 1769 3539 tremensque
1780 3495 1884 3530 orabat
1895 3518 1904 3534 ,
1915 3495 2003 3533 flexis

1920 3553 2005 3587 gem·
