2346 3776
358 68 427 109 10⁴

434 179 914 300 CANON
996 231 1161 297 VII·

480 342 593 396 Iberi
618 357 763 395 autem
790 342 927 394 tribus
951 344 1073 393 annis
1087 343 1133 390 in
1146 359 1238 408 poe-

501 415 688 461 nitentia
712 412 1069 462 examinabuntur
1093 449 1107 472 ,
1143 427 1236 459 tum

345 479 470 549 quod
494 481 874 543 diffimulaverint‚
911 498 1004 534 tum
1031 480 1153 549 quod
1176 480 1237 530 ef-

344 552 528 603 fecerint
552 568 602 603 ut
626 552 820 603 conservi
846 552 1153 611 sacrificarent,
1188 566 1235 599 ut

343 625 423 690 qui
459 622 672 690 Apostolo
695 630 794 677 'non
830 622 1073 673 obedierint
1097 656 1110 680 ,
1158 623 1234 686 qui

342 693 442 743 vult
468 695 688 746 Dominos
713 692 866 744 eadem
891 694 1032 743 facere
1044 709 1141 758 quae
1154 689 1235 740 ser-

341 764 417 823 vi,
442 766 712 813 remittentes
739 767 889 812 minas.
927 764 1142 821 Scientes‚
1171 764 1235 809 in-

341 831 444 900 quit
469 871 482 896 ‚
530 833 652 900 quod
687 834 826 886 noster
851 850 1030 900 quoque
1055 836 1098 884 &
1124 830 1235 898 ipso-

341 920 436 954 rum
464 906 681 953 Dominus
706 903 767 953 est
790 906 837 952 in
860 905 983 953 coelis
1007 939 1020 963 ‚
1068 906 1111 951 &
1145 920 1234 950 non

342 972 405 1020 est
431 971 547 1044 apud
575 991 672 1022 eum
709 973 984 1044 personarum
1021 975 1232 1041 acceptio.

335 1043 380 1089 Si
407 1059 540 1094 unum
566 1060 712 1096 autern
737 1063 886 1095 omnes
918 1045 1125 1096 habemus
1140 1049 1234 1094 Do-

335 1113 503 1161 minum
515 1149 529 1174 ,
566 1113 682 1181 apud
706 1134 838 1182 quem
854 1134 950 1166 non
963 1116 1023 1165 est
1035 1113 1234 1185 persona-

336 1200 433 1234 rum
459 1188 685 1252 acceptio,
721 1188 956 1252 quoniam,
992 1191 1035 1235 &
1059 1187 1231 1245 omnia,

335 1256 380 1302 δι
405 1254 451 1300 in
477 1255 680 1303 omnibus
705 1256 767 1304 est
801 1256 1023 1316 Christus,
1059 1258 1106 1303 in
1131 1261 1232 1304 Bar-

335 1321 452 1371 baris
478 1327 520 1372 &
547 1325 747 1393 Scythis,
773 1324 1231 1387 servis&liberis,de-

335 1391 444 1443 bent
467 1394 733 1445 considerare
759 1396 880 1462 quod
906 1396 1125 1456 fecerunt,
1150 1414 1229 1446 vo-

336 1463 474 1512 lentes
506 1462 623 1513 suam
649 1464 838 1532 ipsorum
863 1469 1054 1515 animam
1092 1465 1230 1516 serva-

333 1551 381 1586 re
395 1555 408 1592 3
435 1537 513 1600 qui
526 1533 752 1588 conservos
765 1536 928 1587 nostros
942 1543 1161 1586 traxerunt
1174 1536 1229 1586 ad

334 1602 662 1666 Idololatriam,
686 1609 764 1672 qui
790 1622 995 1674 poterant
1019 1606 1153 1673 &ipsi
1167 1606 1228 1655 ef-

337 1673 484 1736 fugere
497 1710 510 1735 ,
545 1675 576 1723 fi
588 1680 655 1740 jus
668 1680 710 1724 δε
725 1678 1019 1744 aequalitatem
1032 1676 1110 1745 ipfi
1121 1695 1228 1745 prae-

333 1744 540 1809 buiffent,
578 1762 626 1798 ut
649 1745 784 1799 rursus
807 1747 918 1801 dicit
943 1747 1189 1819 Apostolus.

487 1872 1061 1921 SCHOLION.

456 1953 526 1989 AEc
548 1955 612 1990 fuit
633 1956 696 1990 alia
719 1956 890 1992 evadendae
915 1956 1113 1992 Idololatriae
1134 1953 1226 1989 ars&

470 2005 598 2048 species.
630 2006 674 2040 Et
685 2005 796 2041 denuo
809 2016 888 2044 nota
901 2031 911 2045 ,
937 2019 975 2041 ac
987 2007 1114 2040 imitare
1124 2003 1223 2039 saneti

334 2054 425 2091 Petri
435 2054 470 2087 in
483 2054 606 2098 Lapsos
620 2055 852 2089 Clementiam.
893 2056 1007 2090 Servos
1017 2056 1073 2100 q,ui
1087 2066 1146 2099 pro
1158 2055 1226 2088 Do-

335 2104 438 2139 minis
449 2114 613 2149 patrarant
622 2105 754 2148 plenam
765 2105 993 2140 Idololatriam
1005 2129 1016 2146 ,
1028 2105 1122 2149 punit
1136 2103 1225 2138 unici

335 2153 509 2188 dumtaxat
519 2155 598 2188 anni
612 2155 922 2203 poenitentia.Q10d
933 2156 1158 2190 Dominorum
1168 2154 1226 2187 mi-

335 2204 390 2238 nis
402 2204 561 2247 compulfi
577 2204 797 2248 deliquissent.
821 2205 866 2239 Et
877 2206 949 2248 ipfis
960 2205 1225 2248 Dominisimpo·

335 2254 389 2288 nit
400 2255 634 2298 poenitentiam
647 2256 747 2289 solius
759 2256 902 2290 triennii.
920 2254 982 2289 Per
994 2255 1129 2290 verbum
1137 2280 1147 2296 ‚
1157 2266 1225 2288 exa-

335 2303 533 2337 minabuntur
546 2329 556 2344 ,
582 2304 737 2339 existimo
748 2305 891 2349 intelligi
903 2316 1020 2339 omnes
1033 2306 1224 2348 poenitentie

337 2353 467 2388 Gradus
488 2366 495 2386 :
533 2353 712 2393 Praesertim
736 2355 957 2389 Auditionem
976 2356 1009 2389 ὅτ.
1035 2355 1224 2390 Substratio-

337 2415 424 2438 nem.
463 2404 662 2439 Notandum
683 2405 728 2439 est
755 2404 892 2439 verbum
915 2430 926 2446 ,
962 2406 1222 2445 diffimulaverunt.

336 2453 473 2496 Utique
494 2454 637 2491 Domini
669 2468 725 2499 per
747 2457 859 2490 servos
894 2454 1041 2490 Proinde
1072 2455 1223 2490 videntur

336 2503 479 2538 Domini
493 2504 576 2540 inter
589 2506 653 2540 alia
664 2506 777 2549 jussisse
786 2530 796 2547 ,
808 2516 845 2540 ut
855 2506 935 2541 servi
945 2507 1036 2541 suam
1046 2504 1221 2540 Personam

336 2554 553 2588 mentirentur
565 2580 574 2594 ‚
602 2565 699 2599 atque
711 2557 755 2591 ita
768 2557 870 2599 ipsam
881 2555 1055 2590 liberarent
1074 2555 1115 2590 ab
1130 2556 1222 2589 omni

336 2603 491 2648 deinceps
508 2605 698 2640 Edittorum
710 2606 864 2651 periculo.
889 2605 1014 2640 Poffint
1025 2606 1140 2648 ipfis&
1154 2608 1223 2639 suas

339 2653 441 2689 vestes
453 2656 685 2691 commodasse.
723 2656 826 2706 Qod
838 2655 878 2692 ad
890 2655 1223 2690 circumscribendum

339 2705 484 2741 sanetum
497 2706 711 2743 Benedistum
724 2708 802 2742 fecit
814 2707 916 2742 etiam
938 2703 1129 2742 Gothorum
1148 2705 1221 2741 Rex

339 2753 461 2788 Totila
473 2767 528 2799 per
552 2757 644 2790 suum
667 2756 884 2800 spatharium.
913 2755 1034 2790 Canon
1055 2755 1224 2789 manifeste

339 2805 407 2847 agit
431 2804 473 2843 ‘de
493 2806 587 2842 servis
610 2806 813 2841 Christianis.
852 2806 1038 2841 Gentilium
1051 2806 1221 2842 Servorum

341 2853 505 2891 submiffio
530 2858 681 2901 spenavit
708 2856 749 2892 ad
777 2856 1010 2901 praecedentem
1038 2855 1220 2891 Canonem.

343 2901 580 2943 Constantinus
605 2906 873 2952 Harmenopulus
884 2905 1044 2940 ambobus
1055 2905 1105 2939 his
1118 2906 1223 2939 Cano—

341 2951 439 2985 nibus
448 2954 538 2989 dedit
554 2955 618 2990 hoc
630 2956 865 3000 compendium
882 2968 889 2987 ε
912 2958 977 2999 ,Qui
997 2954 1103 2998 servos
1120 2964 1176 2997 pro
1191 2953 1224 2998 β’

341 2998 507 3052 sacrificare
517 3013 658 3049 coegerint
670 3032 680 3047 ,
706 3006 887 3052 ipfiquidem
904 3011 1055 3048 triennio,
1075 3004 1160 3051 servi
1171 3017 1222 3040 ve-

343 3052 377 3101 rs>
386 3049 474 3098 coac‘li
487 3066 583 3088 annuo
589 3054 688 3098 spatio
694 3064 871 3101 poeniteant,

408 3213 881 3279 CANON
949 3217 1154 3285 VIII·

344 3321 439 3457 II
453 3323 479 3369 S
504 3337 649 3370 autem
674 3325 752 3388 qui
768 3325 928 3392 proditi
942 3326 1037 3376 sunt
1050 3365 1063 3391 ,
1098 3330 1140 3377 &
1153 3344 1223 3377 ex-

440 3389 638 3441 ciderunt
650 3427 664 3451 ,
699 3396 777 3459 qui
791 3397 834 3442 δε
847 3396 925 3463 ipfi
938 3396 993 3444 ad
1006 3412 1223 3447 certamen

813 40 1265 90 D1ssnRTAT1o
1316 37 1732 94 PRoazM1AL1s.

1303 119 1559 172 access'erunt
1573 161 1586 184 ‚
1622 123 1662 174 se
1685 124 1765 175 effe
1779 126 2047 179 Christianos
2059 133 2191 182 confi-

1303 205 1466 252 tentes,
1501 197 1604 242 &in
1615 195 1853 247 custodiam
1877 216 1976 246 cum
2003 215 2193 252 tormen-

1303 262 1556 326 tisvconjeffi
1571 262 1666 313 sunt
1681 285 1693 312 :
1732 270 1926 334 AEquum
1940 269 2059 318 estin
2072 274 2191 321 exul-

1303 332 1466 382 tatione
1478 331 1620 383 cordis
1645 336 1758 384 vires
1784 338 1906 387 fimul
1931 339 2111 402 addere,
2146 346 2193 392 δε

1301 402 1362 448 eis
1386 403 1431 451 in
1453 402 1658 452 omnibus
1684 412 2004 458 communicare
2027 448 2039 471 ,
2076 416 2119 460 &
2143 414 2192 460 in

1301 473 1567 523 orationibus
1580 510 1592 533 ‚
1614 476 1716 523 &in
1727 482 2066 546 participatione
2079 487 2190 530 Cor-

1300 541 1415 606 poris
1427 578 1441 601 ,
1475 547 1518 591 &
1544 545 1794 607 SanguiniS,
1818 552 1861 597 &
1885 547 2090 600 sermonis
2114 550 2191 600 ad-

1302 610 1545 662 hortatione
1559 633 1571 662 :
1609 630 1658 663 ut
1672 617 1750 683 qui
1764 617 2029 683 constantius
2042 620 2190 671 decer-

1300 683 1512 742 taverint,
1547 684 1626 752 ipfi
1650 703 1828 752 quoque
1851 685 2038 755 supernae
2057 708 2189 740 voca-

1299 752 1431 800 tionis
1457 751 1609 803 bravio
1632 754 1879 818 dignentur.
1916 761 2093 807 Etenim
2128 760 2189 809 se-

1298 822 1432 887 pties,
1467 824 1638 890 inquit,
1674 825 1802 875 cadet
1823 827 1954 893 justus
1984 833 2028 879 &
2054 828 2188 879 resur-

1297 905 1370 951 get
1382 912 1396 948 3
1431 893 1553 958 quod
1577 894 1756 961 quidem
1782 897 1812 946 fi
1837 916 1986 947 omnes
2008 917 2190 968 quoque

1298 960 1423 1027 Lapsl
1443 961 1632 1013 fecissent
1655 966 1993 1034 perfeffiffimam
2006 1006 2019 1030 ,
2055 974 2099 1019 &
2120 986 2189 1019 to-

1299 1046 1347 1078 to
1375 1030 1506 1081 corde
1534 1032 1770 1106 susceptam
1798 1041 2106 1109 poenitentiam
2139 1058 2188 1092 o-

1299 1098 1557 1153 stendiss'ent.

1459 1234 2032 1298 SCHOLION.

1299 1321 1388 1407 A
1402 1323 1438 1357 D
1459 1322 1596 1358 similem
1617 1325 1692 1358 fani
1714 1326 1853 1369 speciem
1876 1327 1989 1363 statuit
2007 1324 2189 1375 Ancyrana
2200 1344 2272 1376 cm,
2277 1346 2306 1375 1,-

1417 1373 1460 1415 Sy
1465 1373 1588 1407 nodus:
1617 1374 1806 1413 Presbyter-os
1817 1383 1870 1419 qui
1876 1376 2091 1420 sacrificarunt
2100 1405 2112 1421 ,
2138 1382 2188 1415 de-

1295 1425 1367 1456 inde
1385 1432 1489 1456 contra
1510 1423 1725 1468 reluc‘latisunt
1736 1449 1747 1465 ,
1768 1438 1824 1458 non
1829 1425 2018 1467 fimulatione
2027 1431 2163 1472 quadam
2172 1455 2185 1471 ,

1290 1470 1351 1515 sed
1357 1484 1396 1506 ex
1407 1477 1538 1506 veritate
1548 1485 1558 1515 3
1585 1485 1637 1506 nec
1656 1474 1707 1507 hoc
1721 1476 1811 1517 prins
1835 1477 2002 1511 machinati
2005 1476 2082 1521 fimt
2094 1503 2105 1520 ‚
2132 1490 2188 1514 nec

1295 1520 1423 1566 consulto
1436 1534 1471 1556 ac
1481 1524 1518 1556 de
1528 1512 1675 1563 industria
1685 1525 1721 1557 id
1719 1524 1864 1566 fecerunt
1875 1552 1885 1567 ‚
1906 1526 2166 1572 &perfiaaeserunt
2173 1554 2187 1570 ,

1282 1575 1328 1615 ¹u't
1338 1578 1494 1606 tormentis
1501 1570 1609 1615 subjici
1620 1575 1800 1608 vlderentur
1814 1600 1825 1615 ‚
1851 1587 1918 1610 cum
1926 1588 1964 1610 ea
1963 1576 2068 1622 specie
2080 1580 2115 1613 δ’
2125 1586 2188 1621 opt·

1283 1627 1379 1655 r>m‘one
1389 1623 1508 1655 tantim
1519 1622 1706 1665 inferrentur
1718 1637 1725 1657 :
1753 1623 1852 1668 vificm
1864 1624 1902 1666 est
1911 1639 1959 1660 eos
1971 1627 2108 1661 honorem
2119 1635 2186 1677 qui-

1294 1671 1452 1716 demsedis
1464 1679 1593 1706 retinere
1599 1685 1614 1715 ,·
1626 1673 1741 1714 Offerre
1750 1683 1851 1708 autem
1863 1677 1925 1709 illis
1937 1702 1947 1717 ,
1958 1677 2013 1717 arie
2017 1676 2186 1721 sermonem

1292 1721 1423 1763 conferre
1434 1746 1445 1762 ,
1452 1731 1506 1755 aut
1517 1726 1634 1756 omm'nb
1645 1725 1666 1755 5
1666 1735 1733 1757 acro
1743 1725 1843 1767 aliquo
1855 1721 2113 1770 Ministerlosungi
2123 1727 2183 1761 non

1293 1772 1388 1805 licere.
1415 1769 1558 1805 Praesens
1569 1772 1599 1804 S.
1612 1772 1702 1806 Petri
1715 1772 1837 1807 Canon
1848 1785 1917 1808 non
1928 1774 1971 1808 de
1980 1774 2186 1818 Presbyter-is

1293 1821 1362 1865 agit
1373 1844 1384 1860 ,
1410 1819 1466 1854 sed
1477 1820 1519 1854 de
1530 1820 1651 1855 Laicis.
1688 1821 1733 1855 Et
1744 1821 1787 1857 de
1799 1823 1882 1857 serio
1894 1822 1928 1858 δε
1939 1836 1979 1858 ex
1991 1826 2104 1860 animo
2117 1831 2184 1860 cer'*

1292 1880 1405 1904 tamen
1415 1870 1664 1906 resumentibus.
1689 1872 1733 1906 Et
1744 1872 1984 1907 Constantinus
1997 1875 2063 1909 Han
2072 1888 2142 1910 meu
2150 1890 2184 1911 0-

1293 1920 1388 1964 pulus
1397 1919 1453 1955 dat
1464 1920 1519 1963 ipsl
1534 1920 1598 1955 hoc
1612 1921 1877 1964 compendium:
1892 1925 1959 1966 ,Qui
1968 1927 2077 1958 tradit}
2086 1924 2159 1969 fimt
2170 1952 2180 1967 ‚

1290 1972 1325 2005 ά
1331 1978 1457 2012 propter
1467 1968 1640 2003 coafflonem
1646 1971 1691 2003 illi
1705 1972 1824 2013 quidem
1833 1972 2021 2016 abnegarunt
2033 2000 2043 2015 ‚
2071 1977 2180 2008 verr'cm

1285 2020 1383 2062 postea
1395 2020 1505 2060 cffone
1516 2030 1658 2054 revocata
1666 2045 1677 2061 ,
1695 2020 1822 2062 fortiter
1835 2023 2026 2068 decertarunt
2039 2049 2049 2065 ‚
2076 2032 2109 2058 in
2122 2037 2181 2058 om-

1290 2070 1378 2103 nibus
1388 2081 1453 2103 cum
1458 2072 1661 2113 gratulatione
1682 2071 1913 2104 communicent.'·
1937 2074 1991 2119 Q1
1997 2074 2040 2108 od
2060 2076 2181 2109 res-‘um'—

1290 2129 1381 2163 ptum
1394 2121 1427 2153 in
1442 2121 1670 2163 persecutione
1681 2132 1844 2155 certamen
1867 2123 2009 2165 priorem
2032 2124 2178 2168 Lapsum

1288 2170 1382 2213 plene
1391 2180 1549 2213 expurget
1559 2194 1569 2209 ,
1597 2168 1713 2203 habeat
1725 2170 1880 2205 virtut-em
1895 2172 1998 2215 plenae
2017 2175 2179 2216 poeniten-

1287 2220 1340 2253 tiae
1350 2244 1361 2259 ,
1387 2219 1516 2252 Divinae
1523 2219 1659 2262 Justitiae
1669 2219 1764 2264 plene
1775 2221 1949 2255 satisfaciat
1961 2247 1972 2262 ,
1992 2235 2031 2257 ac
2046 2230 2100 2267 per
2114 2224 2177 2268 ple-

1288 2280 1364 2303 nam
1386 2269 1539 2303 omnium
1559 2279 1768 2313 peccatorum
1794 2272 2014 2306 remissionem
2043 2275 2176 2308 Divinae

1286 2319 1394 2364 gratiae
1414 2319 1605 2354 reconciliet
1617 2344 1628 2360 ,
1654 2321 1750 2354 variis
1761 2321 1794 2353 in
1817 2321 1899 2354 locis
1912 2324 1975 2355 con
1981 2323 2100 2357 stanter
2117 2324 2176 2358 do·

1286 2380 1337 2403 cet
1347 2369 1574 2412 S-Cyprianus.
1603 2370 1657 2403 De
1665 2370 1773 2413 Lapfis
1786 2370 1905 2405 Pacem
1920 2372 2107 2415 importune
2121 2386 2174 2417 po·
2196 2378 2281 2411 &pist-¹

1287 2418 1481 2453 stulantibus
1493 2419 1602 2453 scribit
1613 2418 1652 2454 ad
1670 2421 1732 2453 suae
1747 2420 1892 2455 Ecclefiae
1913 2422 2075 2464 Major-em
2102 2423 2177 2458 Cle·
2195 2427 2240 2454 ¹4-

1286 2481 1376 2502 rum:
1404 2468 1504 2512 ,Quifi
1510 2470 1631 2502 nimiam
1640 2477 1809 2512 properant
1827 2495 1837 2511 ‚
1865 2469 1976 2504 babent
1985 2470 2083 2516 insua
2091 2482 2177 2514 pote·

1278 2518 1357 2558 state
1368 2520 1447 2561 quod
1449 2519 1599 2561 pcfiulant
1610 2532 1623 2561 ,-
1634 2529 1761 2561 tempore
1770 2519 1968 2564 ipsbfibiphls
1979 2534 2071 2564 quam
2080 2523 2174 2564 postu-

1284 2571 1350 2602 lant
1360 2570 1511 2612 largiente.
1541 2573 1623 2602 Acies
1633 2569 1732 2603 adhuc
1737 2577 1855 2614 geritur
1867 2595 1877 2610 ‚
1903 2573 1938 2605 6·
1952 2577 2033 2617 Agon
2045 2575 2179 2614 quotidie.

1285 2618 1447 2652 celebratur
1458 2631 1472 2660 ;
1493 2618 1658 2660 ficommiffi
1673 2622 1744 2654 'vere³
1755 2622 1789 2654 Θ·
1794 2620 1924 2663 firmiter
1930 2629 2058 2663 poenitet
2072 2647 2081 2663 ‚
2096 2625 2131 2658 Θ
2136 2623 2176 2666 fi-

1285 2670 1332 2702 dei
1342 2669 1419 2701 calor
1425 2670 1579 2709 praevalet
1597 2681 1607 2711 3
1633 2676 1685 2711 qui
1697 2669 1813 2710 drfferri
1826 2682 1882 2703 non
1888 2671 1981 2712 potest
1994 2697 2004 2712 ‚
2024 2672 2119 2715 potest
2128 2681 2172 2706 co*

1285 2724 1384 2751 ronari
1411 2718 1465 2752 De
1476 2718 1569 2762 plena
1581 2729 1789 2761 peccatorum
1805 2731 1859 2763 per
1871 2732 1995 2755 novum
2003 2733 2169 2756 certamen

1285 2767 1470 2803 remiffione
1483 2768 1546 2802 fuit
1557 2767 1640 2802 adeo
1652 2779 1757 2803 certus
1768 2775 1778 2810 3
1789 2780 1825 2803 ut
1838 2771 1961 2813 Lapsos
1972 2782 2101 2816 propter
2114 2783 2172 2805 no-

1286 2830 1330 2852 vae
1342 2818 1573 2862 persecutionis
1583 2819 1739 2853 accessum
1750 2830 1830 2853 tunc
1851 2819 2009 2863 judicaret
2031 2833 2098 2855 non
2111 2820 2171 2855 do-

1286 2868 1414 2902 nandos
1425 2867 1511 2902 Pace
1524 2867 1596 2908 ,sed
1606 2868 1778 2903 dumtaxat
1790 2870 1831 2903 de
1845 2881 1998 2905 manente
2008 2881 2170 2905 certantes

1284 2919 1317 2952 &
1326 2919 1493 2952 vincentes
1506 2929 1630 2953 corona
1640 2920 1868 2954 certificandos
1883 2945 1893 2960 ‚
1918 2930 2014 2964 atque
2033 2921 2078 2953 ita
2100 2922 2169 2954 ani-

1285 2967 1429 3002 mandos.
1458 2968 1502 3003 Et
1513 2968 1573 3001 ista
1586 2967 1681 3011 hujus
1691 2970 1752 3003 suae
1763 2970 1915 3014 Epistolae
1926 2969 2020 3003 verba
2031 2970 2147 3013 repetit
2156 2996 2168 3012 ,

1285 3017 1394 3052 laudat
1405 3018 1439 3054 δε
1449 3017 1624 3055 confirmat
1635 3020 1668 3055 in
1682 3020 1802 3056 Literis
1812 3020 1852 3057 ad
1865 3019 2103 3054 Antonianum.
2117 3022 2166 3053 At

1286 3067 1360 3102 vero
1381 3069 1416 3101 in
1438 3068 1560 3102 Literis
1578 3068 1618 3102 ad
1640 3069 1669 3103 S.
1687 3069 1809 3112 Papam
1821 3069 2013 3103 Cornelium
2026 3071 2165 3103 mutavit

1287 3117 1371 3153 hanc
1382 3117 1594 3161 posteriorem
1604 3119 1805 3153 Sententiam
1818 3131 1825 3150 :
1847 3118 2116 3159 obtemperandum
2128 3118 2166 3160 est
2185 3133 2268 3171 Epist,

1287 3179 1414 3210 namque
1423 3167 1621 3209 qstenfiom'bus
1631 3194 1641 3209 ,
1651 3178 1742 3212 atque
1750 3168 2000 3201 admonitionibus
2004 3168 2096 3210 justis
2109 3194 2119 3209 ,
2130 3179 2165 3203 ut
2183 3183 2229 3209 54.

1286 3219 1306 3249 ἃ
1318 3216 1485 3257 pastoribus
1495 3229 1567 3251 oves
1579 3225 1613 3251 in
1617 3219 1746 3260 periculo
1752 3229 1809 3250 non
1821 3216 1996 3260 deserantur
2006 3243 2015 3257 ‚
2022 3217 2081 3260 sed
2086 3231 2165 3263 grex

1287 3273 1381 3300 omnis
1401 3273 1434 3301 in
1455 3276 1546 3300 unum
1565 3276 1750 3312 congregetur
1770 3268 1804 3301 Θ·
1824 3273 1971 3299 exercitus
1994 3271 2114 3301 Domini
2123 3270 2169 3302 ad

1289 3326 1437 3350 certamen
1447 3319 1567 3350 Militia·
1576 3316 1703 3357 Caelestis
1716 3324 1857 3349 armetur.
1895 3320 2003 3350 Merito
2013 3324 2092 3351 enlm
2103 3327 2166 3351 tra*

1290 3366 1415 3400 bebatur
1424 3368 1584 3400 dolentium
1591 3372 1769 3408 poenitentia
1781 3374 1907 3407 tempore
1916 3367 2043 3411 longiore
2056 3392 2067 3408 ‚
2077 3378 2111 3402 ut
2122 3374 2169 3401 in-

1288 3416 1389 3458 firmis
1400 3424 1433 3451 in
1445 3423 1529 3452 exitu
1535 3415 1747 3461 subvenlretur
1755 3439 1766 3458 ‚
1790 3417 1933 3458 quamdin
1943 3426 2027 3460 quies
2034 3419 2078 3452 ,ἐπ
2084 3427 2169 3450 tran·

2034 3468 2169 3514 qualum
