2346 3776
45 594 142 634 Epist.
152 605 179 624 2.

57 643 119 674 cap.
128 644 155 673 3.

51 1874 120 1923 Lib..
127 1884 151 1903 ι.

50 1922 155 1954 “mi

50 2462 158 2497 Ham-ef.

49 2509 135 2543 69.c.
145 2515 173 2541 4.

633 133 1078 183 DissERTA‘rro
1126 128 1546 181 PRoOEMiALis.

189 222 246 256 Ex
258 220 427 259 hislueet,
453 215 541 262 quod
558 215 618 250 ista
639 212 923 252 Patriarehatuum
945 212 981 247 in
993 214 1062 248 Ro-

190 284 296 307 manae
303 269 447 306 Ecclesnae
456 268 643 310 supremum
660 264 843 299 Primatum
867 263 1062 298 Reverentia

191 322 229 356 fit
251 319 471 364 antiquiffima
480 342 491 357 ‚
518 315 666 359 adeoque
682 314 874 348 Institutum
897 312 1063 356 Apostoli-

193 383 280 406 curn.
306 371 350 404 Et
361 367 439 402 hinc
450 366 492 401 de
501 365 759 403 provincialium
772 362 981 408 synodorum
991 387 1001 403 ‚
1027 364 1062 399 δε

191 418 417 456 criminalium
428 416 501 450 istic
513 416 554 450 de
568 416 740 460 Episcopis
758 415 793 449 δε
813 413 952 448 Clericis
974 413 1062 456 Judi·

191 472 319 506 ciorum
328 467 521 502 austeritate
530 467 614 500 recte
634 465 753 509 scriplit
777 462 819 498 ad
841 464 986 497 faustum
1004 462 1063 496 Vi-

189 519 338 554 stricium
358 516 665 561 Rhotomagensem
678 514 876 559 Episcopum
886 537 896 552 ‚
918 512 1064 547 secundae

192 567 421 614 Lugdunenfis
443 566 696 611 Metropolitam
716 589 728 606 ‚
752 563 880 599 sanstus
902 562 991 607 Papa
1012 564 1063 597 In-

193 620 369 654 nocentius
388 628 398 649 :
421 619 454 650 si
465 625 566 650 autem
575 617 703 657 majores
713 611 809 656 causae
817 618 851 646 in
860 614 990 647 medium
991 612 1063 654 fue-

191 675 256 705 rint
279 669 427 702 devoluta
448 692 460 708 ‚
494 667 649 700 adSedem
661 663 847 707 apostolicam
857 688 868 704 ,
886 662 959 704 ficut
979 665 1064 701 syno-

192 717 363 759 dusstatuit
375 742 386 758 ,
413 718 447 752 (a
467 717 556 752 beata
567 711 750 758 Consuetudo
759 718 852 757 exigit
864 737 873 752 ,
895 711 1062 757 postJudi-

191 774 270 805 cium
281 767 456 812 Epist-apale
467 791 479 807 ,
504 765 682 807 efferantur.
709 764 914 798 Hincmarus
923 762 1062 796 Remen-

192 819 231 854 fis
252 830 306 862 per
326 816 498 862 Synodum
518 815 679 860 intelligit
692 841 695 843 .
712 813 941 848 sardicensem.
981 812 1063 846 Haec

188 869 281 904 enim
293 867 405 901 statuit
416 866 656 909 Episcoporum
667 888 679 905 ‚
703 863 722 898 a
732 862 996 898 Provincialibus
1007 862 1064 905 Sy-

191 917 291 952 nodis
300 918 397 951 fastas
406 916 657 955 damnationes,
681 914 744 949 effe
765 914 911 948 Romam
928 913 1065 946 referen-

188 967 256 1003 das.
283 966 332 1000 At
342 975 468 1000 certum
479 964 525 999 est
537 964 577 999 ab
587 964 787 999 Innocentio
806 963 951 1008 intelligi
962 962 996 996 N
1000 962 1064 996 icae-

188 1028 268 1053 nam
281 1016 463 1061 Synodum.
491 1015 546 1049 De
556 1012 618 1049 hae
631 1015 722 1048 enim
735 1014 846 1048 statim
856 1023 951 1048 antea
973 1011 1063 1047 dixe—

187 1077 239 1102 rat
250 1068 286 1101 in
295 1066 414 1101 eodem
424 1066 553 1110 Capite:
566 1066 730 1098 secundum
739 1066 882 1103 synodum
893 1068 1061 1097 Nicaenam.

187 1115 234 1152 Et
247 1116 325 1151 hinc
337 1116 484 1165 Qaestio
494 1115 541 1150 est
563 1138 575 1155 ,
601 1126 669 1158 quo
681 1117 717 1148 in
730 1114 871 1149 Canone
882 1112 949 1147 haec
958 1113 1063 1156 Syno-

187 1166 252 1202 dus
274 1167 416 1201 firmavit
437 1167 608 1199 Romanas
625 1163 843 1198 Relationes?
867 1160 1063 1206 Respondeo

185 1227 244 1262 per
254 1215 319 1250 haec
331 1213 415 1249 sexti
427 1212 578 1249 Canonis
588 1212 683 1247 verba
696 1226 706 1246 ι
732 1216 803 1246 Suis
824 1215 990 1256 Privilegia
1004 1209 1065 1255 ser-

186 1275 299 1301 ventur
309 1263 454 1306 Ecclessis.
483 1263 618 1297 Etenim
637 1262 752 1297 omnia
770 1262 870 1295 sanai
882 1260 1065 1296 Alexandri

185 1317 224 1351 in
236 1315 356 1350 Arium
366 1315 399 1347 δε
409 1313 641 1356 Congerrones
651 1309 734 1344 Acta
744 1311 877 1344 fuerunt
897 1310 1012 1344 Nicaeae
1020 1310 1066 1344 di-

186 1365 288 1400 scussa
309 1388 319 1403 ‚
346 1362 481 1406 probata
493 1385 505 1401 ‚
532 1361 567 1394 ὃ(
586 1360 713 1394 firmata
733 1372 743 1402 ;
771 1359 936 1404 Adeoque
960 1360 1063 1395 &ista

188 1414 332 1449 Relatio.
360 1412 404 1446 Et
425 1410 493 1445 haec
511 1408 654 1444 omnino
674 1409 720 1443 est
741 1420 846 1445 unum
867 1410 886 1444 ὲ
905 1410 1066 1445 Romanae

187 1463 340 1501 Ecclesiae
348 1460 535 1506 Privilegiis
548 1484 559 1500 ,
570 1471 626 1503 per
636 1458 766 1494 beatam
779 1460 1064 1495 Consuetudinem

188 1513 428 1558 Apostolicam.
457 1509 567 1544 lsthaee
580 1509 714 1544 Relatio
723 1533 733 1550 ,
759 1521 859 1553 quam
871 1510 996 1554 periisse
1008 1520 1064 1545 aut

189 1563 289 1599 latere
300 1574 369 1597 non
381 1563 548 1606 possumus
558 1572 628 1597 non
648 1558 760 1598 dolere
777 1561 936 1605 graviter,
960 1561 1063 1607 ροηδε

189 1625 252 1650 nos
263 1612 368 1648 multa
379 1612 507 1647 docere.

238 1665 319 1699 Hoc
331 1664 394 1697 suae
403 1662 530 1706 Synodi
542 1661 708 1707 Iudicium
731 1662 856 1698 sandius
876 1661 1064 1698 Alexander

184 1714 291 1748 etiam
299 1714 515 1749 denunciavit
525 1712 683 1747 omnibus
692 1712 752 1748 sub
758 1714 844 1748 coelo
853 1713 1065 1749 Orthodoxis

189 1764 362 1807 Episcopis
372 1774 471 1807 atque
482 1762 640 1797 Ecclesiis.
664 1763 842 1806 Synodalis
854 1763 999 1807 Epistola
1011 1775 1064 1797 ex·

188 1813 252 1850 stat
275 1812 361 1858 apud
380 1815 556 1848 Socratem.
584 1812 629 1845 Et
650 1812 750 1847 edicit
769 1812 867 1856 hujus
875 1814 1065 1848 Denuncia-

190 1864 296 1898 tionis
316 1863 448 1898 causam
469 1875 477 1895 :
515 1860 645 1900 Vestram
666 1863 815 1895 Pietatem
825 1862 955 1903 fecimus
966 1868 1064 1899 certio-

188 1925 251 1948 rem
264 1938 275 1954 ,
301 1912 467 1953 Chariffimi
478 1914 513 1946 Θ
522 1911 724 1952 honoratiffimi
746 1916 875 1947 Fratres
888 1937 898 1952 ,
924 1919 976 1956 qui
995 1912 1064 1954 estis

189 1962 339 2007 uobiscum
347 1969 379 1996 in
392 1961 527 2003 Ecclefiae
540 1961 695 2002 ministerio
705 1963 854 2004 conjunHi
866 1987 877 2004 ,
903 1972 938 1996 ut
952 1961 1067 2006 fifhrt?

189 2015 315 2057 quidam
322 2024 360 2047 ex
372 2013 432 2046 illis
445 2017 612 2046 temeritato
623 2011 740 2054 impulfi
754 2014 801 2046 ad
819 2025 874 2046 vos
891 2020 996 2048 venire
1005 2025 1064 2048 non

187 2072 352 2098 vereantur
362 2088 372 2104 ‚
398 2075 434 2096 ne
445 2074 492 2096 eos
504 2063 682 2095 admittatis
696 2075 710 2104 ;
736 2064 813 2096 neve*
822 2062 950 2106 Eusebio
962 2066 1015 2099 vel
1021 2065 1065 2098 al-

185 2120 244 2148 teri
253 2120 393 2155 cuiquam
405 2137 416 2152 ‚
442 2119 494 2154 qui
505 2123 606 2145 eorum
615 2110 705 2155 causa
714 2113 759 2145 ad
772 2111 827 2145 vos
844 2107 961 2157 scribat
971 2138 983 2154 ,
1007 2113 1065 2147 om-

187 2166 259 2197 nino
272 2163 452 2196 attendatis.
481 2166 569 2195 Nam
573 2170 634 2203 par
644 2161 682 2203 est
695 2186 705 2202 ,
730 2172 765 2195 ut
788 2172 842 2195 nos
853 2187 864 2203 ,
889 2170 941 2206 qui
956 2162 1062 2207 sums

189 2213 354 2253 Christiani
366 2237 377 2252 ‚
402 2223 501 2245 omnes
529 2217 581 2254 qui
590 2221 692 2245 contra
713 2211 862 2252 Christum
883 2215 1041 2256 loquuntur
1052 2238 1062 2254 ‚

188 2264 227 2297 Θ
236 2262 275 2295 ab
288 2274 320 2296 eo
325 2261 399 2306 sunt
408 2263 538 2296 alienato
545 2267 644 2295 animo
662 2286 672 2301 ‚
697 2271 845 2305 tanquam
857 2267 914 2296 Dei
924 2262 1016 2305 hostes
1028 2265 1063 2299 Θ

189 2321 374 2354 corruptores
389 2319 556 2345 animorum
565 2314 734 2347 devitemus
745 2332 759 2352 ,v
767 2324 858 2356 neque
868 2314 906 2346 id
905 2325 1002 2358 genus
1013 2314 1059 2347 ho-

189 2363 319 2395 minibus
331 2387 342 2403 ,
360 2361 584 2404 fimtpraecepit
595 2363 700 2396 beatus
704 2367 738 2408 J
739 2374 849 2396 oannes
859 2388 870 2403 ,
883 2366 935 2397 vel
944 2368 1008 2398 Ave
1018 2365 1062 2397 di-

184 2423 292 2446 camus
305 2437 318 2452 ‚
342 2425 379 2446 ne
397 2414 517 2455 quando
534 2414 651 2446 illorum
666 2420 797 2454 peccatis
809 2420 1059 2448 communicemus.

190 2461 332 2496 Illustrat
344 2461 411 2495 haec
422 2463 547 2496 sanctus
559 2462 783 2506 Epiphanius:
798 2467 886 2497 Arius
897 2465 1063 2498 divortium

189 2522 226 2544 ac
236 2511 378 2551 diffidium
389 2512 495 2553 ubique
498 2512 705 2553 faciens,&in
713 2511 937 2556 uniussujusque
946 2520 1061 2547 animos

189 2562 295 2595 callide
301 2559 366 2603 sese
376 2559 527 2602 insinuans
542 2585 552 2600 ,
577 2563 683 2595 multos
691 2564 839 2603 perdidit.
865 2565 927 2597 Sed
943 2564 993 2597 ubi
1011 2566 1063 2597 de-

185 2608 354 2653 prehensus
367 2634 378 2651 ‚
404 2613 438 2645 ό*
448 2617 481 2643 in
493 2611 569 2644 Urbe
579 2612 728 2645 convillus
740 2636 750 2652 ,
761 2622 852 2654 atque
861 2620 989 2646 omnium
995 2623 1058 2656 prf-

189 2667 268 2695 eonio
279 2660 434 2693 irmarus
443 2660 482 2700 est
506 2685 516 2700 ‚
543 2662 729 2694 Alexandria
742 2661 870 2705 fugiens
889 2670 922 2695 in
942 2663 1060 2704 Palesti-

187 2722 262 2744 nam
271 2710 355 2743 abiit.
384 2709 558 2754 lbissngulos
571 2709 730 2754 Epiftopos
742 2714 831 2746 adire
845 2724 878 2745 ac
891 2712 1038 2756 prensare
1050 2739 1059 2754 ,

187 2762 365 2802 adularique
374 2767 465 2802 caepit
473 2785 483 2801 ,
508 2763 564 2803 quo
577 2764 682 2803 plures
696 2760 751 2802 fibi
771 2761 985 2806 suffl'agatores
1008 2766 1060 2797 ad-

179 2812 335 2853 iungeret.
360 2813 406 2842 Et
426 2821 464 2843 ex
477 2809 525 2843 his
547 2813 669 2853 quidam
688 2812 772 2845 illum
791 2822 962 2855 receperunt
971 2839 981 2855 ‚
1007 2815 1060 2847 alii

186 2863 260 2894 vero
282 2861 463 2900 repulerunt.
496 2862 577 2903 ,ραι
596 2873 666 2894 mox
685 2870 720 2894 tit
739 2863 784 2895 ad
790 2874 880 2896 aures
887 2865 1059 2901 ‚Alexandri

186 2907 331 2952 Episcopi
337 2911 460 2950 perlata
466 2907 540 2952 sunt
553 2934 564 2949 ,
575 2913 741 2949 Encyclicas
752 2911 928 2957 adfingulos
940 2913 1059 2957 Episco-

182 2967 239 3002 pos
254 2962 390 2992 Litteras
402 2961 486 2992 dedit
497 2984 507 2999 ‚
519 2970 591 3002 quai>
597 2960 738 3004 hodieque
748 2961 947 3006 Studiqfhrum
956 2970 989 2996 in
1000 2976 1061 2996 ma-

187 3009 276 3043 nibus
286 3007 363 3051 vers
356 3018 582 3048 amurstumero
582 3009 652 3051 fere
660 3009 861 3056 septuaginta.
887 3013 1004 3055 Scripsit
1016 3020 1059 3046 in-

186 3067 233 3092 ter
244 3060 318 3091 alios
330 3060 373 3091 ad
381 3056 545 3101 Eusebium
559 3057 718 3101 Caesaraeae
731 3060 910 3105 Episcopum
923 3088 932 3102 ‚
943 3069 995 3105 qui
1005 3065 1059 3096 ad-

186 3106 434 3150 hucsuper-erat:
461 3112 508 3141 Et
528 3110 575 3141 ad
592 3112 758 3143 Macarium
781 3111 1035 3155 Hierosolymorum
1049 3137 1059 3152 ‚

190 3156 355 3200 Asclepium
364 3162 462 3191 Gazae
474 3183 484 3198 ,
513 3162 681 3202 Longinum
690 3158 840 3202 ascalonis
853 3186 863 3201 ‚
891 3165 1060 3195 Macrinum

182 3210 326 3252 Jamniae
337 3207 515 3250 Episcopum
527 3233 538 3249 ‚
564 3211 598 3242 (Ὗ
608 3210 690 3242 alios.
726 3212 805 3243 Item
825 3217 857 3243 in
878 3211 1060 3245 Pboeniciam

188 3258 233 3288 ad
242 3259 391 3291 Zenonem
399 3259 549 3300 quendam
570 3265 726 3300 antiquum
735 3283 746 3298 ,
772 3262 839 3298 Tyri
859 3260 1038 3304 Episcopum
1049 3287 1059 3303 ‚

188 3307 225 3339 Θ
235 3307 319 3339 alios.
344 3307 461 3349 Scripfit
474 3309 508 3341 Θ
518 3314 552 3339 in
561 3306 735 3350 selessriam.
764 3311 852 3349 Mtffis
877 3310 925 3342 bis
947 3311 1061 3353 Episto-

187 3356 228 3389 lis
239 3379 250 3395 ‚
275 3355 383 3397 quibus
402 3368 448 3390 eos
472 3357 626 3400 incusabat
638 3382 648 3398 ‚
673 3363 726 3400 qui
744 3362 847 3391 Arium
867 3368 1038 3402 receperant
1049 3385 1060 3401 ‚

188 3416 222 3438 re
235 3402 412 3446 cripseread
422 3408 626 3440 Alexandrum
638 3406 766 3452 finguli;
794 3410 921 3451 quidam
940 3411 1060 3450 difflmu-

187 3455 288 3488 lanter
301 3455 447 3488 &callide
457 3480 468 3496 ‚
485 3457 547 3489 -alii
564 3469 602 3490 ex
623 3465 724 3491 animo
744 3459 778 3492 (5
792 3458 911 3501 fine-ere.
939 3463 980 3493 Ac
991 3472 1060 3494 non-

190 3505 267 3539 nulli
277 3511 430 3544 exceptum
438 3506 458 3536 ἃ
464 3504 498 3547 [ἓ
509 3505 655 3540 bominem
677 3509 827 3555 negabant
839 3522 852 3552 ;
878 3510 931 3547 alii
953 3508 1061 3556 admis-

290 3553 406 3598 Differt.
419 3556 542 3591 Prooem.
553 3558 634 3593 Tom.
641 3560 667 3592 1.

1116 3461 1188 3505 suit.
1217 3462 1400 3500 Andronico,
1428 3459 1549 3504 eiufilue
1568 3464 1658 3495 Sociis
1682 3486 1692 3502 ‚
1718 3462 1847 3494 Thoanti
1870 3463 1906 3494 Θ·
1924 3463 1991 3500 eJ'us

1929 154 1998 193 145

1121 212 1191 256 sum
1196 221 1254 256 per
1264 217 1471 257 ignorantiam.
1497 214 1602 244 Erant
1613 211 1649 244 ὃ·
1662 213 1714 252 qui
1723 221 1755 244 eo
1763 211 1908 256 consiliose
1918 223 1998 248 rece-

1119 262 1370 306 pfflfaterentur
1381 286 1393 302 ,
1417 270 1453 295 ut
1462 273 1530 295 eum
1538 260 1766 302 lucrifacerent.
1802 266 1840 293 In
1853 262 1972 303 summa
1983 285 1997 302 ,

1123 319 1216 346 varia
1226 316 1412 347 Litterarum
1423 315 1608 357 Argumenta
1611 310 1749 353 fuerunt.
1772 308 1862 344 Proh
1873 311 1971 345 dolor
1984 337 1997 352 ,

1123 371 1264 405 quantus
1275 361 1503 397 Ecclesiasticae
1513 361 1720 396 Eruditionis
1741 372 1779 395 ac
1802 357 1997 403 Antiquita-

1123 412 1165 446 tis
1175 410 1364 446 Thesaurus
1373 411 1473 456 periit
1484 422 1539 445 aut
1552 411 1630 446 latet
1644 413 1656 444 .’
1683 410 1896 455 Septuaginta
1917 409 1994 452 Epi-

1123 461 1212 499 stolae
1221 461 1250 495 S.
1263 460 1445 496 Alexandri
1458 485 1469 501 ,
1495 462 1528 495 δε
1541 461 1682 495 totidem
1694 486 1705 503 ‚
1732 470 1788 495 aut
1812 460 1919 494 forsan
1930 458 1999 502 plu-

1123 523 1157 546 ra
1168 535 1180 552 ,
1189 511 1353 546 variorum
1365 511 1606 556 Episcoporum
1616 511 1657 545 ad
1668 511 1751 554 ipsas
1762 510 1939 554 Responsa.
1953 509 2000 542 Et

1123 560 1299 605 Synodalis
1311 561 1353 597 ad
1364 562 1396 596 S.
1407 561 1607 604 Sylvestrum
1618 561 1752 595 Relatio
1763 560 1891 594 videtur
1903 559 1938 592 in
1951 559 2000 602 ip-

1122 612 1159 645 fis
1171 623 1240 646 non
1251 612 1344 646 fuisse
1355 610 1597 654 comprehensa.
1635 611 1690 647 Ex
1700 611 1747 645 eis
1762 622 1829 645 non
1841 609 2001 644 habemus

1123 661 1182 695 nifi
1195 662 1328 696 unicam
1338 660 1552 704 Enesszlicam
1562 659 1603 695 ad
1614 672 1730 695 omnes
1741 660 1800 694 sub
1813 659 1899 694 coelo
1924 658 2002 702 Epi-

1124 712 1247 754 scopos.
1275 712 1365 746 Nam
1375 712 1411 746 δι
1421 710 1462 745 ad
1475 711 1505 745 S.
1519 710 1748 747 Alexandrum
1762 709 2002 743 Constantino-

1124 761 1309 805 politanum
1319 761 1512 796 Antistitem
1525 760 1672 805 Epistola
1684 759 1815 794 videtur
1823 760 1886 793 effe
1897 758 2002 801 poste·

1123 811 1190 844 rior
1200 811 1267 845 istis
1277 811 1434 846 omnibus
1447 836 1458 852 ,
1483 811 1632 856 adeoque
1651 811 1685 845 δε
1708 809 1870 844 distincta.
1898 809 2002 842 Hanc

1124 860 1219 894 nobis
1238 862 1274 895 in
1304 863 1359 895 sua
1392 861 1616 896 Ecclesiastica
1644 859 1794 894 Historia
1820 856 2002 894 custodivit

1124 909 1370 946 Theodoretus.
1399 912 1510 946 Etiam
1520 911 1634 946 omnia
1640 909 1682 946 ad
1694 909 1767 945 istas
1777 909 1919 944 Litteras
1932 907 1999 943 Re·

1125 961 1240 1004 scripta
1248 961 1351 998 latent
1363 985 1374 1001 ,
1400 963 1639 1005 autperierunt.

1172 1010 1319 1058 Qaestio
1333 1011 1379 1044 est
1391 1034 1402 1050 ,
1429 1022 1471 1045 an
1484 1011 1541 1046 ista
1553 1012 1653 1046 sancti
1666 1009 1850 1046 Alexandri
1867 1009 1909 1045 ad
1932 1020 2005 1044 om-

1126 1068 1184 1094 nes
1202 1059 1260 1094 sub
1282 1060 1369 1095 coelo
1400 1060 1580 1105 Episcopos
1608 1071 1705 1106 atque
1733 1060 1890 1098 Ecclesias
1926 1059 2005 1103 Epi-

1124 1109 1207 1143 stola
1229 1110 1322 1143 minti
1345 1120 1414 1143 non
1436 1111 1555 1150 fuerit,
1583 1111 1642 1144 nisi
1662 1110 1733 1154 post
1761 1112 1875 1155 fugam
1896 1108 2004 1143 Arii?

1125 1160 1259 1194 Sant‘ius
1281 1157 1489 1203 Epiphanius
1512 1159 1640 1195 videtur
1655 1160 1833 1195 adfirmare.
1861 1158 1905 1193 Et
1916 1160 2005 1196 favet

1125 1221 1166 1244 ex
1190 1208 1326 1246 Urbani
1346 1209 1468 1257 Qinti
1487 1210 1570 1253 juffu
1591 1209 1774 1251 celebrata,
1801 1222 1838 1244 ac
1861 1221 1916 1253 per
1937 1209 2005 1243 Ste-

1127 1258 1275 1302 phanum
1298 1259 1464 1294 Balufium
1487 1260 1618 1305 vulgata
1640 1260 1812 1295 Vaurenfis
1831 1258 2141 1308 Synodus=·Cap.3i.-

1125 1313 1180 1342 Ex
1199 1321 1255 1352 quo
1273 1318 1331 1352 per
1343 1317 1503 1352 propriam
1524 1315 1692 1344 Civitatem
1726 1312 1760 1346 (π
1781 1309 1928 1355 Diaecefim
1943 1317 2004 1352 per·
2123 1312 2125 1315 '

1127 1361 1293 1394 Praelatum
1315 1362 1443 1402 aliquem
1465 1364 1789 1395 Excommunicationis
1804 1385 1816 1400 ,
1842 1358 2004 1403 Suspenfio-

1127 1415 1175 1443 nis
1187 1434 1198 1450 ,
1215 1412 1268 1444 vel
1275 1410 1433 1443 Interdic‘li
1442 1411 1701 1452 Sententiafuerit
1706 1411 1865 1453 publicata
1874 1434 1884 1450 ,
1901 1411 1936 1443 tir
1945 1409 2006 1442 ibi-

1125 1462 1195 1494 dem
1203 1466 1339 1503 exigente
1349 1460 1503 1494 rebellione
1516 1472 1551 1494 ac
1562 1461 1793 1494 inobedientium
1813 1462 1930 1493 duritia
1944 1467 2004 1501 per

1125 1511 1225 1543 decem
1242 1511 1308 1542 dies
1328 1509 1473 1549 exstiterit
1489 1509 1661 1552 sblemniter
1689 1511 1724 1544 Θ
1745 1508 1867 1551 publice
1896 1509 2006 1553 aggra-

1116 1555 1204 1594 'vata
1222 1583 1234 1600 ‚
1259 1561 1372 1593 licitum
1385 1558 1425 1601 βε
1447 1561 1543 1594 eidem
1561 1561 1697 1594 Praelato
1715 1558 1884 1603 hujusmiidi
1905 1559 2004 1592 audo<

1125 1616 1217 1644 ritate
1240 1611 1362 1643 concilii
1375 1633 1387 1650 ,
1411 1619 1532 1644 caeteras
1554 1609 1713 1654 Episcopos
1732 1621 1769 1644 ac
1788 1610 1937 1644 Praelator
1958 1620 2011 1643 re-

1125 1666 1265 1704 quirere,
1289 1670 1324 1695 ut
1342 1660 1439 1695 diHas
1461 1663 1653 1704 sententias,
1679 1672 1807 1704 quarum
1827 1668 1944 1695 tenores
1966 1660 2006 1694 6·

1125 1709 1231 1755 causas
1255 1713 1385 1748 declaret
1399 1718 1434 1746 in
1449 1714 1574 1756 Scriptis
1589 1737 1600 1753 ,
1625 1718 1658 1746 in
1664 1711 1730 1756 suis
1743 1711 1931 1753 Distric‘libus
1937 1708 2008 1753 ser*

1126 1771 1200 1796 vent
1210 1786 1221 1802 ,
1231 1761 1392 1803 &faciam
1402 1761 1552 1806 observari
1565 1776 1580 1806 ;
1601 1761 1931 1805 publirent,&fat‘iant
1942 1761 2008 1793 die-

1126 1811 1181 1845 bus
1202 1813 1246 1844 ad
1255 1811 1305 1845 hoc
1315 1813 1538 1856 congruentibus
1544 1813 1702 1856 publicati.
1729 1815 1777 1846 Et
1788 1811 1942 1846 &aratus
1951 1808 2008 1854 su·

1121 1869 1180 1903 per
1189 1860 1240 1895 hoc
1248 1861 1400 1904 requifieus
1409 1862 1612 1905 obtemperare
1625 1871 1772 1897 teneatur.
1791 1860 1960 1895 ·Affirmat.
1967 1860 2009 1895 δε
2125 1904 2142 1912 ⁶

1129 1911 1230 1945 sancit
1242 1912 1638 1947 Excornmunicationem
1651 1923 1720 1946 non
1734 1912 1794 1945 nist
1805 1911 1875 1954 post
1887 1910 2006 1945 decem
2098 1912 2149 1950 ,ᾖν

1128 1961 1334 1996 Rebellionis
1357 1962 1391 1996 &
1409 1962 1638 1997 Contumaciae
1654 1962 1724 1997 dies
1742 1963 1831 2006 posse
1849 1961 1938 1995 mitti
1960 1959 2013 1995 τά·

1126 2011 1204 2046 alias
1215 2011 1387 2052 Ecclefias,
1396 2022 1452 2046 aut
1461 2012 1536 2047 istic
1546 2012 1755 2057 promulgari.
1778 2010 1885 2058 Qod·
1893 2012 2007 2054 ipsum

1126 2060 1298 2096 adfirmant
1318 2062 1351 2095 δε
1367 2060 1518 2096 sanciunt
1538 2062 1572 2095 in
1595 2064 1655 2096 suae
1666 2061 1849 2096 Provinciae
1860 2060 2008 2104 Synodis

1126 2111 1240 2147 Petrus
1253 2111 1289 2145 N
1290 2110 1498 2152 arbonenfis,
1517 2112 1687 2147 Gisbertus
1699 2110 1914 2159 Arelatensis,
1925 2112 2008 2145 Ber·

1125 2162 1258 2196 trandus
1270 2160 1508 2198 Ebredunenfis
1520 2186 1531 2202 ‚
1557 2163 1592 2197 δε
1607 2161 1796 2200 Armandus
1808 2160 2005 2206 Archi-Epi-

1126 2213 1241 2256 scopus
1254 2211 1422 2255 Aquenfis.
1450 2213 1501 2246 Hi
1513 2223 1577 2247 tres
1586 2213 1679 2248 timul
1698 2214 1743 2248 ita
1764 2210 1946 2247 statuerunt
1965 2211 2006 2246 in*¹

1126 2262 1263 2306 Synodo
1276 2262 1531 2297 Avennionenfi.
1542 2263 1634 2298 Hinc
1648 2263 1799 2298 videntur
1808 2263 1949 2298 statuisse
1960 2273 2007 2297 ex·
2021 2262 2128 2299 Cap-9⁷·

1125 2313 1211 2348 avita
1221 2313 1349 2348 Gallica
1355 2325 1402 2347 nae
1412 2337 1423 2353 ‚
1448 2313 1597 2357 adeoque
1608 2314 1641 2348 δε
1651 2314 1842 2348 universalis
1853 2313 2007 2348 Ecciefiae

1126 2362 1316 2407 Disciplina.
1347 2363 1545 2407 Respondeo
1557 2365 1727 2409 antiquam
1736 2362 1886 2398 Ecclefiae
1898 2363 2004 2398 Disci-

1125 2413 1249 2457 plinam
1261 2413 1352 2447 fuiffe
1364 2437 1374 2453 ,
1397 2424 1434 2447 ut
1447 2414 1761 2449 Excommunicatio
1773 2414 1884 2448 statim·
1893 2412 2004 2447 mitte·

1124 2474 1210 2498 retur
1229 2463 1269 2498 ad
1291 2475 1407 2498 omnes
1429 2464 1584 2500 Ecclefias
1599 2490 1609 2506 ‚
1635 2464 1782 2508 adeoque
1802 2464 2000 2498 &sanetum

1125 2512 1352 2548 Alexandrum
1375 2515 1422 2548 ita
1439 2514 1559 2549 feci-ne.
1586 2515 1770 2558 Disciplina
1791 2511 1851 2548 *ista
1860 2513 1947 2548 lucet
1957 2525 2001 2547 ex

1123 2564 1243 2609 Magni
1254 2564 1365 2598 Basilii
1376 2564 1420 2599 ad
1425 2565 1592 2610 Magnum
1601 2563 1880 2604 Athanafium,de
1891 2564 2000 2597 nescio

1123 2625 1193 2657 quo
1202 2613 1386 2649 Athanasio
1397 2639 1408 2655 ,
1436 2614 1570 2649 Litteris
1583 2628 1590 2647 :
1617 2620 1750 2650 Innotuit
1762 2616 1796 2649 (tt
1807 2612 1940 2654 Ecclesia
1952 2624 2001 2645 no-
2017 2605 2120 2646 EPffl·4
2128 2617 2140 2637 ¹

1115 2664 1190 2702 strae
1212 2675 1250 2697 ex
1272 2668 1402 2698 Litteris
1424 2667 1554 2698 Pietatis
1577 2674 1638 2699 tieae
1651 2689 1661 2706 ,
1686 2674 1778 2707 atque
1795 2662 2000 2706 aversandum

1122 2715 1159 2748 (α’
1176 2715 1372 2748 execrabilem
1396 2715 1479 2748 illum
1496 2715 1724 2748 arbitrabuntur
1744 2725 1843 2747 omnes
1862 2737 1873 2754 ‚
1899 2718 1944 2745 ita
1965 2721 2002 2746 ut·

1122 2775 1173 2798 nec
1182 2769 1284 2808 Ignis,
1316 2776 1367 2798 nec
1380 2769 1472 2807 Aquae
1484 2789 1494 2805 ,
1520 2776 1572 2798 nec
1594 2765 1674 2797 Teeit
1696 2769 1922 2797 communionem
1932 2773 2000 2795 cum

1121 2815 1171 2847 illo
1172 2814 1233 2855 sint
1247 2814 1390 2847 habituri.
1419 2814 1472 2848 Ex
1483 2825 1551 2857 quo
1561 2814 1650 2848 vides
1661 2839 1671 2854 ,
1697 2813 1785 2857 quod
1798 2812 1924 2855 antiqui
1940 2811 1999 2854 Pa·-

1120 2875 1184 2898 tres
1198 2864 1589 2898 Excommunicationem
1612 2863 1811 2908 publicarint
1824 2874 1891 2896 non
1904 2862 2000 2896 dum-

1120 2924 1210 2948 taxat
1222 2926 1423 2957 peromnem
1448 2912 1707 2948 Patriarchatum
1730 2914 1893 2956 proprium
1907 2936 1917 2952 ,
1943 2911 1999 2946 sed

1121 2975 1176 3008 per
1183 2975 1307 2998 omnes.
1320 2964 1455 2997 Etenim
1463 2964 1610 3009 Magnus
1617 2962 1812 2997 Athanasius
1821 2961 1999 3007 AEgyptia-

1120 3026 1165 3049 cae
1177 3014 1365 3048 Dioeceseos
1377 3013 1562 3048 Patriarcha
1577 3037 1587 3053 ,
1598 3013 1646 3046 sui
1656 3012 1785 3046 Subditi
1798 3012 1999 3046 Excommu-

1121 3064 1321 3098 nicationern
1346 3064 1430 3097 milit
1449 3064 1548 3097 etiam
1569 3061 1610 3096 ad
1631 3063 1797 3107 Magnum
1814 3061 1998 3103 Basiliam,

1122 3112 1308 3148 Exarchum
1321 3113 1470 3147 Ponticae
1479 3113 1677 3146 Dioeceseos.
1692 3113 1736 3146 Et
1746 3111 1914 3155 hic‘ipstm
1925 3123 1999 3156 pro-

1121 3163 1280 3208 mulgavit
1292 3162 1415 3206 ubique
1429 3187 1439 3202 ‚
1464 3162 1594 3205 &jussit
1605 3161 1776 3197 observari.
1812 3162 1857 3196 Et
1871 3163 1997 3196 sanstus

1121 3214 1271 3256 Synesius
1284 3211 1503 3246 ptolomaidis
1516 3212 1697 3256 Episcopus
1706 3237 1716 3253 ,
1743 3212 1996 3255 Pentapolitane

1121 3263 1301 3300 Provinciae
1314 3262 1528 3305 Metropolita
1542 3286 1554 3301 ,
1578 3262 1620 3310 de
1632 3263 1924 3297 excommunicato
1934 3261 1952 3296 a
1963 3264 1996 3296 se

1122 3312 1318 3346 Andronico
1341 3312 1461 3354 scripsit
1473 3311 1514 3345 ad
1525 3323 1643 3346 omnes
1653 3312 1710 3346 sub
1718 3312 1805 3347 coelo
1818 3311 1989 3346 Ecclesias:

1122 3362 1167 3397 Ob
1184 3362 1246 3395 haec
1267 3362 1462 3394 ptolomaidis
1483 3360 1609 3402 Ecclefia
1628 3364 1672 3395 ad
1692 3373 1792 3396 ornnes
1814 3363 1922 3404 ubique
1932 3372 1993 3395 ter·-

1120 3424 1223 3445 rarum
1243 3414 1358 3444 Sorores
1370 3410 1449 3454 suas
1462 3410 1607 3453 Eccleſsas
1618 3437 1628 3452 ‚
1654 3412 1717 3445 haec
1727 3413 1916 3446 decernenda
1926 3422 1992 3445 cen·
2008 3434 2134 3472 Epist.58

1120 3513 1211 3547 sociis
1234 3512 1346 3546 nullum
1365 3514 1423 3547 Dei
1443 3513 1596 3556 Templum
1613 3519 1776 3555 aperiatur.
1804 3516 1908 3544 Omnis
1929 3510 1993 3541 illis

1679 3561 1716 3594 T
1924 3558 1994 3598 reli-
