2346 3776
66 1351 200 1392 Epist.97.

63 1402 125 1432 cap.
135 1403 161 1424 1.

60 2335 198 2378 Epist.78.

577 102 884 158 ScHOLUS,
910 112 989 146 ET
1013 113 1199 149 N0T1s
1224 103 1716 149 1LLUsTRA1-um.

242 181 444 230 diramenra,
468 186 522 221 sed
545 185 722 221 secundum
747 184 929 228 fimplices,
956 184 990 217 &
1017 195 1114 228 puros

242 240 278 275 N
282 241 371 274 icaeni
383 237 530 272 Concilii
542 236 698 270 terminos
710 235 882 269 voluerunt
894 233 1030 276 judicari
1044 258 1054 274 ‚
1081 234 1114 267 &

242 290 413 326 adversum
438 287 533 320 hasce
558 286 751 330 imposturas
777 283 905 318 laudata
934 282 1112 318 Chalcedo—

241 340 348 376 nensis
372 335 526 380 Synodus
551 336 585 369 in
608 335 838 370 acclamatorio
875 333 915 367 ad
940 333 1111 376 Imperato-

241 401 309 425 rem
320 387 522 421 Mattianum
549 387 694 420 sermone
715 385 901 419 constanter
920 384 1026 417 asserit
1042 394 1107 418 non

240 438 347 474 saltim
374 436 544 477 Nestorii,
571 436 625 470 sed
651 437 684 471 &
707 432 903 477 Eutyche'tis
927 444 1028 477 nugas
1049 433 1110 466 effe

239 496 387 535 patenter
407 486 576 520 damnatas
594 487 613 520 ὲ
635 487 773 520 Nicaeno
794 483 977 527 symbolo,
1003 484 1036 517 ὃς
1058 483 1111 517 de-

236 537 399 573 monstrat
424 548 466 570 ex
478 537 546 579 ejus
566 536 690 570 verbis:
718 533 875 578 Descendit
887 558 897 574 ‚
922 535 957 567 (5
971 539 1110 566 incarna-

236 586 338 627 tusest
362 586 638 621 &inhumanatm.
665 586 748 619 Hoec
773 584 818 617 ita
845 592 1107 617 commentatur:

238 638 335 680 ,Quod
342 635 493 680 descendit
505 638 624 678 quidem
636 660 646 675 ,
658 635 721 669 haec
731 634 811 667 dida
818 631 892 676 funt
904 659 913 673 ,
933 632 1110 677 spontaneae

234 686 390 730 potestatis
399 685 654 729 condescenfionem
672 682 864 727 defhrrbentia
876 708 886 724 ,
912 685 1014 716 dicens
1037 685 1108 716 verb

236 742 414 782 incarnetur
426 736 463 777 est
474 760 484 775 ‚
510 747 615 769 veram
625 730 860 778 adsu'mptlonem
875 732 976 773 nostrae
987 739 1086 765 carnis
1098 757 1108 772 ,

238 788 275 821 (9⁹
299 798 337 820 ex
363 791 484 830 Virgine
502 793 560 827 per
585 791 731 818 unitatem
757 789 933 816 nativitatis
960 781 1081 823 ostendit
1100 807 1110 822 ‚

237 834 624 878 quodvminbumanatus
646 834 685 874 est
697 858 707 874 ,
733 841 765 866 in
787 832 848 876 ipse
872 843 989 866 naturae
1009 831 1111 872 nostrae

233 887 453 928 plenitudinem
473 890 626 918 exanima
645 885 807 923 rationali,
832 885 866 916 (⁸2¹
880 891 995 925 corpore
1018 888 1111 915 mam·-

230 934 342 977 festat.
382 935 536 968 Affirmat
558 945 613 978 per
634 945 729 968 voces
755 959 765 974 ,
791 932 939 976 descendit
963 934 998 966 et
1018 939 1111 965 incar-

237 982 397 1023 natusest‚
424 983 670 1024 Novatianam,
696 985 729 1017 &
749 995 805 1028 per
832 994 951 1023 voces,
976 985 1010 1018 o·
1029 982 1111 1016 homo

230 1033 338 1076 fadus
364 1033 402 1074 est
419 1058 430 1073 ‚
458 1033 702 1077 Eutychianam
729 1032 898 1077 perfidiam
924 1033 1017 1067 fuiffe
1042 1043 1111 1076 prae·

235 1083 440 1117 damnatam.
476 1083 520 1118 Et
531 1095 637 1118 revera
653 1083 826 1117 Nicaenum
840 1083 1031 1118 Concilium
1050 1093 1110 1115 no-

236 1132 288 1167 bis
298 1134 439 1168 omnino
467 1133 651 1176 praedicavit
673 1144 729 1177 per
740 1133 978 1168 incarnationis
998 1131 1111 1174 myste-

235 1183 327 1219 rium
336 1194 404 1218 non
418 1182 520 1218 solam
530 1194 659 1218 carnem
672 1207 683 1223 ‚
708 1183 762 1218 sed
776 1182 917 1217 omnino
937 1192 1047 1217 totum
1070 1192 1111 1215 ex

236 1224 347 1267 anirss
365 1257 377 1274 ,
402 1233 436 1267 δε
460 1245 555 1267 carne
581 1232 753 1267 hominem
778 1234 872 1266 fuisse
897 1233 1110 1276 assumptum.

235 1281 332 1317 Hinc
343 1282 454 1316 addit:
480 1281 618 1316 &rhomo
631 1281 740 1323 fadus
756 1282 815 1326 est,
841 1282 954 1325 utique
976 1282 1112 1325 plenus,

235 1341 335 1376 atque
345 1332 503 1375 perfectus
514 1355 522 1364 .
549 1329 737 1374 Adsumpsit
748 1331 855 1366 nostra
868 1333 981 1365 omnia
994 1356 1005 1372 ,
1025 1331 1109 1365 dem-

235 1390 296 1432 pto
325 1390 478 1425 peccato.
506 1379 783 1416 Chalcedonensis
809 1382 935 1424 Synodi
957 1382 1115 1416 acclama-

233 1431 363 1467 tionem
374 1430 490 1475 probat
501 1432 536 1465 in
549 1431 666 1466 litteris
675 1430 716 1466 ad
726 1431 956 1476 imperatorem
966 1432 1112 1465 Leonem

234 1482 372 1517 sanstus
385 1481 456 1516 Leo
468 1480 634 1515 Pontifex.
647 1481 691 1515 Et
704 1480 863 1522 Nestorii,
873 1481 906 1514 δε
917 1479 1113 1524 Eutychetis

232 1541 378 1566 errorem
385 1541 571 1575 exponens,
589 1530 790 1565 demonstrat
800 1530 901 1572 bunc,
911 1542 952 1564 ex
963 1530 1113 1565 Valenti·

234 1592 284 1617 no
309 1591 348 1615 ac
366 1578 557 1616 Manichaeo
576 1580 809 1624 desumptum,
834 1582 869 1615 ὃς
892 1581 1112 1625 prosequitur:

235 1633 321 1674 ,ραι
329 1635 494 1673 impietatis
505 1632 661 1665 mendacta
668 1649 682 1672 =,
707 1638 847 1673 quonlam
869 1633 937 1663 olim
949 1633 1044 1664 Fides
1055 1635 1114 1662 Ca-

236 1680 347 1715 *banca
361 1680 524 1721 detestatur
536 1705 547 1721 ‚
573 1682 608 1715 Θ
626 1683 756 1714 altarum
776 1680 977 1724 adsertionum
993 1679 1115 1724 saerile-

233 1735 291 1775 gia
308 1731 496 1764 concordibus
514 1739 573 1772 per
591 1740 687 1764 totum
708 1733 853 1764 mundum
876 1731 1039 1764 Beatorum
1057 1732 1112 1763 Pa-

236 1787 321 1814 rrum
331 1779 445 1813 dudum
458 1778 532 1822 sunt
543 1782 694 1814 damnata
708 1777 895 1823 sementum
921 1792 979 1813 non
992 1780 1114 1814 dubium

236 1828 278 1869 eft
287 1840 354 1863 eam
364 1841 416 1862 nos
423 1829 693 1871 fidempraedicare
716 1839 807 1873 atque
816 1830 976 1872 defendere
989 1854 999 1870 ,
1024 1842 1114 1873 quam

231 1877 345 1923 [anah
353 1881 482 1918 synodus
496 1883 629 1913 Nieaena
648 1880 838 1922 confirmavlt
860 1882 960 1913 dicens
973 1894 984 1914 .·
1010 1881 1114 1914 Credi-

233 1936 307 1962 νοω
318 1934 352 1961 in
361 1940 452 1962 unum
463 1932 559 1962 Deum
571 1933 695 1964 Patrem
709 1935 936 1972 omnipotentem
946 1956 953 1963 .
984 1930 1114 1965 Recitat

232 1977 423 2013 universum
437 1978 632 2022 Symbolum
647 1981 681 2014 N
684 1981 820 2014 icaenum
830 2005 843 2022 ‚
868 1981 902 2014 δε
923 1979 1112 2015 concludit:

236 2028 522 2070 Tre-quaprefifflone
537 2029 808 2070 hocevidentlfflme
826 2037 990 2065 continetur
1001 2054 1012 2070 ‚
1039 2031 1118 2073 'quod

235 2082 331 2111 eriam
354 2089 408 2111 nos
432 2080 470 2113 de
492 2083 613 2113 Domini
634 2086 840 2114 incarnatione
863 2082 1031 2124 confitemur
1046 2105 1057 2121 ,
1081 2082 1116 2114 ό·

233 2128 385 2161 neamus
397 2151 408 2168 ‚
434 2134 487 2170 qui
496 2127 674 2172 adsalutem
685 2130 811 2164 humani
816 2137 939 2174 generis
953 2130 1115 2172 reforman-

233 2178 310 2210 dam
322 2200 333 2217 ,
358 2188 464 2210 veram
474 2189 592 2212 carnem
601 2180 704 2221 nfirae
707 2180 898 2228 fragilitatis
910 2192 968 2213 non
990 2182 1027 2214 de
1049 2181 1116 2213 eoelo

229 2224 332 2271 ficum
353 2228 481 2268 detulit,
502 2226 562 2271 sed
582 2235 614 2262 in
636 2239 718 2264 utero
738 2234 872 2275 Virgtms
890 2234 1002 2263 Matris
1015 2230 1116 2274 affam-

229 2275 310 2319 pfit.
337 2276 462 2312 Lucide
485 2277 635 2314 adfirmat
660 2279 726 2314 haec
752 2279 881 2314 definiri
903 2292 958 2324 per
994 2279 1113 2314 verba:

231 2324 419 2369 vesi-endis,
445 2334 622 2362 incarnatus
634 2329 694 2371 est,
721 2330 978 2372 &homofac‘lus.
1005 2330 1114 2364 Etiam

232 2376 274 2411 in
291 2376 356 2410 a-lia
379 2377 525 2420 Epistola
547 2379 658 2414 scribit
680 2379 721 2414 ad
742 2380 884 2414 eundem
901 2379 1088 2423 Principem
1103 2390 1113 2409 -·

233 2425 443 2467 Mammas
455 2433 488 2460 in
498 2429 632 2462 omnibus
656 2431 692 2463 Θ
694 2430 859 2472 probamus
889 2440 948 2462 non
957 2431 1008 2473 effe
1026 2435 1114 2462 omni-

235 2486 276 2509 m
292 2481 371 2508 inm
392 2476 556 2510 catholicos
578 2482 810 2521 computandum
823 2506 832 2520 ,
858 2486 910 2522 qui
929 2479 1114 2521 definitiones

236 2525 424 2559 Venerabilis
434 2528 453 2557 5
449 2528 536 2564 ynodr
547 2532 670 2561 Nicaeni
695 2531 747 2563 vel
755 2531 859 2562 Sana)
872 2527 1122 2571 Chalcedonenfis·

237 2573 363 2607 concilii
372 2576 489 2619 regulas
501 2587 558 2609 non
565 2576 702 2620 sequitur
715 2603 726 2619 ,
752 2581 817 2612 ciam
839 2589 1027 2621 utrorumque
1041 2577 1114 2622 san-

236 2624 287 2657 ela
295 2625 414 2671 decoeae
425 2632 464 2658 ex
475 2629 551 2659 Eva
556 2629 664 2670 ngelico
676 2652 686 2668 ,
711 2630 746 2662 ὁ*
764 2629 917 2671 Apostoltco
933 2628 972 2671 fit
988 2629 1111 2670 mamse-

231 2672 399 2714 stumfente
404 2676 542 2716 prodire,
570 2678 606 2711 Θ
614 2679 769 2720 quidquid
778 2690 835 2712 non
846 2677 884 2718 est
896 2680 932 2712 de
942 2685 1114 2722 irrigatione

233 2724 332 2766 poculi
353 2723 461 2763 Chresti
479 2750 490 2765 ,
513 2728 611 2767 poc-ull
631 2729 683 2770 effe
704 2734 837 2770 viperei.
866 2729 1000 2762 Horum
1025 2727 1110 2772 Apo-

236 2772 426 2807 stolicorum
438 2774 680 2818 Rescriprorum
693 2778 942 2813 fundamentum
954 2779 1054 2821 aperit
1076 2779 1120 2813 ins

236 2821 419 2857 Chronico*
433 2823 549 2859 Victor
558 2826 794 2862 Tunnonenfis
816 2827 1013 2872 Episcopus.
1041 2830 1110 2862 Leo

237 2871 410 2917 Augustus
430 2896 442 2913 ,
467 2874 755 2917 supplicationibus
778 2878 1018 2922 AEgyptiorum
1045 2890 1109 2925 per-

235 2932 351 2957 motus
373 2931 410 2956 ut
432 2922 583 2965 Synodus
595 2926 705 2967 fieret,
731 2939 802 2971 quae
822 2929 862 2962 de
875 2927 973 2974 gestis
983 2928 1109 2975 Synodi

235 2970 514 3007 Chalcedonensis
538 2973 694 3016 judicium
708 2978 821 3018 ferret,
849 2978 887 3011 ad
910 2979 1111 3022 cognoscen-

235 3020 526 3067 dumfingulorum
540 3023 657 3066 fidem,
686 3026 898 3061 Ecclefiarum
920 3027 1110 3062 Praesulibus

235 3072 418 3114 unicume
430 3074 580 3106 semotim
591 3075 726 3118 scripsit,
757 3077 791 3110 δε
813 3077 975 3122 &lingulis
996 3078 1110 3121 episto-

237 3120 286 3155 las
312 3132 478 3165 tamquam
490 3134 531 3155 ex
552 3135 616 3157 una
628 3126 808 3159 collatione
829 3129 990 3161 consonas
1011 3129 1105 3161 susce-

236 3170 308 3214 pit,
334 3171 448 3206 idfieri
461 3183 528 3205 non
553 3174 661 3217 posse,
688 3175 739 3208 sed
757 3177 862 3220 magis
887 3189 924 3211 ac
945 3177 1049 3221 magis
1074 3177 1106 3209 in

236 3220 296 3254 sua
306 3223 517 3265 perpetuitate
529 3223 655 3266 Synodi
678 3225 767 3268 gesta
787 3226 1028 3267 Chalcedonenfis
1048 3238 1110 3260 ma-

237 3279 324 3303 nere.
354 3272 625 3307 Dioscorierrore
636 3274 814 3318 languens,
843 3276 949 3309 Sansti
978 3277 1108 3319 Episco-

237 3318 274 3361 pi
295 3318 493 3356 suiProterii
518 3322 650 3357 barbara
671 3324 754 3358 caede
776 3326 1048 3369 sanguinolenta,
1074 3328 1107 3360 &

237 3366 570 3406 pseudopatriarchae
579 3373 753 3408 Timothei
765 3374 876 3407 AEluri
888 3376 1046 3419 contagio
1054 3377 1109 3410 soe·

237 3416 282 3450 da
298 3416 468 3462 AEgyptus
476 3421 518 3455 de
528 3422 657 3457 Nicaeni
670 3424 820 3467 Symbo'li
846 3425 1108 3467 praevaricatione

234 3467 1107 3517 constanteraccusabatchalcedonensemSynodum,

334 3517 492 3560 Diffi-’nde
503 3522 688 3565 symensi&
698 3527 831 3557 NacJJ.

1878 121 1977 162 219

1184 180 1409 226 Eutychetem
1448 181 1482 214 &
1517 182 1717 219 Dioscorum
1751 189 1911 227 clamabat
1947 193 2060 238 inique

1181 232 1356 267 damnatos
1369 254 1380 272 ,
1406 231 1566 266 intrusum
1586 232 1771 270 Proterium
1792 263 1803 278 ,
1828 243 1910 276 reste
1928 245 2058 278 ordina-

1181 293 1252 316 tum
1264 278 1489 316 Timotheum
1501 305 1512 321 ‚
1538 282 1678 329 ideoque
1687 285 1722 319 in
1735 298 1820 321 nova
1836 290 1979 332 -Synodo
2001 305 2059 336 po·

1180 332 1319 366 stulabat
1357 329 1630 368 chalcedonense
1666 335 1830 378 Judicium
1867 342 2053 375 retraetari.

1181 381 1274 416 Hinc
1299 381 1498 416 &Leonem
1509 380 1729 426 Pontificem,
1756 386 1790 422 <Sc
1815 398 1933 422 omnes
1955 391 2056 424 totius

1181 431 1349 470 Orientis,
1374 429 1466 473 cujus
1477 432 1536 466 soli
1562 432 1718 480 Episcopi
1737 437 1864 472 fuerant
1877 437 2056 473 Chalcedo.

1182 493 1246 521 ne,
1272 481 1498 515 Provinciales
1523 482 1675 524 Synodos
1700 487 1879 530 Imperator
1904 488 1975 522 Leo
2001 500 2056 532 per

1182 530 1699 574 Encyclicaslitterasconsuluit:
1728 536 1783 570 An
1808 537 2058 572 Chalcedonen-

1180 581 1218 615 fis
1244 580 1397 624 synodus
1409 580 1454 614 est
1481 583 1680 623 praevaricata
1718 585 1890 621 Nicaenum
1919 587 2057 630 Symbo-

1182 631 1269 671 lum,
1299 630 1438 674 ideoque
1464 632 1637 667 necessaria
1663 635 1740 668 effet
1766 647 1851 671 nova
1875 637 2057 681 Synodus?

1181 681 1286 715 Sansti
1299 681 1422 715 Leonis
1447 682 1595 725 rescripta
1612 682 1678 725 jam
1701 684 1902 720 audivimus.
1933 688 1975 721 Et
1986 699 2057 721 om·

1181 742 1236 764 nes
1249 731 1313 764 istae
1323 729 1547 765 provinciales
1558 733 1686 775 Synodi
1705 734 1788 769 istud
1816 737 1920 779 ipsum
1942 738 2056 771 unani÷

1181 783 1275 814 miter
1285 780 1534 824 responderunt.
1563 782 1700 817 Exstant
1712 784 1911 869 smgulzum
1927 787 2056 829 Episto-

1180 830 1216 863 1ae
1241 831 1276 863 in
1304 831 1397 865 tertia
1424 841 1512 873 parte
1537 828 1830 868 Chalcedonenfis'
1858 836 1982 878 ynodi.
2010 836 2055 869 Et

1180 878 1257 914 hinc
1269 881 1303 913 in
1315 881 1418 924 prima
1429 880 1598 915 adversum
1611 883 1672 916 suae
1702 885 1812 928 gentis
1830 896 1953 919 errores
1964 886 2055 919 Inve-

1179 929 1261 963 &iva
1272 929 1360 964 Isaac
1372 929 1605 966 Armeniorum
1620 931 1746 968 Primas
1757 934 1840 969 reste
1860 935 1971 969 scribit
1984 947 2054 969 non

1178 979 1307 1013 tantum
1327 979 1346 1012 a
1360 979 1643 1024 Chalcedonensi‚
1670 983 1724 1017 sed
1746 985 1845 1019 etiam
1872 986 1891 1018 a
1917 985 2055 1020 Nicaena

1178 1029 1314 1071 Synodo
1325 1029 1510 1072 praedicatas
1520 1031 1612 1065 fuisse
1631 1032 1712 1067 duas
1731 1034 1767 1068 in
1782 1036 1935 1069 Domino
1962 1047 2054 1069 natu-

1177 1090 1226 1112 ras
1239 1103 1246 1111 .
1274 1079 1490 1113 sanetusLeo
1501 1080 1639 1114 affirmat
1660 1083 1761 1117 etiam
1776 1084 1995 1119 Valentinum
2021 1086 2055 1120 &

1177 1127 1399 1162 Manichaeum
1414 1129 1486 1163 istic
1499 1129 1592 1163 fuiffe
1601 1129 1783 1166 damnatos.
1802 1134 1939 1168 Sanstus
1952 1133 2057 1169 Atha—

2075 913 2145 951 Cap.
2165 924 2174 942 1
2182 924 2208 943 ι.

1178 1178 1279 1212 nafius
1304 1178 1387 1213 reste
1412 1178 1500 1214 dixit
1510 1179 1688 1215 Nicaenum
1714 1181 1912 1225 Symbolum
1923 1185 1984 1218 effe
2000 1196 2055 1218 co—

1177 1228 1322 1263 lumnam
1339 1253 1350 1268 ,
1374 1229 1427 1263 cui
1456 1228 1608 1272 inscripta
1634 1230 1680 1264 est
1704 1231 1876 1267 damnatio
1901 1234 2054 1268 omnium

1176 1279 1349 1313 Haereseon
1362 1303 1374 1318 ,
1399 1280 1514 1324 utique
1533 1280 1665 1315 Divinae
1689 1280 1857 1324 Maiestati
1868 1308 1879 1324 ‚
1900 1293 1956 1324 aut
1983 1283 2055 1317 Do-

1176 1329 1303 1362 minicae
1315 1329 1555 1362 Incarnationis
1566 1329 1729 1372 Mysterio
1739 1332 1979 1368 adversantium
1994 1359 2000 1365 .

1226 1380 1328 1421 Paffus
1348 1378 1407 1419 eli,
1432 1380 1466 1412 Θ
1488 1376 1652 1421 reficrrexit
1672 1387 1765 1414 tenta
1777 1383 1847 1422 die,
1873 1382 2054 1426 &asi-endu

1175 1435 1207 1460 in
1219 1429 1313 1461 Coelos
1325 1453 1332 1459 .
1362 1427 1429 1463 Uti
1443 1440 1510 1463 non
1529 1428 1637 1463 solum
1647 1432 1845 1474 assumptum
1859 1430 2031 1466 hominem
2042 1458 2054 1474 ,

1177 1477 1229 1511 sed
1247 1478 1281 1511 δε
1302 1478 1407 1521 ipsum
1418 1477 1705 1524 Consubstaptiale
1717 1480 1793 1514 Deo
1804 1479 1894 1516 Patri
1906 1481 2055 1516 Verbum

1175 1528 1206 1561 di
1213 1527 1261 1560 xit
1269 1526 1688 1567 descendiffi,1ncarnatum
1699 1529 1733 1563 ἀ
1742 1530 1861 1565 fastum
1870 1530 2055 1572 hominem,

1177 1579 1220 1612 ita
1233 1589 1320 1611 nunc
1331 1577 1413 1611 dicit
1425 1576 1599 1612 ascendisse
1610 1578 1646 1613 in
1658 1579 1772 1614 Coelos
1785 1605 1795 1622 ‚
1821 1582 2024 1616 resurrexisse
2036 1583 2054 1615 ὲ

1176 1628 1314 1661 mortuis
1324 1652 1335 1668 ,
1354 1639 1392 1661 ac
1402 1627 1466 1661 este
1477 1627 1602 1671 passum
1614 1630 1715 1673 usque
1726 1631 1765 1663 ad
1778 1641 1920 1665 mortem
1938 1657 1945 1663 .
1969 1633 2054 1681 Qae

1175 1677 1288 1711 omnia
1300 1678 1424 1711 rursum
1437 1676 1519 1711 dicit
1538 1677 1689 1712 adversus
1699 1678 1863 1715 Ebionem
1877 1706 1887 1722 ‚
1916 1680 2055 1716 Cherin»

1150 1758 1151 1761 ,
1177 1738 1245 1761 tum
1260 1751 1271 1767 ,
1295 1726 1513 1761 Theodorum
1537 1751 1548 1768 ,
1570 1727 1781 1770 Coriarium,
1809 1730 2028 1767 Artemonem
2042 1757 2055 1772 ,

1176 1777 1316 1812 Paulum
1338 1777 1596 1812 Samosatensem
1610 1802 1621 1818 ‚
1641 1778 1846 1823 Sabellianos
1859 1805 1869 1821 ‚
1893 1783 2052 1826 quosdam

1179 1826 1320 1861 Arianos
1340 1852 1350 1868 ‚
1385 1828 1420 1861 ὅ(
1442 1829 1610 1870 praesertim
1629 1829 1798 1864 adversum
1817 1830 2023 1866 Manichoeos
2043 1857 2054 1872 ,

1177 1875 1355 1911 Gnosticos
1366 1901 1377 1917 ‚
1403 1879 1536 1911 cunctos
1556 1877 1704 1921 duplicis‘
1717 1880 1914 1914 Divinitatis
1927 1882 2054 1916 fabulo-

1178 1938 1234 1961 nes
1247 1952 1258 1968 ,
1284 1938 1424 1970 quorum
1447 1926 1548 1971 aliqui
1569 1926 1652 1962 adeo
1669 1927 1711 1962 de
1733 1929 1831 1964 Sacro
1848 1929 1967 1966 saneto
1982 1932 2054 1966 Do·

1178 1978 1307 2012 minicae
1315 1977 1433 2011 Crucis
1446 1976 1600 2012 scandalo
1610 1977 1810 2015 erubuerunt
1819 2003 1830 2022 ‚
1860 1991 1957 2026 atque
1969 1982 2053 2026 abje-

1177 2029 1224 2063 &a
1245 2035 1355 2061 mente
1377 2027 1601 2068 insanierunt,
1626 2037 1664 2062 ut
1683 2028 1831 2064 dicerent
1850 2042 1917 2065 non
1946 2032 2053 2075 ipsum

1177 2077 1363 2111 Dominum
1376 2100 1387 2117 ,
1415 2076 1468 2111 sed
1492 2088 1550 2120 pro
1563 2077 1634 2120 ipso
1645 2079 1675 2111 se
1687 2078 1920 2116 invisibiliter&
1932 2081 2054 2125 Judaeo-

1177 2138 1247 2161 rum
1267 2138 1306 2161 ac
1326 2127 1557 2164 Romanorum
1578 2126 1730 2162 Militum
1760 2130 1913 2165 manibus
1935 2131 2054 2167 subdu-

1177 2186 1304 2211 centem
1317 2201 1328 2217 ,
1345 2178 1527 2221 Symonem
1540 2178 1728 2221 cyreneum
1741 2203 1751 2220 ,
1765 2190 1823 2215 aut
1834 2182 1942 2219 nescio
1954 2194 2052 2227 quem

1176 2227 1276 2261 alium
1297 2227 1390 2262 fuisse
1400 2228 1595 2262 crucifixum
1607 2253 1614 2261 .
1642 2227 1809 2264 Adversus
1820 2230 2028 2266 Marcionem
2041 2257 2053 2273 ,

1176 2279 1231 2321 qui
1250 2277 1393 2312 Domini
1414 2289 1456 2312 ex
1478 2277 1619 2323 Virgine
1641 2289 1836 2324 conceptum
1864 2281 1899 2315 δε
1922 2282 2053 2317 Nativi-

1175 2337 1290 2367 tatem,
1304 2338 1340 2361 ut
1354 2327 1436 2362 fieda
1449 2328 1482 2361 &
1497 2328 1574 2362 Deo
1585 2328 1723 2374 indigna
1735 2331 1888 2375 contagia
1900 2356 1909 2371 ,
1918 2331 2050 2366 detesta·

1176 2376 1269 2411 batur
1279 2402 1290 2417 ,
1317 2377 1527 2421 profitebatur
1540 2378 1618 2412 vero
1629 2389 1769 2414 mortem
1783 2394 1790 2412 ε
1803 2382 1912 2415 verum
1924 2382 2049 2417 dolose.

1177 2428 1255 2461 Non
1266 2422 1359 2461 enini
1372 2428 1406 2460 in
1428 2438 1499 2461 vera
1511 2439 1607 2462 earne
1617 2453 1628 2468 ‚
1654 2429 1753 2463 sedin
1766 2442 1864 2465 vacua
1876 2430 2048 2467 dumtaxat

1176 2477 1374 2520 imaginariae
1384 2477 1500 2510 Carnis
1510 2479 1613 2521 specie
1630 2502 1641 2517 ‚
1652 2479 1701 2513 utl
1716 2480 1815 2515 nobis
1824 2481 2002 2523 ostensum,
2014 2483 2049 2517 δε

1176 2527 1345 2562 nobiscum
1358 2528 1519 2561 versatum
1533 2552 1543 2567 ‚
1568 2528 1791 2572 ita&paffutn
1818 2531 1851 2564 &
1877 2542 2048 2567 mortuum

1175 2576 1386 2620 profitebatur
1399 2603 1406 2609 .
1428 2575 1593 2612 Adversus
1615 2577 1704 2612 hunc
1723 2577 1932 2617 Marcionem
1945 2582 2049 2616 decla·
2065 2582 2138 2621 Cap·
2155 2593 2180 2619 5-

1175 2637 1240 2661 mat
1253 2628 1286 2660 in
1299 2627 1383 2660 libro
1393 2627 1435 2661 de
1446 2639 1542 2661 carne
1555 2626 1677 2661 Christi
1691 2652 1701 2668 ,
1727 2639 1825 2672 atque
1838 2631 1881 2664 ita
1894 2632 2047 2666 omnium

1174 2677 1407 2715 Gnosticorum
1431 2676 1615 2720 blasphema
1638 2680 1725 2712 sensa
1748 2680 1844 2714 nobis
1864 2682 1987 2722 aperit,
2013 2683 2048 2717 δε

1174 2727 1349 2770 apostolice
1369 2728 1485 2761 refutat
1507 2727 1762 2763 Tertullianus.-
1789 2734 1836 2762 An
1854 2732 1920 2762 ideo
1943 2733 2047 2771 Paffio-

1173 2788 1224 2810 nes
1245 2779 1266 2810 ἂ
1277 2776 1393 2817 christo
1417 2789 1474 2811 non
1487 2776 1627 2819 rescidisti
1639 2801 1648 2816 ,
1674 2784 1746 2820 quia
1757 2788 1790 2812 ut
1795 2778 1980 2823 phantasma
1990 2793 2046 2815 va·

1172 2827 1289 2860 cabatei
1303 2825 1394 2871 sensu
1405 2829 1529 2862 earum?
1555 2830 1696 2860 Diximus
1718 2838 1796 2862 retro
1807 2853 1817 2868 ,
1846 2832 1930 2872 aeque*
1939 2832 2044 2872 illum,

1171 2879 1206 2910 Θ
1228 2882 1420 2910 Nativitans
1431 2902 1441 2917 ,
1468 2879 1502 2912 ό·
1521 2875 1669 2917 infantia?
1686 2876 1875 2921 imaginariae
1893 2892 1992 2914 vacua
2000 2882 2044 2914 lu-

1172 2927 1271 2959 dibria
1287 2925 1388 2968 subire
1393 2927 1532 2970 poturffe.
1561 2928 1623 2960 Sed
1631 2928 1703 2966 jam
1721 2927 1789 2960 binc
1805 2922 1966 2974 responde,
1992 2935 2044 2963 In-

1171 2976 1306 3017 terfecqor
1327 2982 1469 3009 veritatis
1478 3001 1489 3017 ,
1515 2978 1610 3010 nonne*
1621 2978 1691 3010 ‘vert²
1701 2978 1870 3018 Crucifixus
1882 2979 1920 3020 est
1931 2983 2011 3013 Deus
2024 2982 2044 3014 ,ἢ

1171 3038 1264 3059 nonne
1288 3027 1359 3059 vere*
1379 3036 1509 3059 mortuus
1534 3050 1545 3066 ,
1571 3035 1605 3059 ut
1625 3027 1697 3059 vere*
1717 3028 1888 3070 Crucifixus
1908 3032 1921 3062 ?
1947 3039 2042 3065 nonne

1170 3078 1240 3109 vere*
1258 3074 1449 3118 resuscitatus
1460 3102 1471 3117 ,
1489 3085 1524 3109 ut
1546 3077 1618 3109 vere
1635 3074 1745 3119 ftiltcet
1765 3080 1921 3112 mortuus?
1947 3082 2040 3113 Falsa

1170 3137 1233 3169 ergo
1251 3125 1359 3165 statuit
1379 3132 1458 3159 inter
1478 3137 1530 3158 nos
1548 3124 1625 3169 scire
1648 3127 1763 3160 Paulus
1792 3130 1912 3161 tantam
1925 3128 2040 3174 Jesum

1170 3174 1370 3216 crucifixum:
1398 3178 1493 3208 Falsa
1501 3173 1651 3217 sepultum
1668 3177 1796 3220 ingeffit,
1815 3178 1900 3220 false
1921 3178 2040 3223 resusci-

1170 3235 1265 3258 tatum
1286 3227 1467 3258 inculcavit.
1496 3223 1591 3267 Falsa
1612 3225 1650 3266 est
1674 3233 1766 3270 igi-tur
1787 3227 1905 3270 &fides
1919 3229 2014 3270 nostra
2027 3244 2037 3263 .·

1169 3279 1213 3307 Et
1230 3273 1417 3317 phantasma
1438 3280 1495 3307 erit
1515 3283 1630 3316 totum,
1656 3277 1737 3319 quod
1748 3275 1906 3320 speramus
1918 3278 2036 3311 belm,

1161 3325 1226 3365 sto,
1249 3323 1430 3367 scelestzffime
1450 3323 1621 3365 bominum,
1645 3331 1697 3368 qui
1714 3329 1941 3370 Interemptores
1952 3339 2039 3362 exeu-

1163 3373 1216 3416 fizs
1239 3378 1312 3407 Dei.
1344 3374 1436 3407 Nihil
1452 3380 1530 3407 enim
1552 3375 1591 3407 ab
1614 3380 1659 3408 ets
1672 3376 1773 3418 passus
1784 3377 1822 3418 est
1834 3378 1970 3419 cbristus
1984 3402 1995 3417 ‚
2012 3376 2043 3419 fi

1168 3423 1245 3456 nihil
1254 3426 1324 3457 vere
1336 3424 1374 3465 est
1386 3424 1487 3467 paffus
1498 3448 1505 3456 .
1534 3427 1628 3458 Parce
1637 3431 1731 3459 untcae
1746 3425 1813 3470 spei
1824 3434 1915 3461 totius
1929 3427 2018 3459 Orbis
2029 3450 2037 3458 .

1169 3475 1256 3517 ‚Quid
1266 3473 1391 3516 destruis
1402 3473 1587 3518 neceffarium
1605 3476 1733 3509 dedecus
1748 3476 1845 3518 fidel?
1870 3477 2037 3519 ,Quodcum-

1587 3524 1620 3559 E
1643 3535 1664 3559 e
1710 3536 1735 3563 2
1931 3533 1989 3570 que
