2346 3776
467 191 490 255 ’ζ
522 191 709 242 certare
745 189 877 248 doo‘et
908 186 1149 255 fragilitate
1175 191 1412 260 crystallo,

467 267 529 314 Et
564 260 686 312 dum·
708 263 833 331 perit·
859 260 999 317 redire
1034 260 1184 312 nese-ia<
1204 260 1244 326 -)Ᾰ
1261 262 1460 317 constans

462 332 624 397 Longe
659 331 809 382 stetisti
845 329 873 382 a
892 328 1088 383 ²'crimine
1114 370 1130 395 ‚
1165 327 1334 396 integer
1366 336 1495 384 vitae.

542 407 595 452 In
629 418 676 453 te
711 402 836 470 quod
866 418 970 454 atro
1001 402 1135 454 d'ente
1168 403 1491 466 medicaretur,

469 476 558 527 Vix
592 470 829 524 somniaret
856 470 1042 524 'Momus
1076 489 1187 524 unus
1221 489 1299 524 aut
1334 475 1444 525 alter
1461 512 1476 537 ,

468 547 748 612 meumque,
785 549 830 594 &
865 558 1045 613 operam
1082 540 1317 613 dissipans,
1351 547 1472 594 canis
1490 545 1612 595 :ficut

466 618 562 686 Qi
598 616 662 665 n‘il
685 618 875 685 ,timenti
911 615 1065 664 stultus
1099 616 1291 665 oblatrat
1326 619 1484 665 Lunae.
1513 650 1518 657 -
1560 644 1562 647 -
1607 653 1613 663 f

538 689 651 737 Non
684 703 788 736 nare
804 690 805 693 ’
822 684 958 736 odora
974 722 988 748 ‚
1024 701 1176 736 ventre
1210 702 1292 734 noc
1326 702 1431 736 cato
1465 687 1664 757 exploras

470 756 596 827 Qid
630 761 678 809 in
711 757 870 807 culinis
905 756 1082 806 Persicis
1117 755 1260 825 dapum
1307 756 1473 818 fumet3

470 828 595 898 Qud
629 831 676 878 in
712 828 883 877 Polono
918 824 1095 876 strideat
1131 843 1236 876 veru
1270 842 1473 894 aprorum3
1512 871 1514 873 ,

470 904 592 968 Qas
628 899 881 949 Mexicanus
915 896 1095 946 instruat
1132 896 1257 946 focus
1292 916 1435 948 coenasz

468 972 580 1018 Non
614 966 862 1017 dissitamm
897 966 1052 1015 carduos
1076 968 1375 1020 Moluccarurn
1389 1004 1402 1028 ,
1502 1015 1505 1018 .

468 1036 643 1087 Sinense
678 1038 833 1087 lolium
854 1074 869 1100 ,
905 1053 982 1097 aut
1019 1036 1154 1087 Indiae
1188 1041 1304 1107 petis
1338 1038 1501 1107 lappas,

468 1106 725 1177 Similesque
761 1108 907 1158 larvas
934 1108 1183 1165 nauseantis
1217 1111 1384 1167 orexis3

469 1178 635 1228 prandes
660 1178 734 1248 fid
767 1178 868 1228 obolo
897 1205 910 1230 :
925 1214 930 1220 ι
946 1183 1094 1233 Promi
1128 1178 1294 1230 condus
1328 1177 1518 1228 escarum

470 1247 566 1317 Ipse
603 1252 831 1301 meliorum
847 1287 861 1311 ‚
896 1250 1098 1300 Ecclesiae
1131 1267 1290 1319 penum
1325 1266 1475 1299 curas.
1587 1292 1591 1295 .
2094 1296 2097 1297 γ

540 1324 645 1370 Haec
682 1322 776 1371 laus
813 1336 889 1372 tua
924 1320 986 1369 est
1019 1321 1090 1370 Vir
1122 1328 1303 1389 Magne,
1339 1338 1420 1371 nec
1454 1318 1579 1386 cupis
1613 1319 1769 1368 altram
1798 1355 1815 1381 ,
2093 1342 2100 1366 r

468 1390 555 1459 Ψὶ
590 1408 694 1439 notus
729 1390 854 1456 Astris
884 1429 898 1453 ,
932 1395 994 1438 (9
1031 1392 1101 1440 tibi
1121 1427 1135 1453 ‚
1168 1397 1229 1439 <9⁴
1262 1391 1405 1441 Scholae
1424 1428 1438 1453 ‚
1474 1395 1535 1437 <37⁴
1569 1389 1755 1458 Templo?
2091 1397 2102 1403 ”

473 1466 527 1511 In
563 1463 723 1511 mentis
758 1463 1077 1530 oculorumque
1123 1460 1257 1513 dente
1303 1468 1480 1530 jejuno,
1579 1505 1582 1508 ,
1729 1481 1738 1486 ·
1770 1466 1781 1510 ἐ

470 1535 802 1601 Nunquamque
840 1531 983 1583 saturo
998 1569 1012 1594 ‚
1048 1537 1298 1600 Antiquitatis
1332 1529 1518 1598 Abstrufiz
1533 1552 1548 1581 ε
1629 1533 1634 1537 “

469 1608 580 1650 Tota
616 1601 831 1666 helluando‚
867 1604 1127 1672 Codicemque,
1163 1602 1377 1672 Lag-efflue,
1413 1608 1473 1650 (φ

469 1671 722 1743 Praescripta
757 1676 995 1725 Canonum
1031 1693 1226 1725 memore
1262 1690 1416 1726 ventre
1452 1672 1712 1736 condendo,

469 1742 545 1792 Ad
579 1743 814 1813 Vesperam
852 1746 1000 1795 Sanffae
1034 1745 1173 1814 spolia
1208 1760 1335 1815 paras
1373 1745 1462 1794 sedi
1484 1780 1499 1805 ‚

470 1813 661 1883 Eiusque
695 1818 856 1866 Gnatis
892 1816 1020 1866 mane
1055 1815 1218 1866 dividis
1254 1815 1445 1864 Praedam
1461 1850 1476 1862 .

541 1887 611 1934 Sic
648 1885 767 1934 triste
802 1887 991 1935 Stabulis
1027 1884 1244 1934 Haeresum
1283 1888 1320 1932 L
1335 1902 1364 1933 u
1379 1901 1443 1932 Pu
1459 1902 1478 1932 s
1514 1883 1656 1942 vivis,

470 1958 727 2022 Laetumque
765 1961 904 2004 Matri
938 1955 1110 2020 Ecclaefiae
1145 1958 1333 2003 Lupus
1382 1955 1506 2003 vives
1529 1988 1543 2012 ,

465 2024 695 2092 ,Qamdifi
730 2024 935 2078 diurnam
968 2023 1158 2074 Phoebus
1214 2023 1381 2073 adferet
1417 2024 1586 2083 lucem,

468 2096 696 2162 Fratrique
733 2096 863 2145 tollet
899 2096 1095 2145 aemulam
1131 2097 1289 2143 Facem
1324 2092 1513 2143 Phoebe.

331 2164 476 2215 Pridie
511 2182 648 2215 nonas
684 2168 796 2215 Maii
832 2170 1005 2216 Sacrum
1041 2167 1265 2217 Viaticum
1291 2202 1305 2227 ‚
1341 2180 1475 2232 atque
1511 2166 1726 2212 Extremae
1761 2162 1993 2213 Unstionis
2029 2166 2107 2212 Sa·

264 2252 539 2287 eramentum
575 2236 654 2286 fibi
691 2236 975 2286 administrari
1012 2238 1153 2287 voluit
1187 2256 1199 2286 ε
1252 2236 1412 2304 quibus
1448 2233 1880 2297 summa..Religione
1915 2235 2001 2282 rite
2036 2232 2103 2282 su-

266 2307 450 2375 sceptis,
488 2307 618 2357 febris
656 2306 712 2357 de
736 2323 913 2377 repente
950 2306 1163 2368 recessit,
1201 2308 1426 2374 leviorque
1461 2304 1637 2355 morbus
1673 2302 1754 2353 effe
1789 2305 1952 2371 coepit3
1989 2301 2104 2352 adeo

260 2392 314 2426 ut
349 2382 438 2442 jam
474 2377 644 2429 Medici
680 2378 735 2431 de
771 2384 862 2444 ejus
898 2377 1034 2428 salute
1070 2377 1179 2427 bene
1217 2377 1461 2446 sperarent.
1501 2380 1606 2444 Qo
1641 2377 1826 2424 Nuncio
1862 2377 1908 2422 in
1934 2372 2103 2423 Urbem

262 2450 399 2496 etiam
437 2449 606 2516 perlato
629 2485 642 2510 ‚
690 2449 872 2498 mirifice
908 2451 1090 2498 recreati
1126 2447 1222 2503 sunt
1247 2485 1261 2509 ‚
1309 2449 1388 2515 qui
1422 2445 1480 2496 de
1515 2450 1607 2512 ejus
1652 2446 1747 2494 vita
1780 2449 1870 2511 jam
1906 2442 2108 2513 despera-⁴

264 2533 420 2568 verant
443 2555 457 2566 .
505 2521 631 2568 Brevi
668 2536 815 2569 tamen
851 2519 935 2568 hoc
972 2517 1178 2583 gaudium
1214 2519 1393 2570 evanuit
1417 2554 1431 2566 .
1479 2520 1602 2566 Nam
1648 2532 1813 2584 paucos
1865 2514 1963 2583 post
2007 2513 2103 2561 dies

266 2586 405 2637 rursus
440 2588 654 2653 aegritudo
689 2589 767 2658 ipfi
801 2587 1083 2640 vehementer
1119 2591 1333 2639 increvit.
1368 2590 1552 2637 Caeteris
1587 2589 1753 2655 quippe
1787 2584 1951 2635 morbis
1987 2600 2103 2651 aqua

265 2661 455 2709 intercus
493 2662 627 2709 etiam
663 2660 840 2711 accessit
869 2696 883 2720 ,
937 2665 980 2710 &
1016 2659 1197 2728 quidem
1232 2663 1324 2726 ejus
1360 2660 1526 2722 generis
1550 2694 1564 2719 ‚
1600 2673 1734 2724 quam
1773 2655 2103 2723 Leuchophlegss

268 2732 436 2780 mation
471 2729 600 2798 Celfirs
634 2747 769 2783 vocat
794 2769 808 2795 ‚
859 2731 946 2781 sive
981 2734 1225 2803 Hyparca,
1272 2746 1362 2801 qua
1409 2726 1557 2781 solidae
1589 2731 1785 2798 corporis
1832 2737 1994 2795 partes·
2016 2727 2103 2775 in..

268 2814 428 2865 aquam
455 2800 748 2853 resolvuntur.
1676 2819 1678 2821 ·
2050 2818 2053 2822 ’
2091 2811 2097 2823 “·

339 2873 484 2918 Nonis
501 2872 620 2936 Julii'
634 2911 649 2935 ,
682 2873 756 2923 die
782 2874 1055 2924 Vifitationis
1089 2879 1140 2922 53.
1177 2874 1340 2942 Virginis
1362 2875 1490 2922 Sacro
1514 2908 1529 2934 ,
1564 2877 1613 2919 Ρ.
1652 2876 1823 2919 Marcus
1858 2870 1908 2917 ab
1947 2870 2100 2916 Aviano

271 2957 325 2988 ex
350 2940 532 2987 Familia
568 2946 895 2994 cucullatorum
923 2981 937 3005 ‚
983 2963 1060 3012 per
1086 2946 1367 2994 Germaniam
1402 2961 1454 2991 ac
1481 2943 1677 3005 Belgium
1708 2939 1980 2992 Mirabilium
2020 2952 2101 3004 pa-

273 3025 435 3070 trator,
473 3010 556 3058 una
581 3030 679 3061 cum
704 3014 985 3064 Illustrissimo
999 3019 1159 3064 Sancstae
1182 3013 1300 3064 Sedis
1325 3012 1440 3081 apud
1463 3014 1616 3076 Belgas
1647 3011 1815 3074 [modo
1844 3010 2100 3059 Ums‘DE-

273 3097 352 3127 cus
379 3083 422 3127 δε
446 3082 561 3128 Sacri
586 3084 1176 3134 Eminentiss.Cardinalium
1200 3086 1393 3147 Collegii
1423 3085 1649 3147 Decanus]
1684 3080 1995 3137 Pro-Nuncio‚
2031 3081 2100 3123 Se-

274 3149 440 3215 bastiano
467 3155 623 3198 Antonio
648 3156 787 3199 comite
813 3160 986 3203 Tanario
1020 3158 1038 3217 (
1070 3155 1126 3204 de
1149 3173 1240 3222 quo
1273 3153 1538 3221 quandoque
1572 3152 1629 3202 ad
1651 3167 1830 3215 magnos
1860 3151 1907 3197 in
1942 3145 2101 3199 Urbe,

276 3224 406 3269 Viros
432 3237 612 3283 magnus
640 3221 814 3290 Scripfit
849 3228 987 3275 Lupus
1019 3246 1032 3275 ε
1067 3230 1194 3273 Comes
1215 3229 1411 3272 Tanarius
1447 3240 1558 3271 tanta
1594 3228 1737 3272 ‘virtute
1765 3257 1778 3281 ‚
1813 3222 2007 3287 Sapientia
2040 3221 2101 3265 (9·

278 3289 481 3339 Prudentia
494 3327 508 3351 ,
538 3310 746 3357 morumque
771 3297 939 3341 comitate
963 3302 995 3343 S
995 3295 1111 3344 anHae
1132 3300 1313 3353 Romame
1334 3293 1503 3359 Ecclefiae
1530 3293 1631 3362 apud
1652 3291 1866 3355 Nostrates
1889 3286 2100 3337 moderatur
2134 3311 2143 3328 ι

277 3363 485 3425 Negotia,
518 3377 562 3420 ut
590 3380 706 3408 omnes
728 3358 852 3429 ipfiam
875 3361 1112 3431 suspiciam,
1147 3370 1206 3413 <9⁴
1240 3364 1504 3431 admirentur)
1539 3380 1639 3413 cum
1675 3362 1758 3410 hoc
1784 3362 1964 3426 inquam
1996 3357 2100 3405 Illu-

279 3428 472 3481 strissimo
495 3432 676 3483 Comite
702 3434 830 3482 Pater
854 3438 1021 3481 Marcus
1046 3435 1102 3484 ad
1127 3436 1251 3488 illum
1274 3436 1395 3486 venit
1418 3456 1432 3494 3
1467 3436 1538 3493 cui
1573 3436 1623 3485 P.
1659 3435 1846 3485 Lurus
1879 3426 2000 3478 haud
2032 3424 2100 3474 di.

1897 3515 2031 3565 gnum
