2346 3776
270 206 444 273 ,gaudet
479 210 608 269 Roma
622 242 635 268 ,
652 205 928 262 -Muneribus
961 223 1061 258 eum
1095 205 1262 257 don-are
1294 207 1436 259 voluit
1447 224 1472 264 i·
1521 215 1586 261 At
1612 210 1991 267 'Emi-nentiffunus
2006 212 2127 269 cam

278 278 415 328 dinalis
449 278 616 333 Jacobm
654 275 946 347 Rosp‘igliofius,
982 278 1137 342 insigni
1174 276 1437 332 liberalitate
1471 279 1613 349 ipsum
1648 281 1844 353 semper-2,
1878 288 1938 340 ἀ,
1953 284 2125 354 ubique

270 347 593 421 prosequutus,
629 364 784 417 praeter
817 363 974 405 caetera
1008 350 1234 399 innumera
1267 384 1282 410 ,,
1318 351 1595 420 Principibus
1625 350 1764 417 digna
1786 355 1916 406 gdona
1937 355 2126 418 τμῆμα

268 423 371 482 stes,
405 424 451 470 &
485 422 672 484 gratias,
707 418 868 486 quibus
915 423 959 472 δι
993 420 1040 469 in
1075 423 1303 479 Romano,
1337 423 1382 475 δι
1414 424 1463 476 in
1497 425 1650 476 Patrio
1682 424 1784 476 Solo
1829 425 1969 497 ipsum
2017 445 2127 498 prae-

279 494 402 544 venit
417 527 431 551 ,
467 491 583 544 fovit
606 526 620 552 ,
655 493 700 539 &
733 493 846 557 juvit
878 510 892 549 3
927 488 1128 542 Rhedam
1163 507 1343 558 quoque
1377 489 1563 558 sejugern
1611 497 1632 556 (
1664 511 1800 563 quam
1831 498 1883 550 'in
1919 498 2079 556 Urbe„
2097 525 2127 561 f,

277 561 385 619 dum
421 561 626 622 volebat,
659 560 857 618 habebat
892 560 1085 630 bijugem
1119 567 1136 624 )
1171 562 1486 614 benevolenterv
1515 564 1871 620 accommodavit
1891 605 1927 630 ‚t
1945 573 1991 623 δι
2024 572 2130 620 Nu.

270 631 550 689 ,mismatibus
584 631 700 683 binis
734 651 787 682 ex
820 632 961 689 eleeto
994 638 1195 696 Argento
1229 630 1431 700 stipavit⁹
1468 639 1578 706 Qae
1611 637 1696 686 una
1731 636 1835 690 cum
1869 639 1958 692 illis
1978 675 1994 701 ,
2029 657 2129 709 quae

277 702 334 757 de
370 720 503 753 manu
538 701 765 754 Sanilitatis
798 709 884 751 Suae
918 705 1092 773 accepit
1126 707 1272 751 Aurea
1294 738 1308 763 ,
1357 701 1542 772 appensa
1588 706 1667 760 fibi
1703 707 1838 759 habet
1885 710 1933 763 in
1980 712 2128 763 Βονω-

269 773 413 830 „nienfi
449 775 590 829 Sancti
624 773 856 837 Augustini
891 772 1114 825 Coenobio
1148 771 1524 838 Augustiffimum,
1558 793 1611 832 ac
1645 776 1933 845 Miraculofiam
1957 769 2130 840 ‘Altaeri'i

276 850 568 894 Sacramentum
602 882 616 906 ,
650 846 698 894 in
732 862 825 911 quo
859 847 985 894 Sacra
1019 842 1175 899 Hostia
1210 845 1257 892 in
1292 845 1486 899 Carnem
1520 848 1790 917 Middelburgt’
1834 848 2126 904 Zelandorum

271 915 403 967 ,Urbe
427 952 440 978 ,
476 918 525 966 in
560 932 635 973 ore
671 916 804 982 Impii
851 912 910 962 ab
942 915 1068 962 annis
1102 914 1309 965 trecentis
1357 918 1402 965 &
1434 921 1534 968 οᾶο
1568 918 1796 970 visibiliter
1829 918 2077 973 conversa...
2106 929 2124 982 ‘‚

274 989 321 1040 ὅτ.
358 988 512 1047 Magni
545 985 663 1035 illius
697 982 850 1039 Juliam'
883 983 1099 1038 cardinalis
1133 984 1468 1053 Diplomatibus
1502 988 1759 1041 confirmata
1773 1026 1787 1052 ‚
1823 990 1882 1046 ab
1915 993 2039 1046 omni
2073 990 2126 1041 fia·

276 1053 366 1104 deli
400 1060 537 1105 Coetu
572 1058 620 1104 in
654 1055 967 1112 Miraculorum
1016 1054 1302 1111 multitudine
1348 1058 1508 1106 colitur
1554 1063 1599 1110 &
1633 1060 1840 1112 adoratur
1860 1097 1873 1110 .
1923 1059 2127 1117 Disceffit

275 1141 424 1176 autern
471 1126 615 1177 Roma
662 1124 849 1177 secundo
884 1127 988 1178 Cal.
1025 1129 1142 1194 Sept.
1178 1128 1299 1176 Anni
1335 1131 1399 1177 M.
1427 1129 1530 1177 DC.
1561 1132 1765 1186 LXXIX.
1810 1131 1999 1185 Abitum
2035 1136 2128 1198 ejus

271 1211 503 1264 quotquot
529 1198 576 1246 in
590 1196 722 1247 lUrbe
749 1196 827 1246 fibi
851 1195 1108 1252 devinxerat
1150 1199 1171 1257 (Ι
1190 1195 1446 1251 devinxerat
1468 1213 1615 1248 autem
1649 1201 1894 1267 plurimos)
1928 1200 2129 1255 dolenter

278 1266 542 1328 ferentibuS,
578 1283 770 1334 repertus
795 1266 894 1326 test,
929 1268 1009 1334 qui
1045 1265 1280 1324 abeuntem
1303 1269 1508 1329 Viatic0,
1545 1267 1617 1318 sed
1647 1270 1799 1321 *alieno
1822 1267 2025 1337 prosequi
2043 1279 2131 1324 'vo-'

277 1338 385 1386 luit.
423 1338 512 1387 Vix
547 1340 666 1388 enim
701 1336 760 1386 ab
794 1336 917 1388 Urbe
951 1336 1111 1405 pedem
1145 1339 1359 1391 extulerat
1386 1376 1400 1401 ,
1433 1356 1536 1393 cum
1571 1341 1890 1408 Scriptiuncula
1924 1338 2128 1408 quaedam

277 1409 463 1467 volitare
498 1410 638 1475 coepit
673 1407 881 1465 adversus
916 1412 975 1455 Di
1000 1412 1214 1458 errationem
1247 1414 1520 1478 Dogmaticam
1564 1410 1608 1460 de
1641 1415 1862 1460 Contritione
1893 1447 1908 1474 ,
1954 1415 2016 1461 (9³
2050 1415 2129 1461 Aa,

275 1481 421 1528 tritione
443 1514 456 1540 ,
492 1495 628 1545 quam
662 1478 876 1528 tredecim
896 1483 998 1546 ·jam
1033 1481 1208 1533 circiter
1242 1485 1397 1534 Annos
1431 1479 1560 1537 antea
1596 1479 1792 1531 ediderat
1816 1502 1829 1541 3
1867 1485 1911 1531 ὅτ,
1947 1497 2129 1549 quam-0

275 1548 527 1612 dogmatice
574 1547 840 1601 stabiliverat
889 1549 1083 1617 Epistola
1129 1551 1349 1602 Familiari
1396 1550 1454 1599 ad
1501 1558 1549 1605 P,
1586 1556 1722 1617 Noris
1768 1550 1826 1601 de
1860 1553 1947 1602 hoc
1982 1556 2127 1616 Argu*

273 1635 428 1672 mento
460 1618 617 1688 scripta
642 1656 656 1668 .
692 1621 756 1675 Ea
791 1620 899 1671 vero
933 1618 1254 1689 scriptitatione
1287 1638 1378 1673 non
1412 1620 1550 1674 solum
1584 1618 1760 1672 Author
1795 1622 2017 1679 crambem
2051 1620 2127 1671 [κι-

275 1691 333 1762 pe
367 1695 580 1740 rec06tam
630 1690 882 1741 Lastoribus
916 1693 1074 1747 iterum
1112 1693 1271 1755 ingerit
1301 1729 1315 1754 ,
1353 1689 1436 1747 sed.
1473 1695 1610 1749 etiam
1643 1695 1802 1744 Virum
1835 1692 1996 1744 sincere
2033 1696 2124 1743 Οτι,

277 1760 520 1811 thodoxum
534 1798 548 1821 ,
581 1763 662 1828 qui
697 1777 769 1811 tot
802 1761 996 1811 infractis
1030 1761 1339 1818 Voluminibus
1375 1762 1582 1813 adversus
1617 1766 1873 1818 Novatores
1896 1800 1921 1824 „
1954 1767 2005 1812 1&
2037 1765 2126 1811 Eo,

275 1833 411 1886 clefiae
446 1833 648 1882 inimicos
682 1832 831 1900 passim
866 1831 1049 1894 insurgit
1074 1869 1088 1893 ,
1135 1836 1185 1881 δε
1212 1830 1386 1894 affurgit
1420 1868 1435 1892 ,
1480 1834 1726 1887 Lutherana
1760 1832 1944 1896 fuligine
1979 1840 2126 1886 tentat

275 1902 525 1970 adspergere
550 1937 564 1949 .
611 1904 773 1952 Gravis
808 1903 898 1950 haec
944 1899 1152 1953 audentia
1196 1900 1408 1957 Cordatis
1445 1901 1698 1957 hominibus
1733 1905 1927 1965 graviter
1961 1901 2123 1956 stoma«

277 1975 410 2023 chum
447 1974 615 2030 movit,
649 1971 942 2028 recolentibus
969 2007 982 2032 ,
1018 1987 1172 2038 praeter
1205 1973 1292 2026 alia
1326 1971 1574 2027 biennalem
1602 2008 1615 2031 ‚
1663 1976 1707 2026 δε
1743 1973 1857 2027 ultra
1890 1975 1940 2020 P.
1975 1975 2123 2027 -Lurr

274 2047 324 2095 in
359 2042 481 2092 Urbe
516 2043 759 2091 Stationem
786 2063 800 2101 3
836 2059 917 2090 nec
951 2039 1196 2108 quidquam
1230 2041 1498 2109 repositum:
1536 2043 1663 2091 Tunc
1698 2042 1806 2095 vero
1841 2058 2033 2111 repertus
2068 2041 2124 2093 fit

275 2115 355 2181 qui
391 2116 438 2161 in
472 2110 704 2165 abeuntem
740 2112 1023 2161 inclementer
1057 2110 1299 2176 oblatraret
1333 2148 1347 2164 .
1394 2116 1552 2179 Itaque
1598 2128 1709 2163 unus
1753 2130 1807 2167 ex
1842 2112 2122 2170 interioribm

277 2189 419 2240 Lem
453 2183 624 2231 Amicis
648 2220 662 2243 ,
706 2184 770 2232 rei
805 2181 1068 2246 indignitate
1104 2196 1329 2249 permotus
1351 2218 1365 2243 ,
1401 2182 1518 2250 apud
1554 2181 1776 2250 supremos
1827 2187 1963 2238 Sacrae
1997 2182 2123 2238 Fidei

278 2254 538 2325 Qaesitores
573 2254 820 2302 Authorem
852 2251 1039 2315 detulit,
1074 2253 1195 2302 velut
1232 2269 1354 2307 reum
1389 2252 1560 2308 infracti
1595 2256 1756 2303 Statuti
1792 2252 2009 2308 Alexandri
2031 2253 2119 2307 Vll,

281 2344 374 2393 quo
407 2338 587 2376 cautum
622 2323 683 2379 est
711 2361 726 2385 ,
761 2341 817 2373 ne
851 2326 952 2391 quis
986 2323 1190 2391 deinceps
1215 2360 1229 2384 ,
1263 2322 1318 2373 de
1353 2323 1438 2372 hoc
1473 2329 1750 2387 Argumento
1786 2323 1974 2374 scribens
1998 2360 2012 2385 ,
2045 2322 2125 2373 ad.-

276 2394 444 2445 versam
478 2397 772 2455 Sententiam,
806 2409 882 2443 aut
916 2396 1070 2446 erroris
1107 2393 1325 2448 insimulet
1340 2431 1354 2455 ,
1390 2409 1467 2443 aut
1503 2393 1743 2447 maledietis
1780 2393 1981 2449 inceffat.
2017 2397 2124 2444 Ρη).

277 2465 390 2522 feeit>
425 2463 618 2516 audaciae
653 2463 733 2513 suae
769 2467 944 2519 meritas
980 2480 1131 2532 poenas
1167 2465 1242 2516 ille
1276 2462 1455 2516 dedisset
1479 2500 1493 2524 ,
1547 2464 1625 2513 nifi
1661 2467 1875 2517 accuratis
1921 2464 2124 2534 precibus

276 2539 520 2606 proteciffls,
557 2532 887 2588 damnationem
921 2550 1015 2584 arte
1050 2534 1241 2584 mirabili
1276 2545 1535 2604 praeverte're
1569 2533 1808 2599 sategisset.

349 2608 473 2655 Dum
508 2608 600 2656 haec
634 2608 786 2660 Romae
820 2620 1053 2667 geruntur,
1088 2608 1138 2653 P.
1174 2609 1362 2660 Lupus
1398 2624 1499 2655 cum
1534 2607 1714 2659 Eximio
1747 2605 1963 2669 Magistro
1991 2606 2124 2654 Fran-

280 2676 374 2743 cisto
409 2695 492 2724 van
526 2676 666 2737 Viane,
702 2693 778 2743 per
812 2674 1094 2725 Tridentinas
1130 2677 1265 2745 Alpes
1296 2711 1310 2736 ,
1345 2679 1389 2725 δε
1423 2678 1643 2726 Noricum
1677 2675 1850 2731 emenso
1883 2678 2041 2730 itinere
2076 2677 2125 2730 in

281 2749 476 2810 Belgium
511 2745 649 2815 sospes
684 2745 726 2796 se
762 2747 994 2807 retulerat,
1029 2744 1160 2801 effusa
1185 2745 1348 2813 ubique
1375 2747 1669 2810 gratulatione
1703 2762 1908 2815 exceptus
1931 2783 1946 2808 ,
1980 2750 2124 2795 Lava·

277 2824 336 2867 ⁴nii
383 2816 612 2883 praesertim
642 2854 655 2878 ,
691 2815 954 2867 difficillimo
990 2818 1193 2881 Negotio
1237 2815 1323 2866 fine
1376 2832 1541 2886 vpraeter
1574 2815 1693 2885 spem
1729 2817 1916 2871 feliciter
1952 2815 2124 2885 imposu-

277 2902 337 2938 'to
354 2922 366 2933 .
402 2887 502 2935 Post
534 2888 683 2937 breve'
703 2903 879 2955 tempus
892 2924 905 2948 ,
940 2885 1061 2956 quod
1095 2886 1153 2937 ad
1188 2888 1385 2953 requiem
1420 2904 1611 2956 coeperat
1625 2924 1650 2948 „
1686 2890 1904 2938 Sarcinam
1938 2889 2124 2951 Belgicae

278 2957 528 3010 -Provinciae
552 2993 564 3016 ,
597 2975 731 3023 quam
766 2960 931 3012 invitus
967 2956 1142 3020 regebat
1169 2994 1183 3019 ,
1233 2956 1451 3025 deponere
1487 2957 1708 3026 cupidus,
1757 2977 1850 3026 quo
1882 2959 2008 3013 alteri
2043 2973 2123 3019 gu÷

288 3026 520 3078 ber-nacula
553 3030 769 3077 remittere
804 3026 966 3095 poffet,
1000 3032 1174 3076 Lovanii
1205 3027 1369 3078 indixit
1404 3031 1602 3084 Comitia
1633 3065 1647 3082 ,
1682 3032 1871 3093 Cogitur
1902 3027 2125 3076 interim...

290 3114 402 3145 onus
430 3133 443 3156 ‚
478 3112 570 3162 quo
604 3098 876 3162 premebatur
898 3135 911 3160 ,
961 3100 1182 3166 paululum
1218 3096 1360 3148 adhuc
1397 3097 1597 3152 sustinere
1622 3119 1635 3158 3
1687 3104 1780 3158 Rex
1813 3099 1976 3149 etenim
2010 3093 2125 3144 Chri,

294 3163 533 3230 stianiffimus
567 3181 767 3215 vetuerat
791 3203 803 3225 ,
838 3187 893 3218 ne
927 3173 1090 3228 Patres,
1110 3168 1318 3232 degentes
1352 3171 1407 3219 iis
1441 3171 1488 3218 in
1523 3168 1757 3220 Coenobiis
1776 3205 1792 3229 ,
1839 3170 1920 3234 qui
1955 3169 2002 3215 in
2037 3166 2126 3215 illis

291 3235 559 3299 Regionibus
593 3234 715 3295 sunt,
753 3254 861 3303 quas
896 3238 984 3306 ipse
1019 3257 1154 3307 nuper
1188 3242 1321 3288 armis
1355 3239 1435 3288 fibi
1469 3239 1796 3299 vindicaverat,
1831 3237 1889 3287 ad
1923 3237 2123 3289 Comitia

286 3305 454 3360 indicta
483 3304 738 3354 accederent
761 3342 774 3354 .
812 3310 1109 3374 Qamobrem
1144 3308 1247 3357 Sedis
1280 3309 1495 3378 Apostolicae
1530 3310 1737 3361 facultate
1770 3325 1882 3375 opus
1915 3307 2040 3375 suit,
2073 3321 2126 3355 ut

285 3393 392 3427 *cum
427 3374 652 3424 iissolum
687 3375 916 3436 Patribus,
952 3383 1030 3444 qui
1064 3379 1140 3431 sub
1175 3382 1365 3447 Imperio
1400 3379 1686 3431 remanserant
1719 3378 1957 3445 Hispanico
1983 3413 1996 3438 ,
2031 3381 2124 3426 Co„

295 3448 421 3499 mitia
457 3444 547 3520 ipsa
581 3445 664 3502 ‚rite
699 3445 1016 3503 celebrarentur
1040 3486 1053 3498 .
1100 3448 1324 3506 Abdicato
1358 3449 1533 3505 demum
1571 3448 1826 3513 Magistratu
1860 3448 1973 3498 nihil
2007 3449 2123 3513 antiff

1922 3535 2054 3587 ,quius
