2346 3776
196 288 331 362 gnum
364 283 409 340 se
441 280 524 341 effe
554 280 696 342 dixit,
731 282 852 344 eujus
877 275 1008 334 causa
1034 288 1315 343 patrarentur
1339 271 1583 333 Miratula,
1616 270 1661 328 se
1689 271 1895 330 miserum
1928 279 2039 334 Pecs

194 367 389 414 “torem
424 356 489 413 nil
522 351 642 403 aliud
677 354 724 409 in
758 351 878 405 votis
912 346 1098 411 habere,
1132 342 1269 412 quarn
1303 357 1354 394 ut
1387 347 1478 415 ejus
1501 342 1818 402 benedifflone'
1832 347 2043 413 Spiritum

193 433 243 481 in
274 443 430 477 manus
463 429 618 473 Domini
640 419 736 488 jefiae
770 416 1063 478 transmittere
1100 412 1238 483 posset
1262 451 1276 462 .
1324 412 1425 484 Ipso
1458 430 1607 472 autem
1632 413 1716 468 *die
1747 432 1846 482 quo
1878 431 2044 472 morta-⁴„

193 502 369 556 litatem
404 498 551 557 exuit,
584 494 778 551 monitus
814 488 843 549 ὲ
878 487 1054 548 Medico
1088 484 1330 554 supremam
1353 485 1434 543 ¹ssli
1459 485 1617 542 h'oram
1640 488 1892 553 imminerit?
1930 491 2041 542 Laus

193 576 273 620 Deo
303 566 488 618 infracto
511 566 662 617 animo
693 558 943 629 respondit.
978 561 1183 624 Cumque
1208 554 1434 615 Medicum
1458 554 1547 623 ipse
1576 555 1878 621 interrogasset
1902 574 2044 625 quana

192 656 289 695 tum
326 639 535 707 temporis
569 637 674 685 vitae
707 632 787 683 fibi
822 630 966 681 adhuc
999 625 1252 697 superesset,
1287 631 1333 677 δε
1367 626 1442 685 ille
1478 624 1759 693 respondisset
1789 628 1905 687 ultra
1933 627 2044 681 duo*

192 708 410 764 decimam
444 704 727 763 meridianam
762 719 851 761 non
885 698 967 751 effe
1012 697 1347 767 super-viciturum
1370 727 1405 759 ,-
1431 699 1618 756 iterum:
1650 701 1783 747 Laus.
1803 704 1884 746 Deo
1920 700 2046 750 laetus

192 780 480 831 exclamavit.
517 774 884 826 Coenobiarcham
918 770 1111 831 accersiri
1146 771 1304 837 petiit,
1339 785 1472 836 quem
1509 784 1559 828 ut
1595 767 1756 826 veniffe
1783 768 1906 820 xidie
1936 806 1952 831 ‚
1986 768 2047 828 ad

193 867 298 907 eum
333 846 592 903 conversus:
631 850 728 908 Ego
746 881 759 905 ,
793 844 941 911 inquit
965 879 979 903 ‚
1014 844 1126 901 Rev.
1163 843 1212 897 P,
1250 837 1405 898 contra
1437 846 1566 897 Deum
1591 876 1606 900 ‚
1640 843 1964 891 Q-viproximum
1994 843 2047 908 ‚in
2123 861 2133 867 ⁸

192 921 343 973 multis
378 937 448 968 me
482 914 706 986 deliquisse
740 913 859 964 certe
895 913 1007 974 sci0,
1043 911 1178 969 homo
1211 911 1329 967 enim
1365 909 1483 972 sum,
1519 914 1564 960 ὅτ.
1598 911 1727 968 vitiis
1753 912 2048 966 mortalitatis

192 1007 474 1058 nequaquam
510 1003 690 1056 expers:
728 985 921 1035 Proinde
952 979 1171 1050 quidquid
1205 982 1414 1048 peccavi,
1452 980 1541 1038 five
1576 983 1633 1039 in]
1660 981 1854 1049 testive
1877 985 1941 1040 ,in
1972 987 2048 1033 So„

191 1060 313 1111 dales
360 1078 482 1113 meos
515 1094 530 1120 ,
577 1076 656 1127 per
690 1055 868 1115 Viscera
916 1050 1081 1105 Christi
1116 1052 1306 1109 Domini
1346 1053 1483 1112 *etiarn
1518 1085 1542 1112 ,v
1581 1066 1721 1118 atque
1740 1054 1901 1102 uetiam
1941 1056 2049 1103 :Vos

191 1147 429 1183 omnesut
464 1129 703 1183 dimittatis
738 1145 872 1191 rogo.
907 1129 1145 1174 Praeterea:
1184 1124 1227 1180 Si
1261 1120 1375 1189 quid
1401 1119 1675 1181 alienuma
1692 1121 1930 1172 Clnritate
1951 1126 2049 1175 mi.

192 1203 243 1254 hi
277 1201 333 1250 de
366 1201 602 1258 Charitate
636 1197 840 1255 scribenti
877 1192 991 1247 forte
1023 1190 1187 1252 excidit
1222 1191 1281 1254 ab
1317 1194 1372 1242 iis
1392 1216 1419 1256 ε,
1443 1235 1447 1238 .
1470 1195 1551 1261 qui
1589 1190 2047 1257 se?›laes082ssbgitm3

194 1275 370 1327 veniam
403 1269 637 1337 deprecor.
674 1268 883 1334 Denique
917 1261 1027 1322 illud
1060 1262 1137 1313 abs
1173 1278 1219 1322 te
1252 1278 1386 1332 peto3,
1416 1267 1551 1323 Bauer
1563 1262 1894 1333 Amamiii‘une,
1915 1269 2050 1315 ³nem÷

195 1341 279 1410 pe,
314 1339 394 1394 ubi
428 1338 454 1395 ὲ
490 1338 666 1388 mortali
702 1336 784 1387 isto
818 1353 986 1387 carcere
1009 1333 1227 1393 exsolutus
1262 1333 1409 1395 firero,
1445 1350 1495 1394 ut
1519 1336 1811 1387 Mortalitatis
1834 1337 1921 1393 hoc
1946 1354 2050 1385 exu-

192 1413 317 1464 vium
352 1408 520 1478 sepeliri
557 1407 692 1458 facias
728 1409 843 1465 inter
875 1409 1038 1456 Fratres
1072 1409 1213 1462 Laicos
1234 1442 1249 1472 ,
1285 1422 1476 1473 quorum
1509 1407 1679 1455 meritis
1728 1408 1898 1456 Divina
1943 1408 2051 1455 Cle-

194 1483 364 1537 mentia
399 1497 470 1537 me
505 1477 735 1542 indignum
769 1477 973 1542 dignetur
1005 1474 1267 1541 adjungere,
1303 1477 1400 1524 Hac
1436 1478 1637 1527 oratione
1673 1475 1824 1525 habita
1846 1514 1859 1539 ,
1899 1479 2051 1526 miram

196 1567 295 1606 tum
329 1551 453 1606 vocis
474 1586 487 1611 ,
523 1566 618 1599 turn
655 1548 800 1607 vultus
836 1547 1078 1607 constantia
1113 1545 1260 1597 solitas
1296 1547 1497 1596 Ecclefiae
1533 1549 1812 1615 precationes
1839 1584 1853 1608 ,
1888 1548 2050 1616 quibus

193 1624 444 1680 exeuntium
479 1613 649 1677 Animae
683 1620 887 1685 juvantur
920 1657 934 1681 ,
971 1620 1146 1669 recitari
1183 1633 1331 1667 coram
1369 1616 1410 1666 se
1446 1618 1711 1686 postulavit:
1750 1616 1894 1686 Iisque
1929 1618 2052 1668 abso-

195 1693 331 1754 lutis,
367 1709 460 1760 quo
495 1689 606 1747 solus
643 1694 864 1741 Sacrarum
900 1693 1219 1758 Scripturarum
1256 1687 1576 1751 meditationi,
1613 1686 1828 1757 paulisper
1862 1706 2054 1746 vacare„

195 1761 363 1831 posset,
399 1777 449 1824 ut
485 1761 510 1819 ὲ
546 1760 769 1818 Cubiculo
802 1778 953 1812 omnes
989 1758 1320 1823 egrederentur,
1357 1762 1530 1824 rogavit
1551 1772 1666 1818 {faeT
1689 1760 1823 1828 paulp
1839 1772 1844 1781 ’
1857 1760 1954 1828 post
1987 1777 2055 1811 re*-

198 1832 328 1883 verfis
343 1831 568 1891 PatribuS,
603 1847 746 1898 quota
779 1833 889 1880 hora
923 1829 1024 1880 effet
1060 1829 1117 1880 ab
1153 1833 1216 1880 eis
1253 1831 1478 1897 quaesivit,
1516 1835 1560 1882 &
1595 1825 1959 1898 respondentibus
1984 1851 2055 1879 un-

198 1901 340 1949 decima
366 1936 380 1963 ,
414 1899 586 1948 rursus:
625 1904 736 1952 Laus
770 1907 850 1948 Deo
874 1937 889 1960 ‚
924 1900 1073 1968 inquit
1101 1935 1114 1948 .
1152 1906 1260 1949 Mox
1295 1900 1363 1950 ad,
1388 1900 1580 1949 medium
1617 1900 1751 1950 ferme
1787 1899 2058 1951 duodecimae

199 1986 386 2021 mortem
420 1974 508 2036 jam
544 1968 622 2018 fibi
659 1969 814 2019 instare
851 1969 1003 2028 dixit3
1052 1974 1256 2036 Cumque
1290 1969 1315 2018 ὲ
1353 1972 1589 2036 campanili
1643 1971 1808 2034 fignum
1845 1972 2059 2021 salutarim.

199 2047 256 2090 nis
271 2040 456 2109 Angelicae
489 2039 544 2089 de
567 2057 688 2089 more
723 2038 924 2101 daretur,
959 2055 1098 2105 eaque
1133 2037 1159 2095 a
1197 2039 1574 2089 circumstantibus
1594 2052 1677 2097 ter
1711 2042 1897 2090 recitata
1931 2040 2058 2104 esset,

201 2113 319 2162 clara
355 2109 445 2179 ipse
480 2128 591 2160 voce
628 2116 749 2159 Amen
776 2147 789 2171 ,
826 2108 882 2165 ad
917 2110 1082 2173 fingula
1119 2107 1341 2177 respondit
1378 2147 1391 2171 ,
1428 2126 1564 2179 atque
1600 2112 1647 2160 in
1684 2113 1738 2160 iis
1772 2111 2059 2180 placidiffime

199 2180 366 2232 efflavit
400 2183 608 2230 Animam
648 2218 661 2230 .
711 2179 901 2231 Ablatus
951 2181 1013 2229 est
1063 2197 1225 2244 magno
1264 2186 1496 2238 Bonorum
1543 2184 1743 2260 omniuffi
1775 2183 1897 2243 luctu
1926 2221 1940 2246 ,
1975 2202 2058 2233 nec

199 2250 431 2320 quisquam
454 2250 617 2301 ,audita
651 2256 743 2317 ejus
780 2267 949 2313 morte,
984 2252 1264 2308 autlaetatus
1299 2252 1360 2301 est
1383 2289 1397 2314 ,
1434 2268 1510 2305 aut
1538 2254 1720 2303 ‚laetari-’2
1745 2250 1859 2310 vistis
1884 2290 1896 2301 .
1947 2256 2058 2305 Sane

201 2340 302 2372 curn
338 2321 394 2372 de
431 2327 522 2388 ejus
556 2321 683 2371 obitu
718 2325 946 2376 Nuncium
983 2325 1029 2370 in
1066 2322 1233 2372 Urbem
1269 2325 1394 2372 venit
1420 2360 1434 2383 ‚
1482 2319 1751 2391 quicumque
1806 2325 1930 2372 illum
1977 2343 2057 2375 no-

202 2408 356 2444 verant
392 2429 405 2453 ,
453 2410 533 2464 pro
568 2410 629 2453 eo>
657 2410 709 2445 ac
743 2393 984 2443 debuerunt
1007 2428 1022 2454 ,
1056 2391 1299 2448 doluerunt
1334 2430 1348 2442 .
1401 2395 1529 2461 Qin
1570 2393 1831 2463 etiam-spse
1877 2400 2055 2444 Summus

204 2463 383 2528 Pontifex
417 2479 566 2531 expers
602 2481 692 2514 non
729 2464 812 2516 fuit
848 2467 1042 2514 maeroris
1070 2500 1083 2520 .,
1112 2465 1212 2518 „Ubi
1247 2465 1366 2520 enim
1404 2464 1528 2526 illum
1564 2464 1777 2522 decessisse
1813 2467 2057 2527 intellexit,

206 2533 416 2589 Jatffuram
452 2538 490 2580 in
525 2555 562 2581 eo
592 2532 875 2601 gravffmam
923 2533 950 2582 d
987 2533 1076 2589 Sede
1112 2533 1322 2603 Apostolica
1344 2534 1507 2601 fizffam
1538 2533 1715 2605 prffeffias
1749 2537 1804 2584 est
1829 2572 1841 2598 ,
1879 2534 1928 2602 fi
1963 2536 2056 2584 verb

202 2603 412 2673 plurimam
447 2602 562 2652 dolere
598 2599 738 2666 dixit,
772 2603 869 2671 qubd
903 2620 1020 2660 mortes
1049 2621 1287 2674 praeventum
1322 2605 1441 2659 debito
1476 2604 1603 2656 honore
1633 2608 1707 2675 fibi
1728 2609 1918 2663 ¹exorflare
1953 2627 2055 2654 notu

207 2670 354 2737 licuiffit
381 2695 393 2724 ε
430 2678 495 2723 Ex
529 2692 622 2742 quo
643 2711 658 2736 ,
692 2674 876 2743 aliisque
910 2693 1002 2731 non
1037 2674 1228 2727 obscuris
1264 2679 1549 2744 Argumentis
1589 2691 1602 2738 ,
1650 2677 1706 2728 ab
1743 2676 1836 2746 ipso
1873 2676 2055 2726 Pontifi-

209 2762 259 2792 ce
295 2747 530 2812 Purpuram
567 2748 678 2795 Viro
715 2745 962 2800 Clarissimo
996 2746 1254 2796 destinatam
1292 2746 1409 2796 fama
1444 2748 1693 2816 percrebuit
1725 2786 1738 2798 .
1775 2753 1833 2796 Et
1870 2746 2054 2813 quidem

210 2831 298 2864 non
335 2814 467 2864 modo
503 2814 700 2881 Elebejos
734 2818 932 2867 homines
958 2854 973 2879 ,
1007 2820 1086 2886 qui
1121 2816 1389 2867 rumusculis:
1410 2820 1664 2887 plerumque
1701 2819 1942 2878 ducuntur,
1980 2817 2054 2869 sed

209 2887 346 2934 etiam
383 2885 497 2951 apud
532 2890 771 2940 Summates
806 2891 937 2939 Viros
963 2925 977 2950 ,
1025 2889 1187 2958 quibus
1222 2888 1419 2939 Studium
1456 2889 1522 2940 est
1552 2895 1769 2957 Principum
1815 2889 2050 2951 cogitatio-

209 2973 285 3004 nes
322 2971 461 3003 acnus
494 2974 672 3012 rimari,

281 3023 416 3095 Qod
443 3026 484 3076 .s1
519 3027 717 3083 habitum
751 3047 948 3099 quoque.
964 3035 1065 3097 ejus.
1090 3067 1105 3093 ,
1153 3034 1233 3098 qui
1264 3036 1360 3082 non
1395 3032 1597 3082 viderunt
1621 3067 1635 3091 ,
1668 3029 1840 3081 noscere
1876 3031 2048 3082 velint:

209 3100 382 3146 Statura
418 3095 501 3145 fuit
516 3134 529 3157 ,
564 3115 659 3164 quae
692 3100 846 3165 justam
879 3119 970 3152 non
1002 3101 1243 3155 excedebat
1267 3104 1483 3153 :colore
1518 3100 1706 3152 candido
1730 3138 1743 3161 ,
1778 3101 1935 3151 rubore
1971 3102 2049 3152 de-

209 3183 358 3217 center
395 3165 595 3222 admixto
619 3205 632 3230 ,
682 3176 929 3239 exporreQa
965 3172 1107 3224 fronte
1132 3211 1145 3234 ,
1193 3175 1333 3224 oculis
1368 3167 1496 3229 caefiis
1519 3210 1533 3233 ,
1579 3187 1628 3221 ut
1664 3173 1861 3242 plerique
1896 3174 2050 3238 Belga-

209 3255 313 3291 rum·
331 3273 346 3298 ,
382 3255 455 3287 ore
491 3254 583 3292 tam
621 3242 893 3303 verecundo,
929 3258 980 3293 ut
1014 3243 1286 3299 modestiam
1304 3242 1485 3317 prorsus
1507 3241 1712 3311 spiraret.
1749 3242 2048 3298 valetudine„

209 3307 269 3359 ad
303 3307 511 3358 senectam
548 3308 644 3360 usus
680 3310 742 3359 est
776 3311 974 3380 prospera
997 3350 1012 3374 ,
1047 3332 1181 3381 quam
1218 3317 1366 3363 tamen
1389 3311 1563 3369 assiduo
1611 3312 1859 3363 Studiorum
1897 3314 2049 3364 labore

211 3378 400 3431 multum
435 3379 612 3445 infregit
641 3418 654 3430 .
690 3384 816 3436 Vixit
852 3399 987 3435 annos
1023 3383 1242 3449 sexaginta
1272 3383 1435 3447 ⁴novem
1460 3421 1473 3433 .
1524 3383 1717 3439 Decesfit
1754 3383 1874 3435 sexto
1908 3402 2048 3434 nonas

204 3448 318 3512 Julii
352 3466 467 3499 anno
502 3451 597 3518 post
632 3451 855 3502 Christum
903 3470 1055 3504 natum
1093 3462 1156 3505 M.
1194 3449 1296 3504 DC.
1351 3458 1554 3507 LXXXI.
1605 3460 1837 3505 Innumera
1885 3472 2048 3523 poene-⁴

214 3514 379 3589 scripsit
407 3555 423 3587 ,
459 3521 630 3571 erudito
666 3526 804 3588 magis
840 3562 853 3586 ,
900 3523 1035 3595 quam
1072 3540 1254 3598 compto
1287 3527 1497 3576 orationis
1534 3526 1649 3594 stylo
1695 3562 1709 3574 .
1758 3529 1825 3574 Ex
1862 3528 1915 3572 iis
1951 3541 2048 3590 quae

273 3596 281 3621 ‘
352 3592 379 3638 ἶ
1857 3611 1979 3645 com-
