2346 3776
42 2567 104 2600 Lib.
134 2576 161 2605 3.

41 2617 164 2647 cap-215.

39 3028 102 3069 Cap
107 3050 114 3058 .
120 3033 160 3059 16.

623 84 1070 136 D1ssssnTAT1o
1119 76 1538 131 PRooemAm-s.

172 179 210 210 tii
221 177 374 209 Terrorem
385 169 589 217 depraedicant
602 189 614 205 ‚
639 165 712 198 adeo
722 173 756 197 ut
775 168 827 206 qui
845 163 892 196 ad
896 172 944 195 eos
954 167 1051 206 ingre-

171 227 296 260 diuntur
305 249 316 266 ‚
335 219 592 265 praefimulatione
603 216 638 249 ὢ·
648 215 702 247 illa
713 212 918 255 Praefidiorum
927 210 1050 253 jacqua-

171 281 219 310 tia
230 287 286 308 non
297 274 424 312 videant
433 266 730 311 Ariifirdulentiam.
758 264 805 303 Et¹
813 264 850 298 in
860 263 965 307 prima
977 262 1050 297 Dis-

173 325 344 369 putatione
361 334 368 353 ι
403 316 658 362 Nesustinueritis
669 326 717 348 eos
734 337 746 354 ,
771 319 823 356 qui
833 315 935 346 contra
949 312 983 347 N
986 313 1052 347 icae-

173 385 253 412 nam
263 372 359 412 fidem
369 374 458 403 novis
468 367 557 401 rebus
561 365 684 406 student
691 390 702 407 ,
727 362 844 406 etiamsi
849 362 1000 396 Dilliones
1012 375 1050 398 ex

167 423 265 471 sacris
284 424 397 454 Literis
413 416 549 462 scribant
570 429 583 458 ‚·
620 417 658 449 ne
676 413 875 458 fiestinueritis
896 412 948 446 hoc
954 424 1049 457 genus

171 476 359 515 Scriptorum.
385 466 518 510 Etiamsi*
523 477 610 501 voces
622 464 804 500 orthodoxae
826 463 916 496 Fidei
934 465 1055 506 loquan-

172 532 242 562 tur,
268 522 305 555 ne
314 527 360 553 ita
370 520 489 562 quidem
501 516 687 560 loquentibus
696 514 854 548 attendite.
882 517 954 546 Non
971 519 1051 546 enim

171 571 249 606 rodo
254 576 357 604 animo
367 571 527 612 loquuntur
536 592 547 609 ‚
552 565 612 610 sed
618 567 713 600 veluti
723 565 930 598 indumentum
942 568 1053 596 ovium

172 620 236 655 haec
245 620 340 654 verba
344 618 526 662 proferunt,
551 617 634 650 intiu-
653 617 726 649 ver-6
743 638 755 653 ,
781 625 850 656 quae
872 617 936 645 Arii
952 612 1027 656 sunt
1040 636 1050 651 ‚

168 669 294 715 fiipiunt
305 695 316 711 ,
342 668 586 713 quemadmodicm
604 662 759 708 Harefeon
781 665 925 705 Princeps
946 662 1055 695 Diabo-

171 723 220 754 lus
231 734 246 763 ;
273 732 345 754 nam
354 721 389 754 ὁ·
397 720 445 753 ille
454 716 627 761 loquebatur
635 727 674 750 ex
680 713 778 758 sacris
791 716 904 746 Literis
915 737 926 753 ‚
949 714 983 746 (9⁴
1008 721 1055 744 ta-

171 782 242 804 men
252 771 337 813 aeque
345 771 405 802 illis
417 781 448 801 os
458 768 629 802 obturatam
637 764 674 806 est
683 766 704 797 ἂ
714 764 879 797 salvatore.
902 761 1056 795 Pluribus

171 819 243 854 istis
261 818 406 853 ostendit
426 817 518 862 quod
535 813 737 859 blasphemas
754 813 830 847 Arii
841 823 938 847 voees
947 812 1057 846 omnis

171 869 281 904 fidelis
299 866 440 911 populus
460 865 678 905 horresceret,
705 865 740 899 δε
763 862 805 898 ad
817 862 956 906 Lapides
970 862 1056 896 dam-

171 928 283 961 naret3
309 917 450 961 ideoque
461 916 646 951 Eusebiana
668 914 842 958 praesertim
864 913 977 947 Fastio
995 913 1058 946 eas-

170 968 250 1004 dem
260 968 360 1002 etiam
369 968 565 1002 aversaretur
583 990 594 1006 ‚
620 965 751 1002 usitaret
762 961 978 1001 Orthodoxas
989 962 1059 996 san-

172 1020 302 1055 &orum
323 1018 460 1053 Parrum
482 1041 494 1058 ,
519 1014 627 1050 immo
647 1015 682 1049 &
704 1016 865 1049 sacrarum
876 1014 1059 1047 Literarum

172 1079 270 1104 voces
281 1092 293 1108 ,
319 1068 401 1112 ipsas
411 1065 577 1112 aequivoce
586 1066 746 1109 acciperet
759 1088 770 1105 ‚
795 1063 854 1101 sub
873 1064 948 1108 ipsis
967 1060 1060 1097 Aria-

170 1129 294 1153 norum
304 1118 392 1151 virus
402 1142 414 1159 ,
438 1127 477 1151 ut
487 1116 546 1150 sub
557 1116 667 1150 ovinis
686 1115 770 1149 lanis
788 1114 926 1158 lupum,
949 1108 1061 1155 nequi-

172 1177 225 1203 ter
234 1167 403 1203 occuleret
414 1191 426 1207 ‚
437 1178 476 1201 ac
486 1167 530 1200 sic
542 1165 760 1208 semet-ipsam
769 1163 948 1198 damnaret.
975 1161 1060 1195 Ean-

172 1217 252 1252 dem
262 1218 424 1252 Arianam
432 1215 596 1250 vafritiem
605 1214 735 1249 notavit
747 1214 782 1246 &
801 1211 971 1246 damnavit
992 1212 1061 1245 san-

173 1269 244 1302 stus
255 1267 407 1306 Basilius,
432 1266 560 1298 sanaus
583 1264 815 1305 Hieronymus
836 1285 847 1301 ,
872 1273 911 1295 ac
933 1261 1060 1295 sanstus

173 1318 318 1361 Ioannes
330 1313 593 1356 chrysostomus.
620 1312 665 1346 Et
675 1310 718 1345 de
728 1310 824 1354 plena
842 1311 990 1353 ipsorum
1008 1312 1061 1345 Se-

173 1365 326 1400 leuciensi
337 1362 476 1407 Synodo
487 1386 498 1402 ,
522 1374 561 1397 ac
571 1361 639 1405 ejus
648 1360 690 1395 de
702 1361 779 1395 Deo
792 1360 907 1394 Verbo
924 1360 1060 1395 vocibus

172 1415 288 1451 scribit
299 1416 336 1449 in
349 1412 470 1458 Magni
480 1411 655 1446 Athanasii
666 1411 836 1446 Encomio
847 1411 972 1444 sandius
983 1411 1061 1446 Gre-

174 1466 290 1512 gorius
305 1465 550 1499 Nazianzenus:
579 1463 653 1495 Haec
670 1461 767 1495 verba
779 1459 1062 1502 fimplicioribusho-

173 1515 305 1550 minibus
316 1513 451 1548 illecebra
461 1521 548 1546 erant
556 1517 722 1554 impietatis
741 1509 828 1544 bama
850 1510 1036 1551 circumjec‘la
1048 1534 1058 1549 ,

173 1567 284 1600 statua
292 1566 339 1598 ad
347 1575 446 1598 omnes
458 1571 666 1605 trans-euntes
673 1559 708 1605 se
718 1561 876 1604 obvertens
899 1584 910 1600 ,
935 1572 1059 1593 commu-

174 1621 225 1650 nis
235 1612 387 1658 utriusque
398 1615 488 1656 pedis
506 1612 678 1646 Cothurnus
692 1635 704 1652 ,
729 1610 882 1644 cribratio
895 1612 939 1642 ad
947 1621 1060 1643 omnem

174 1674 310 1700 vennam.
337 1663 431 1698 Hinc
442 1663 539 1698 istum
562 1662 778 1704 Conventum
799 1660 950 1696 adfirmat
968 1660 1061 1694 fuisse

174 1713 311 1759 Cgiphae
322 1713 538 1752 Concilium,
563 1713 599 1748 in
621 1724 690 1757 quo
712 1711 806 1746 Deus
826 1710 977 1744 Verbum
997 1711 1060 1744 fuit

172 1763 422 1799 condemnatus.
449 1762 543 1799 Istius
557 1760 689 1796 Arianae
710 1760 851 1796 vafritiei
872 1761 1008 1803 scopum
1027 1761 1060 1794 &

175 1813 321 1848 radicem
341 1814 445 1857 aperit
464 1812 501 1846 in
522 1810 662 1846 secunda
682 1811 918 1854 Disputatione
935 1811 1062 1844 sanstus

173 1862 393 1899 Athanasius:
419 1861 479 1903 Ista
488 1867 619 1895 omnium
630 1859 788 1904 Haereseon
797 1862 904 1895 ultima
914 1886 925 1902 ,
935 1862 970 1896 (ε’
981 1872 1060 1894 nunc

173 1924 275 1948 recens
294 1912 403 1957 egressa
432 1914 509 1944 Ante
515 1911 651 1944 -Ambulo
683 1912 718 1945 Θ·
734 1909 952 1954 praecursatrix
976 1916 1061 1945 Anti-

172 1961 289 2004 christo
299 1987 311 2003 ‚
335 1968 381 1995 cui
389 1972 493 1995 nomen
502 1959 541 2001 eft
550 1960 589 1994 ab
602 1964 689 2002 Ario,
715 1959 813 2002 dolosa
824 1964 858 1996 <nr
868 1961 982 2003 vafra,
996 1962 1062 1994 cnm

173 2010 411 2056 videretsorores
418 2010 494 2056 suas
504 2036 517 2052 ,
541 2020 666 2045 ceteras
675 2008 811 2054 Haereses
823 2019 915 2044 aetate
922 2012 1063 2055 grandio-

172 2074 224 2098 res
234 2087 246 2104 ,
250 2062 368 2105 publica?
376 2063 411 2097 δ’
417 2062 524 2105 palam
529 2058 686 2104 probrosas
698 2059 804 2094 baberi
815 2085 826 2101 ,
841 2059 1061 2105 speciem-fuam

171 2113 333 2154 diffimulai
342 2137 354 2153 ,
379 2113 415 2146 (9
425 2110 584 2156 sacrarum
606 2115 781 2145 Literarum
800 2111 922 2144 vocibus
946 2137 956 2152 ,
982 2110 1068 2154 quast

173 2162 286 2204 honesto
296 2164 376 2197 cultu
386 2188 397 2204 ‚
423 2164 561 2196 induitur
569 2187 579 2203 ‚
605 2170 639 2194 ut
652 2164 746 2195 Pater
755 2163 821 2202 eius
834 2161 980 2194 Diabolus
991 2186 1002 2202 ,
1027 2173 1062 2194 ac

174 2214 272 2248 denua
278 2211 395 2256 satagit
405 2218 523 2246 intrare
532 2218 566 2245 in
575 2209 759 2254 Paradificm
769 2210 903 2252 Ecclefiae
913 2236 923 2251 ‚
941 2215 998 2253 qui
1004 2210 1065 2254 sub

169 2261 267 2311 specie
280 2260 659 2306 Christianisminonnullos
667 2260 792 2305 seducat
803 2287 814 2303 ‚
840 2270 873 2294 ut
885 2261 1063 2294 credibilita-

173 2322 206 2349 te
218 2310 373 2357 falsarum
393 2318 544 2346 rationum
558 2310 696 2356 persuafi
709 2321 812 2345 contra
832 2310 982 2352 Christum
995 2309 1064 2355 sem

173 2368 264 2397 tiant.
292 2363 394 2398 Hanc
404 2373 509 2398 artem
522 2387 534 2403 ,
551 2363 628 2398 licet
641 2361 826 2396 Eusebiana
838 2362 1009 2405 prasertim
1021 2362 1061 2395 fa-

173 2413 242 2446 etio
249 2413 519 2455 usitaret‚usitavit
528 2423 639 2448 tamen
650 2413 683 2446 ὅ(
692 2413 758 2456 ipse
768 2411 943 2455 impudens
952 2410 1060 2445 Arius.

176 2461 245 2496 Suo
256 2461 335 2497 loco
344 2462 466 2498 lucebit
476 2475 517 2497 ex
527 2463 595 2505 ejus
608 2462 701 2496 Astis
711 2463 747 2496 in
756 2462 892 2496 Nicaena
903 2460 1042 2504 Synodo
1053 2486 1062 2502 ‚

176 2523 215 2546 ac
227 2512 309 2546 item
321 2514 391 2556 post
405 2512 515 2556 ipsam.
543 2512 600 2546 Est
611 2513 746 2556 antiqua
755 2511 993 2545 Gnosticorum
1001 2523 1062 2550 ars,

177 2573 261 2605 quos
285 2562 378 2596 fuisse
399 2561 616 2596 dolosiffimos
643 2560 920 2598 orthodoxarum
942 2572 1063 2595 vocum

180 2611 366 2646 Usitatores
376 2611 527 2646 adfirmat
539 2612 665 2646 sanstus
673 2613 819 2645 Iraeneus.
848 2612 890 2645 Et
912 2612 948 2644 in
959 2611 1063 2645 Libro

177 2661 220 2696 de
228 2661 344 2696 Caenis
356 2662 607 2697 Resurrestione
617 2661 815 2695 demonstrat
825 2660 1063 2695 Tertullianus.

178 2711 283 2758 Qiod
296 2722 398 2746 artem
409 2709 498 2747 hanc
507 2711 552 2747 ab
563 2710 804 2745 Arianis-etiam
813 2710 987 2745 didicerint
997 2711 1064 2745 Ne-

176 2761 314 2795 storiani
329 2785 339 2801 ‚
364 2761 496 2796 testatur
505 2760 691 2805 publicatus
701 2773 756 2805 per
767 2760 926 2804 Iacobum
938 2762 1064 2796 G-rctse-

178 2822 252 2845 rum
263 2809 452 2850 Anastasius
459 2811 591 2845 Sinaita.
619 2811 923 2855 Ejuscallentiffimi
934 2812 1064 2845 fuerunt

176 2872 295 2896 omnes
305 2860 463 2894 Haeretici
483 2885 494 2901 ,
519 2862 692 2905 praesertim
708 2860 904 2905 Origenistae
922 2862 957 2897 &
974 2861 1063 2896 Pela-

176 2911 281 2956 giani.
308 2911 382 2944 Nec
393 2909 613 2945 dubitandum
624 2936 635 2952 ,
656 2911 736 2954 quin
750 2912 853 2954 ipsam
863 2922 903 2945 ex
914 2912 1063 2956 Origene

176 2959 281 2995 Aria—s
292 2958 444 2994 hauserit.
480 2960 534 2993 De
554 2963 678 2995 cunstis
699 2962 879 3006 generatim
892 2962 1064 2995 Haereticis

177 3010 290 3045 scribit
301 3010 341 3044 ad
355 3010 527 3043 Romanos
539 3010 565 3042 A
574 3010 733 3052 postolus:
761 3013 820 3044 Per
843 3012 942 3044 dulces
956 3009 1063 3054 sermo-

178 3069 233 3094 nes
244 3063 278 3094 ζ’)
290 3060 508 3094 benedictiones
515 3057 662 3101 seducunt
670 3061 760 3094 corda
768 3066 976 3095 innocentium.
997 3061 1061 3096 Uti

177 3109 366 3146 insidiantes
377 3109 448 3153 lupi
457 3110 573 3143 ovinas
584 3110 691 3143 Lanas
703 3109 763 3143 fibi
773 3110 915 3144 adsuunt
930 3135 941 3150 ,
961 3112 995 3144 δε
1014 3112 1061 3145 uti

179 3158 330 3195 Venefici
345 3161 401 3193 sua
413 3159 528 3194 toxica
541 3159 641 3192 melle
648 3159 681 3192 ὃς
691 3159 802 3195 sacaro
810 3160 1008 3200 obvoluunt‚
1020 3161 1063 3194 ita

179 3208 335 3244 Haeretici
357 3208 509 3244 scelerata
532 3209 587 3242 sua
611 3208 780 3253 Dogmata
801 3208 1000 3244 orthodoxis
1016 3212 1064 3244 fu-

182 3269 259 3294 cant
269 3258 407 3294 vocibus
418 3283 429 3299 ‚
455 3269 554 3303 atque
564 3259 609 3292 ita
621 3259 756 3301 capiunt
769 3259 947 3303 {implicem
956 3260 1065 3304 Popu-

183 3307 254 3342 lum
265 3333 276 3349 ‚
300 3310 335 3344 δε
345 3308 434 3343 illius
444 3333 454 3349 ,
481 3319 581 3352 quem
590 3320 703 3352 capere
724 3319 792 3342 non
814 3310 945 3352 possunt
957 3335 969 3350 ,
994 3322 1065 3345 eva-

181 3357 267 3391 dunt
274 3357 402 3401 lapides.
428 3358 551 3393 Fidelis
561 3359 654 3392 enim
663 3358 811 3402 Populus
826 3356 984 3394 horret'ad
995 3372 1064 3394 om-

184 3417 263 3443 nem
271 3405 480 3450 blaspemiam
490 3433 501 3449 ‚
518 3407 561 3442 ad
570 3419 708 3443 omnem
720 3419 839 3443 vocum
850 3410 1039 3444 novitatem.

235 3456 280 3492 Et
292 3454 404 3493 harum
424 3456 698 3501 blasphemiarum
718 3457 819 3494 Arius
839 3471 908 3497 non
929 3461 992 3495 fuit
1004 3461 1067 3506 pri-

286 3505 404 3550 Dfflrt..
413 3510 537 3543 Proxm.
550 3510 629 3544 Tom.
641 3513 667 3544 Ι.

1110 174 1183 198 mus
1195 164 1314 198 auster.
1327 161 1460 196 Etenim
1472 156 1562 204 quod
1574 157 1675 194 santii
1686 158 1845 203 Cypriani
1855 160 1992 198 Cartha-

1111 214 1250 259 ginensis
1261 212 1416 256 Episcopi
1437 219 1584 254 tempore
1605 212 1769 242 Trinitatis
1790 214 1992 246 Divinitatem

1111 263 1246 307 quidam
1256 261 1438 297 scinderent
1447 285 1457 301 ,
1483 259 1618 304 quidam
1628 258 1857 293 contraherent
1870 284 1881 299 ,
1900 262 1994 296 testa-

1111 325 1164 348 tur
1175 315 1210 347 in
1217 313 1283 356 ejus
1294 310 1461 346 Encomio
1471 311 1596 344 sanstus
1618 309 1798 355 Gregorius
1818 308 1996 345 Nazianze-
2011 314 2134 348 Orat-18

1112 375 1182 398 nus.
1193 361 1302 397 Immo
1314 362 1350 395 in
1359 361 1455 395 tertia
1465 370 1581 394 contra
1594 359 1736 394 Arianos
1746 358 1910 394 Oratione
1922 359 1997 393 Ma-

1111 424 1196 459 gnus
1208 411 1403 447 Athanasius
1413 410 1561 445 adfirmat
1573 411 1659 458 ipsos
1669 409 1804 444 delirare
1815 409 1892 442 cum
1911 404 1999 442 Mar-

1113 463 1209 497 cione
1221 487 1231 503 ,
1257 461 1399 495 Bafilide
1409 461 1444 496 &
1453 460 1525 494 aliis
1537 460 1706 494 Gnosticis
1716 485 1726 500 ‚
1749 460 1782 493 ὅ(
1803 460 1865 493 esse
1876 457 2000 496 horum

1112 513 1313 547 aemulatores
1324 536 1335 552 ,
1360 510 1405 546 ob
1416 510 1497 544 duas
1509 508 1641 544 cauffits.
1668 509 1783 543 Primo
1797 534 1808 551 ‚
1834 509 1910 553 quia
1923 508 2001 543 cum

1114 563 1181 597 istis
1203 563 1325 597 variam
1345 561 1568 595 Divinitatem
1594 558 1784 593 fabulentur
1798 583 1810 599 ,
1846 559 1880 593 &
1900 558 2000 592 falsos

1115 614 1215 648 Deos.
1243 610 1394 647 Secund&
1403 636 1414 652 ,
1441 611 1518 655 quia
1538 610 1651 643 Deum
1678 608 1828 642 Verbum
1849 609 1999 653 garriunt

1115 673 1270 703 creatum,
1277 663 1312 696 &
1324 661 1419 695 fimul
1431 672 1486 705 per
1496 660 1603 703 ipsum
1613 668 1720 693 creata
1730 658 1856 701 reliqua
1865 658 1979 692 omnia
1988 681 2000 698 ,

1116 724 1212 757 atque
1233 714 1277 747 ita
1299 711 1430 746 creandi
1454 711 1609 744 virtutem
1625 734 1637 750 ,
1663 719 1734 752 quaa
1754 707 1817 742 soli
1837 709 2001 751 Supremae

1117 763 1282 806 Majestati
1292 761 1451 805 competit
1462 785 1472 800 ,
1486 761 1531 794 im
1537 760 1587 803 pie
1597 758 1746 793 derivant
1758 758 1793 791 in
1806 767 1999 791 creaturam.

1118 814 1206 846 Nam
1216 814 1250 846 &
1261 811 1328 846 haec
1337 813 1382 846 est
1395 810 1506 845 fabula
1518 808 1687 845 Gnostica.
1715 807 1843 842 Eadem
1865 807 1902 840 in
1923 808 2004 842 Ora-

1118 861 1210 896 tione
1222 860 1418 895 Athanasius
1427 860 1577 895 adfirmat
1589 883 1601 900 ‚
1617 858 1708 903 quod
1720 856 1838 892 Ariani
1849 857 1881 892 se
1892 856 2005 890 Mani-

1118 911 1214 946 chaeis
1224 911 1358 945 aemulos
1369 910 1528 954 praebeant
1540 935 1550 950 ,
1577 911 1612 944 &
1620 909 1676 944 dat
1687 907 1848 943 caussam:
1876 911 1927 940 Ita
1943 914 2002 949 per

1118 968 1215 995 omnia
1225 968 1257 994 in
1267 960 1399 995 tenebris
1408 962 1581 994 volutantur
1593 984 1603 999 ,
1628 961 1702 992 dum
1714 960 1749 992 Θ·
1764 969 1871 992 veram
1880 959 1901 990 5
1901 962 2004 1000 apien-

1119 1018 1194 1045 tiam
1204 1011 1383 1055 abnegatam
1393 1011 1497 1044 volunt
1509 1034 1520 1049 ‚
1546 1011 1580 1043 (ν
1591 1021 1657 1042 eam
1666 1034 1677 1050 ,
1702 1020 1771 1051 quae
1793 1020 1851 1042 non
1872 1006 1910 1048 est
1921 1032 1932 1048 ,
1956 1013 2004 1040 in-

1119 1063 1234 1105 dagant
1245 1085 1256 1101 ‚
1281 1062 1373 1094 alium
1385 1085 1394 1100 ,
1414 1059 1489 1101 ficut
1501 1058 1660 1092 Manichaei
1670 1083 1681 1098 ‚
1709 1062 1807 1092 Deum
1820 1056 1877 1099 sibi
1887 1062 2006 1091 commi-

1121 1110 1264 1154 nifhentes
1276 1134 1287 1150 ,
1304 1112 1339 1144 6·
1350 1121 1456 1143 verum
1469 1112 1566 1142 Deum
1577 1108 1756 1150 inficiantes.
1786 1107 1878 1154 Qia
1888 1105 2008 1149 nempe

1119 1161 1220 1195 etiam
1239 1172 1317 1195 cum
1337 1157 1533 1194 Manichaeis
1564 1157 1756 1193 fabulantur
1784 1156 1869 1191 duos
1899 1156 2004 1190 Deos.

1122 1211 1233 1245 Etiam
1244 1211 1280 1244 in
1291 1209 1395 1245 Libro
1405 1209 1446 1244 de
1455 1207 1656 1243 Ariminensi
1675 1219 1713 1242 ac
1736 1205 1929 1242 Seleuciensi
1951 1205 2007 1248 Sy-

1122 1261 1212 1295 nodo
1224 1259 1334 1295 scribit
1344 1273 1354 1293 :
1383 1257 1628 1304 ,Quafinefhirent
1650 1261 1757 1290 Ariani
1775 1255 1904 1298 haerefim
1925 1255 2011 1295 istam

1121 1317 1213 1345 etiam
1225 1313 1295 1344 ante
1307 1315 1342 1342 N
1344 1315 1471 1343 icaenum
1483 1309 1645 1344 Concilium
1648 1307 1739 1350 fuisse
1758 1306 1984 1340 abominabilem
1996 1330 2007 1345 ,

1121 1373 1176 1404 quo
1195 1369 1324 1403 tempore
1337 1363 1477 1392 Artemas
1490 1361 1557 1400 ejus
1571 1358 1779 1400 fundamenta
1790 1356 1927 1399 faciebat
1938 1381 1947 1396 ‚
1975 1357 2010 1389 (9

1122 1421 1192 1445 ante
1205 1415 1358 1447 Artemam
1369 1411 1442 1451 eque
1451 1408 1679 1442 abominabilem
1686 1406 1744 1449 sub
1753 1406 1874 1448 caipha
1885 1408 1919 1439 ὡ·
1931 1404 2014 1437 Pha-

1123 1460 1272 1504 risaeorum
1284 1461 1412 1492 Concilio
1416 1458 1514 1501 fuisse.
1542 1457 1666 1491 Rursus
1687 1456 1836 1490 adfirmat
1849 1454 2012 1489 Arianam

1124 1510 1357 1555 blasphemiam
1378 1509 1441 1543 esse
1462 1506 1632 1551 Iudaicam
1652 1506 1831 1550 perfidiam.
1870 1504 2014 1539 Artemae

1123 1563 1176 1596 seu
1189 1559 1384 1595 Artemonis
1402 1558 1546 1593 haerefim
1565 1557 1704 1600 exponit
1728 1557 1764 1590 in
1789 1555 2014 1590 Ecclefiastica

1123 1610 1256 1645 historia
1265 1609 1476 1645 Caesaraeenfis
1487 1606 1648 1642 Eusebius
1659 1630 1669 1646 ‚
1695 1606 1728 1639 &
1749 1605 1951 1640 demonstrat
1969 1606 2014 1648 ip—

1124 1663 1194 1695 sum
1213 1672 1283 1694 non
1303 1659 1389 1694 circi
1410 1659 1637 1694 Sacro-sanstae
1657 1655 1835 1690 Trinitatis
1858 1655 2013 1690 Consub·

1124 1710 1367 1746 stantialitatem
1380 1734 1391 1750 ‚
1410 1707 1464 1743 sed
1474 1709 1558 1742 circa
1567 1707 1697 1742 Divinae
1706 1706 1949 1741 Incarnationis
1960 1717 2013 1740 ve·

1125 1762 1253 1796 ritatem
1263 1761 1396 1795 errasse:
1424 1759 1531 1793 Fuisse
1543 1757 1768 1802 praecursorem
1782 1756 1951 1795 Nestorii,
1975 1766 2012 1790 ac

1125 1811 1304 1853 Dominice
1315 1809 1466 1844 Personae
1476 1808 1661 1843 divisorem.
1673 1806 1778 1854 Qod
1792 1816 1902 1841 tamen
1912 1807 2014 1840 etiarn

1125 1862 1264 1905 priorem
1279 1860 1450 1894 veritatem
1466 1859 1622 1900 tentarit,
1647 1869 1775 1902 magno
1806 1855 1990 1891 Athanasio
2003 1881 2014 1896 ,

1125 1910 1394 1954 cujusaut‘toritas
1407 1907 1638 1952 irrefragabilis
1650 1931 1660 1946 ‚
1672 1907 1718 1941 est
1728 1906 1870 1940 omnino
1885 1906 2015 1941 creden-

1124 1962 1212 1998 dum.
1240 1962 1284 1995 Et
1298 1961 1332 1994 in
1342 1958 1486 1993 secundo
1496 1958 1729 1993 Haereticarum
1741 1956 1943 1991 Fabularum
1957 1958 2018 1994 Li<

1125 2012 1183 2047 bro
1195 2013 1357 2047 consonat
1368 2008 1622 2043 Theodoretus:
1643 2011 1781 2041 Artemas
1794 2012 1954 2040 Dominum
1967 2019 2015 2039 no·

1117 2062 1212 2103 strum
1230 2063 1262 2107 J
1266 2063 1318 2093 Es
1319 2063 1378 2094 ΠΜ
1401 2061 1524 2093 emtis
1525 2062 1611 2091 TUM
1635 2059 1717 2091 dixit
1739 2059 1852 2091 nudum
1868 2057 2015 2090 hominem

1123 2113 1174 2156 effe
1186 2121 1290 2145 natum
1301 2122 1338 2145 ex
1351 2114 1492 2154 Virgine,
1519 2107 1675 2151 Prophetir
1698 2114 1812 2141 virtute
1831 2107 2015 2149 praestantio·

1124 2174 1194 2197 rem.
1221 2162 1301 2196 Hoc
1314 2161 1472 2206 posterius
1484 2158 1744 2194 videturArium
1756 2159 1872 2202 sapere.
1894 2157 2014 2191 Arium

1123 2213 1225 2247 etiam
1234 2223 1311 2246 cum
1322 2210 1430 2246 Paulo
1440 2208 1653 2244 Samosatensi
1664 2209 1782 2243 sentire
1795 2208 1876 2242 dicit
1889 2209 2015 2242 sandius

1125 2261 1319 2296 Athanasius
1332 2286 1343 2302 ‚
1367 2260 1480 2295 eadem
1500 2260 1637 2294 rarione.
1665 2259 1802 2294 Etenim
1823 2257 1950 2292 Paulus
1970 2270 2016 2291 re-

1125 2313 1291 2346 suscitavit
1304 2312 1480 2345 Artemam
1490 2310 1731 2351 ,·Dominicam
1742 2306 1919 2343 Personam
1935 2307 2016 2342 divi-

1124 2362 1204 2397 dens
1214 2387 1224 2403 ‚
1236 2362 1271 2396 dc
1279 2362 1365 2395 circi
1378 2360 1585 2395 Sanstiffimae
1595 2359 1776 2393 Trinitatis
1787 2358 2012 2392 Consubstan-

1126 2413 1301 2446 tialitatem
1309 2411 1355 2445 est
1368 2411 1495 2444 secutus
1504 2409 1697 2450 sabellium,
1710 2409 1755 2443 ita
1765 2419 1875 2443 tamen
1884 2418 1920 2442 ut
1934 2407 2015 2452 quid

1126 2461 1311 2496 Arianismi
1325 2460 1543 2495 admiscuerit.
1571 2460 1638 2494 Suo
1650 2459 1727 2494 loco
1737 2468 1931 2502 exponetur.
1953 2456 2016 2491 At-

1126 2523 1235 2546 tamen
1249 2511 1347 2545 hosce
1358 2511 1501 2544 Errones
1513 2509 1740 2543 Nazianzenus
1753 2508 1946 2553 Gregorius,
1958 2507 2016 2541 ubi

1126 2561 1200 2595 Arii
1212 2561 1426 2596 praecursores
1441 2560 1563 2604 scripsit
1574 2560 1675 2593 fausti
1695 2559 1857 2603 Cypri-ani
1868 2568 2016 2601 tempore

1125 2612 1281 2656 grassatos
1291 2635 1302 2651 ‚
1329 2622 1398 2645 non
1407 2611 1555 2654 respexit.
1583 2609 1740 2644 Omnino
1748 2610 1888 2652 respexit
1902 2608 2017 2652 Orige-

1127 2673 1212 2696 nem.
1239 2661 1310 2695 Hic
1320 2662 1411 2695 enim
1433 2661 1496 2694 fuit
1510 2661 1575 2694 isto
1596 2670 1744 2703 tempore
1762 2683 1772 2699 ‚
1798 2659 1831 2692 &
1852 2658 1895 2691 est
1921 2667 2014 2690 verus

1127 2713 1200 2746 fons
1213 2712 1346 2745 Arianae
1356 2710 1497 2754 perfidiae
1511 2734 1521 2750 ,
1546 2721 1639 2744 verus
1650 2709 1719 2743 dux
1729 2710 1762 2742 ὅ(
1771 2708 1919 2746 seductor
1928 2706 2013 2740 Arii.

1126 2762 1238 2796 Etiam
1250 2761 1457 2795 Macedonii.
1486 2761 1591 2794 Lucet
1611 2771 1654 2794 ex
1674 2759 1780 2793 sanas
1793 2757 1959 2791 Athanasii
1971 2756 2013 2790 ad

1130 2812 1341 2855 Serapionem
1354 2811 1554 2856 Episcopum
1566 2810 1685 2843 Literis
1695 2834 1705 2850 ,
1716 2806 2014 2842 demonstrantibus

1126 2862 1285 2905 Spiritum
1310 2862 1464 2895 Sanstum
1486 2871 1556 2894 non
1578 2861 1643 2893 esse
1661 2868 1850 2893 creaturam.
1887 2855 2013 2891 Ist-haec

1129 2911 1376 2946 Macedoniana
1386 2912 1412 2944 F
1414 2910 1498 2944 assio
1509 2909 1661 2943 adfirmat
1681 2906 1838 2950 Spiritum
1859 2905 2012 2941 Sanstum

1126 2973 1196 2996 non
1206 2962 1321 2996 Deum
1330 2961 1395 2995 effe
1405 2985 1415 3001 ,
1435 2959 1488 2994 sed
1500 2959 1643 3003 primum
1653 2956 1868 3002 Angelorum.
1895 2956 1940 2990 Et
1950 2955 2013 2998 hec

1126 3013 1200 3045 sunt
1212 3021 1400 3046 commenta
1419 3007 1584 3054 origenis.
1612 3008 1683 3051 Ipse
1705 3007 1751 3041 est
1770 3007 1846 3042 fons
1866 3005 2011 3051 plurium

1126 3062 1313 3095 Haereseon.

1175 3112 1241 3145 His
1253 3111 1369 3145 nostris
1380 3107 1632 3144 Adsertionibus
1639 3106 1765 3142 obstare
1774 3106 1904 3141 videtur
1910 3106 2010 3141 saneti

1125 3160 1306 3205 Augustini
1317 3159 1504 3193 Aueioritas
1516 3182 1527 3198 ‚
1552 3158 1715 3193 affirmans
1727 3157 1922 3202 ipsosetiam
1931 3165 2010 3191 ante

1125 3210 1266 3245 Domini
1278 3208 1558 3243 Resurrectionem
1578 3207 1760 3251 Apostolos
1774 3232 1786 3248 ,
1811 3208 1847 3241 ἀ
1864 3207 2010 3245 Mariam

1125 3260 1360 3305 Magdalenam
1381 3258 1452 3302 post
1473 3259 1579 3301 ipsum
1606 3258 1831 3292 resuscitatum
1853 3256 2009 3291 laborasse

1128 3311 1214 3355 quasi
1227 3309 1323 3343 simili
1333 3319 1447 3342 errore.
1475 3308 1523 3342 At
1543 3307 1621 3342 ver&
1641 3319 1757 3342 omnes
1777 3308 1828 3341 isti
1841 3318 1920 3340 runc
1932 3306 2008 3349 justi

1125 3370 1216 3395 erant
1227 3384 1237 3400 ,
1263 3369 1361 3402 atque
1372 3358 1416 3393 ita
1427 3358 1484 3392 iste
1494 3369 1582 3393 ernor
1605 3369 1675 3392 non
1696 3358 1811 3392 evertit
1824 3357 1984 3400 Iustitiam
1999 3366 2007 3386 ε

1127 3409 1266 3444 Videtur
1278 3409 1340 3443 esse
1350 3407 1483 3452 quaestio
1496 3433 1505 3449 ,
1516 3409 1600 3443 circa
1608 3419 1708 3452 quam
1718 3408 1813 3451 possit
1825 3408 1960 3451 quisque
1971 3403 2007 3437 in

1126 3461 1184 3497 suo
1194 3460 1288 3495 sensu
1297 3457 1468 3496 abundare.
1501 3459 1723 3495 Affertionem
1733 3459 1820 3493 suam
1844 3457 1874 3493 S.
1894 3455 2008 3501 Augu-

1622 3508 1655 3543 K
1906 3504 2009 3538 stinuo
