2346 3776
636 123 1081 175 DlsSE'RTATlo
1131 120 1552 174 PRooeM1AL1s.

179 208 310 241 medium
320 207 460 249 afferunt:
471 218 474 222 ’
487 205 659 240 Adversum
669 217 742 249 quos
754 207 869 239 dicetur
878 231 889 247 ‚
914 206 979 239 cum
989 215 1062 240 tem-

173 253 237 300 pus
244 258 446 300 postulaverit.
473 259 498 288 A
510 255 594 289 nobis
603 262 684 290 enim
693 257 830 299 diffident
844 262 878 289 in
890 258 1064 298 Principiis.

179 312 316 342 Dicimus
325 306 426 340 autem
436 317 489 339 nos
500 317 613 350 quoque
620 318 667 341 eos
680 331 691 347 ,
717 312 769 351 qui
777 308 815 341 de
824 304 971 346 industria
993 318 1067 339 mor-
1094 345 1095 348 Ἴ

177 368 240 392 tens
248 365 387 401 quarunt
411 358 424 398 (
430 354 505 398 sunt
514 362 594 389 enim
605 358 731 399 quidam
741 369 800 390 non
811 355 899 397 nostri
906 381 917 397 ,
933 354 991 400 sed
998 360 1067 391 tan?-

177 409 243 442 tum
250 408 375 440 nominis
390 411 558 448 participes
568 431 579 446 ,
603 414 657 450 qui
677 409 800 452 quidem
811 404 936 451 se-ipfhs
960 404 1065 450 magno

171 457 268 499 studio
286 456 466 489 contendunt
477 458 599 490 tradere
613 483 624 498 ‚
645 466 772 502 propter
782 459 881 490 odium
892 463 924 489 in
946 460 1067 490 Creato-
1091 451 1093 477 3

173 518 238 541 rem
246 504 344 549 miseri
355 515 479 539 mortem
491 513 647 551 cupientes
667 511 680 552 )
702 512 780 549 Eos,
790 514 927 550 inquam,
935 508 1064 539 dicimus

170 554 207 601 se
214 553 292 598 ipsis
304 557 321 589 ἑ
337 561 406 589 vita
416 563 537 601 exigere
549 559 660 603 absque
669 560 726 594 ullo
738 562 880 596 Martyrio
888 568 925 590 ac
936 556 1066 599 testificass

156 616 167 622 ”
176 611 255 640 tione
269 629 281 645 2
305 604 481 647 etfipublic?
486 617 668 652 puniantur.
697 609 815 643 Fidelis
826 613 906 641 enim
912 606 1066 647 testimonii

176 667 235 689 non
251 653 385 698 servant
405 658 620 695 charaeierem
646 684 657 700 ‚
682 665 734 702 qui
750 659 833 692 ilium
846 683 857 699 ‚
878 658 1012 701 quivere
1031 654 1069 694 est

177 709 262 739 Deus
275 729 287 746 ›
312 717 371 739 mm
381 719 588 754 cognoverunt.
614 709 744 744 Primus
766 716 854 743 error
873 707 920 741 est
941 705 1069 740 foediffi-

174 767 310 791 morum
327 756 570 798 Gnosticorum
585 785 596 801 ‚
622 759 679 805 qui
697 759 761 794 toti
782 757 951 803 flagitioso
962 755 1069 790 libidi-
1092 763 1094 766 ·

176 817 260 841 num
273 807 344 841 luto
355 807 478 851 infixi,
504 809 589 845 nihil
599 810 704 855 magis
723 808 860 843 horrent
882 807 981 851 quum
1004 817 1070 840 car-

177 856 230 891 nis
241 866 385 896 mortem
398 883 409 899 ,
434 859 576 905 ideoque
586 860 742 895 damnant
762 858 946 901 Martyria.
975 854 1070 889 Alter

172 917 267 941 error
278 907 326 942 est
346 909 554 953 quorundam
564 909 843 944 MarcIonitarum
856 933 866 948 ‚
881 907 1071 941 Dominum

173 956 382 1003 Deumcoeli
403 960 437 994 &
453 969 543 996 terrae
555 960 770 1000 Creatorem,
796 970 835 993 ac
854 957 971 992 omnia
996 955 1065 999 ejus

175 1019 279 1051 opera
291 1033 302 1048 ,
327 1010 419 1044 suam
430 1011 531 1045 etiam
543 1011 706 1054 propriam
718 1009 862 1044 Carnem
873 1006 1071 1046 odientium,

178 1057 330 1101 adeoque
350 1059 419 1103 quo
435 1059 477 1094 ab
498 1060 560 1094 isto
582 1061 662 1095 mali
691 1059 851 1103 Principii
871 1057 962 1093 malo
972 1066 1070 1091 onere

177 1108 381 1150 eximantur,
394 1110 583 1154 semetipsos
595 1110 770 1154 Tyrannis
778 1108 987 1143 tradentium·
1000 1105 1070 1140 Hu-

176 1156 322 1203 iusmodi
333 1159 572 1194 Traditionem
584 1185 594 1200 ,
621 1170 738 1203 utpote
750 1159 866 1194 erroris
885 1158 920 1192 &
945 1155 1070 1191 sceleris

176 1208 334 1255 plenam,
360 1209 480 1244 merito
500 1209 636 1244 damnat
660 1209 818 1247 Clemens
838 1232 849 1248 ,
875 1205 1071 1241 &laudatis

177 1254 246 1293 fuis
255 1258 361 1292 verbis
373 1259 544 1303 adjungit:
574 1263 670 1292 Vanae
681 1265 770 1291 morti
784 1256 910 1300 se-ipfirs
920 1257 1070 1296 tradunt,

172 1307 249 1352 ficut
263 1306 299 1351 se
320 1310 430 1343 temere
455 1314 597 1351 inignem
608 1313 766 1344 coniiciunt
777 1307 921 1340 Indorum
948 1309 1072 1345 Gymno-

173 1356 334 1403 sopbiffae.
436 1362 438 1367 ⁴

229 1406 305 1440 Nee
327 1406 422 1442 istam
443 1407 546 1441 solam
560 1431 571 1447 ,
597 1407 653 1442 sed
675 1404 777 1443 etiam
798 1406 841 1442 ab
862 1404 1071 1443 orthodoxis

177 1457 298 1492 ficiam
309 1458 357 1490 sui
369 1458 466 1501 ipfius
475 1457 712 1492 Traditionem
733 1456 869 1492 damnat
889 1457 925 1490 in
950 1455 1070 1491 eodem

35 1514 160 1556 folq*
177 1506 296 1542 Libro.
323 1506 437 1553 Refert
447 1506 534 1541 hanc
553 1506 976 1551 Gentiliumrquaestionem
1002 1520 1013 1540 :
1041 1509 1073 1540 Si

178 1560 266 1591 Deus
287 1556 380 1596 vestri
397 1568 502 1591 curam
517 1564 598 1601 gerit
621 1583 632 1599 ,
657 1569 709 1591 cur
725 1555 872 1600 patimini
893 1555 1071 1600 persecutio-

166 1611 272 1648 nem,
297 1608 434 1642 &morte
444 1609 616 1649 afficimini?
643 1611 690 1641 An
707 1607 770 1651 ipse
791 1620 846 1642 vos
861 1613 904 1641 eis
930 1607 1030 1641 'tradit
1057 1609 1073 1640 ‚²

183 1656 233 1692 Et
250 1657 444 1700 respondet:
472 1662 542 1691 Nos
560 1667 662 1690 autem
681 1670 739 1692 non
766 1656 808 1699 fic
834 1656 1037 1696 existimamus
1063 1682 1074 1698 ,

153 1709 260 1742 ‘veile
282 1709 443 1741 Dominum
459 1717 494 1740 ut
515 1713 549 1740 in
570 1706 654 1750 casus
676 1709 844 1742 incidamus
867 1732 878 1748 ‚
909 1706 969 1750 sed
1004 1711 1075 1740 Pro-

177 1759 297 1800 phetice
312 1753 487 1801 praerbxifflt
508 1769 544 1806 ea
564 1781 576 1797 ‚
600 1769 668 1800 quae
691 1759 779 1802 essent
813 1766 968 1798 eventura.
997 1762 1075 1792 Fore
1100 1783 1102 1787 ,

176 1805 315 1851 scilicet,
339 1803 511 1849 ur'propter
531 1816 638 1840 nomen
648 1809 715 1848 ejus
737 1808 911 1849 pateremur
939 1806 1074 1851 Persecu7

179 1863 294 1891 tionem
327 1881 338 1897 ,
374 1866 418 1901 ut¹
432 1857 635 1890 'occideremur
659 1881 669 1897 ‚
696 1858 741 1890 er·
756 1865 791 1888 ut
811 1855 1081 1901 suspenderemurq

181 1910 291 1952 ,Quam
305 1906 339 1939 ab
360 1909 424 1939 rem
445 1908 539 1939 noluit
557 1906 610 1939 nos
625 1911 698 1948 pati
718 1904 955 1948 Perftcutionem
980 1931 991 1947 ,
1013 1906 1074 1950 sed

179 1968 221 1992 ea
238 1968 307 1999 quae
321 1955 434 1999 paffuri
449 1954 555 1998 fiemus
568 1980 580 1995 ,
602 1956 690 1996 prius
704 1954 910 2000 fignifi'cavit,
928 1965 988 2000 per
999 1969 1065 1998 eam

175 2006 405 2050 praeaifflonem
429 2005 569 2039 exerc-'ens
580 2006 625 2037 ad
633 2006 825 2038 tolerantiam
841 2030 852 2045 ,
867 2012 914 2039 cui
935 2006 1068 2049 promifit

179 2056 402 2102 hareditatem.
428 2053 557 2094 Laudat
577 2055 800 2098 Dominicum
817 2055 854 2089 in
884 2055 1069 2102 Evangelio

179 2107 338 2142 v'erbum:
365 2106 501 2151 ‘Quando
509 2117 566 2140 vos
571 2103 719 2149 persecuti
731 2104 857 2147 fuerint
868 2111 901 2139 in
911 2102 968 2140 bac
991 2111 1076 2141 Civi-

178 2166 267 2198 tate,
285 2148 432 2201 fiagitiin
443 2157 557 2197 aliam,
582 2165 681 2200 atque
706 2156 928 2200 prosequitur:
956 2157 1074 2192 Domi-

180 2210 245 2241 nus
270 2211 336 2240 non
347 2204 458 2250 ficadei
483 2206 616 2250 fugere,
642 2215 791 2249 tanquam
817 2208 930 2240 malum
941 2206 983 2248 Jr't
999 2214 1072 2250 pati

178 2255 438 2300 Persecutionem,
466 2268 518 2290 nec
526 2266 561 2289 ut
582 2266 704 2290 mortem
737 2255 960 2301 extimescentes
978 2258 1071 2297 jubet

159 2323 163 2327 ·
182 2317 238 2340 nos
259 2317 327 2340 eam
338 2305 419 2353 fuga
437 2307 594 2348 declinare.
625 2307 697 2340 Vult
719 2316 822 2341 autem
841 2319 895 2340 nos
921 2308 995 2341 nulli
1021 2309 1073 2352 effe

176 2356 320 2403 ‘auc‘lores
334 2380 344 2396 ‚
369 2363 464 2399 neque
483 2358 610 2398 alic-tejas
630 2358 703 2390 mali
713 2357 809 2401 caussa
818 2359 972 2399 adjutores
987 2382 997 2398 ,
1024 2370 1075 2392 nec

164 2405 345 2448 '1⁵nobisipfis·
356 2412 378 2446 ’,’
396 2418 451 2440 nec
465 2413 492 2441 ei
510 2413 565 2450 qui
578 2406 791 2451 persequitur,
817 2419 870 2442 nec
890 2413 918 2442 ei
938 2414 1073 2451 quiinte-

181 2461 278 2488 rimit.
306 2460 472 2501 Denuntiat
489 2461 570 2491 enim
579 2456 794 2500 quodammodo
806 2467 840 2491 ut
851 2467 962 2491 caveat
972 2483 979 2490 .
1008 2461 1074 2503 ,Qui
1088 2493 1091 2496 Α

180 2514 283 2538 autem
294 2506 483 2551 nonob'e'dit,
507 2506 545 2547 est
566 2509 674 2541 audax
698 2509 733 2542 (5
753 2510 957 2548 *temerarium
978 2505 1018 2543 Ὁ
1028 2515 1072 2542 in-

189 2553 320 2598 consulte
326 2554 362 2598 fe
379 2556 576 2597 inmanifesta
582 2558 717 2599 per-itala
725 2560 884 2599 conjiciens
896 2583 903 2589 .
930 2561 962 2591 si
971 2568 1073 2593 autem

164 2618 169 2621 *
185 2611 244 2647 qui
260 2604 406 2638 hominem
426 2608 483 2639 Dei
490 2611 635 2640 interimit
656 2631 668 2647 ,
693 2613 727 2640 in
738 2610 834 2641 Deum
839 2616 954 2650 peccat,
963 2615 992 2641 is
1004 2621 1074 2652 quo-

180 2666 241 2697 que
263 2656 328 2695 ejus
349 2656 442 2688 caedis
461 2667 531 2689 reus
554 2665 691 2697 tenetur,
718 2655 815 2700 quise
835 2658 921 2699 offert
934 2661 1069 2704 Judicio.

182 2705 271 2737 Talis
292 2714 391 2738 autem
400 2712 458 2739 erit
478 2730 489 2746 ‚
515 2712 567 2749 qui
577 2718 634 2740 non
646 2713 729 2740 vitat
749 2707 1000 2752 Persecutionem,
1026 2721 1073 2743 ca-

178 2755 326 2797 piendum
331 2753 365 2797 se
371 2755 512 2796 praebens
518 2763 576 2798 per
583 2758 742 2790 audaciam
751 2783 758 2789 .
788 2761 820 2790 Is
831 2757 870 2798 est
880 2783 891 2798 ,
913 2765 965 2802 qui
974 2771 1072 2802 quan-

181 2805 247 2838 tum
268 2802 336 2847 inse
349 2804 388 2844 est
399 2829 409 2844 ,
435 2806 569 2846 adjuvat
577 2807 798 2849 improbitatem
813 2810 880 2849 ejus
890 2834 900 2849 ,
927 2815 980 2852 qui
999 2818 1069 2852 per-

178 2852 324 2898 sequitur.
353 2854 702 2898 ,Quodfietiamirritet‚
717 2858 814 2899 plane
831 2859 926 2902 caussa
935 2858 974 2900 est
1001 2884 1011 2900 ,
1037 2870 1071 2893 ut

183 2910 237 2946 qui
255 2911 401 2944 provocat
414 2903 527 2945 feram.
555 2907 600 2940 Et
612 2907 686 2940 sane
698 2907 844 2942 Romani
857 2909 1070 2952 Imperatores

182 2965 221 2987 ac
243 2953 496 2988 provinciarum
508 2954 649 2990 Praefecti
658 2967 714 3000 per
735 2957 958 3000 spontaneam
979 2959 1069 2994 obla-

182 3003 311 3038 tionem
330 3005 404 3037 sunt
425 3005 460 3037 in
487 3015 550 3038 nos
583 3016 653 3040 non
676 3005 750 3040 raro
774 3008 849 3042 facti
877 3009 1067 3044 acerbiores.

182 3051 329 3089 Proinde
341 3055 467 3088 sanstus
478 3053 634 3089 Clemens
643 3065 715 3090 eam
724 3055 859 3092 damnat
871 3060 979 3103 gravis
999 3070 1069 3103 pec·

183 3102 257 3137 cati.
285 3102 419 3138 Etenim
430 3104 568 3138 affirmat
580 3104 644 3138 effe
653 3105 766 3140 datum
784 3107 952 3151 Tyranno
978 3110 1069 3143 scan-

185 3152 297 3187 dalum
310 3178 322 3194 ,
331 3155 366 3188 ὅ(
376 3155 602 3188 ειυὲὶοτὶῑαῑεω
612 3155 727 3189 nostrae
737 3157 919 3192 occifionis.
947 3158 1011 3193 Per
1020 3159 1069 3193 in-

183 3202 443 3238 citamentum&
454 3205 731 3248 cooperationem.
760 3206 835 3241 Esse
855 3208 1017 3251 quaefitam
1035 3210 1067 3243 &

186 3263 393 3296 procuratam
405 3265 474 3287 non
483 3255 590 3289 noxio
603 3278 614 3295 ,
639 3254 694 3289 sed
706 3255 855 3290 obnoxio
866 3256 999 3292 homini
1010 3270 1068 3292 cae-

182 3301 284 3342 dem,
309 3302 451 3348 ideoque
479 3304 726 3339 sceleratiorem.
754 3305 859 3354 Qod
895 3319 1067 3352 argumen-

185 3360 260 3386 tum
277 3352 389 3395 probat
410 3365 447 3388 ac
467 3354 638 3399 insigniter
652 3356 759 3390 firmat
779 3357 814 3390 in
827 3356 935 3400 primo
946 3357 988 3392 de
1000 3358 1065 3393 Dei

184 3400 331 3436 civitate
351 3402 454 3438 Libro
474 3404 575 3438 etiam
602 3405 729 3440 sanstus
747 3404 961 3451 Augustinus.
997 3407 1065 3443 Uti

183 3461 258 3485 non
271 3452 435 3494 possumus
443 3453 568 3488 tradere
576 3465 633 3489 aut
650 3455 890 3491 occiderealios
902 3480 912 3496 ,
939 3457 984 3491 ita
993 3457 1064 3492 lon-

188 3500 233 3548 ge
252 3499 361 3535 minus
382 3503 613 3547 nosmet-ipsos.
644 3506 771 3543 Divina
783 3507 1064 3551 Lemnonoccides,

288 3550 405 3595 Differe-
413 3552 537 3588 Prooem.
549 3555 628 3590 Tom-
639 3559 664 3590 Ι.

1127 203 1235 248 primo
1244 203 1494 250 comprehendit
1504 200 1725 247 semet-ipsum
1738 227 1749 245 ‚
1758 202 2014 250 quiadiligendi

1126 255 1278 290 Proximi
1288 256 1429 289 formam
1440 255 1589 289 Dilestor
1599 253 1636 288 in
1646 252 1830 296 semet-ipso
1843 255 1964 299 accipit
1975 280 1984 288 .

1177 305 1333 349 Ejusdem
1358 305 1536 340 Sententiae
1561 304 1626 339 fuit
1662 304 1789 337 sanstus
1815 303 2012 346 Cyprianus.

1128 355 1262 390 Etenim
1270 356 1339 399 ejus
1349 357 1607 400 extrema‚quam
1618 353 1764 388 Paffioni
1776 363 1815 387 ac
1828 354 1929 386 morti
1943 364 2016 394 pro-

1127 406 1237 439 ximus
1247 406 1368 449 scripfit
1380 405 1421 439 ad
1432 406 1525 439 suum
1537 405 1673 439 Clerum
1686 429 1697 445 ‚
1724 402 1874 447 Epistola.
1896 400 1995 436 habet
2006 414 2016 434 τ

1128 459 1206 497 Vos,
1232 459 1362 489 Fratres
1386 454 1551 496 Cbariffimi
1570 480 1581 495 ,
1614 463 1672 497 pro
1695 451 1862 497 Disciplina
1886 477 1897 493 ‚
1923 463 2016 494 quam

1136 507 1173 539 de
1193 502 1353 538 Mandatis
1374 507 1537 539 Dominicis
1558 507 1578 537 ἂ
1610 516 1656 538 me
1679 503 1798 548 semper
1831 500 1980 544 accepistis
2006 524 2019 541 ,

1127 556 1162 591 ὑ·
1173 553 1336 598 secundum
1355 556 1438 597 quod
1457 567 1503 589 me
1523 555 1674 588 trac‘lante
1689 553 1844 598 saeptfflme‘
1854 550 2018 591 didicistis,

1128 611 1256 648 quietem
1274 607 1309 640 ό·
1318 601 1572 648 tranquillitatem
1583 614 1690 639 tenete.
1706 609 1713 616 “
1728 609 1781 637 Ne
1791 601 1952 646 quisquam
1962 611 2014 635 ve·

1121 655 1218 695 strum
1230 658 1362 698 ‘aliquem
1382 657 1544 690 tumultum
1564 657 1602 688 de
1614 653 1773 695 fratribus
1794 663 1935 693 moveat,
1957 659 2013 684 aut
2079 693 2089 700 ‘

1129 706 1207 739 ultra
1226 704 1261 748 se
1287 705 1455 740 Gentilibus
1472 703 1579 747 offerat
1599 719 1610 738 .-
1638 701 1849 746 Apprebensus
1874 709 1954 736 enim
1979 702 2015 735 Θ·
2035 691 2160 735 EP¹st·⁸3

1129 757 1265 789 traditus
1286 758 1363 799 loqui
1381 756 1503 803 debent
1518 758 1551 789 si
1572 755 1693 798 quidem
1721 759 1754 786 in
1791 752 1874 786 nobis
1905 750 2019 793 positus

1131 808 1275 839 Dominus
1297 808 1351 840 illa
1370 799 1445 839 bora
1462 807 1627 849 loquutur:
1653 806 1720 849 ‚Qui
1739 814 1791 836 nos
1802 801 2020 844 confiteri-ma·

1125 861 1174 899 gis
1194 856 1309 896 voluit,
1336 851 1594 899 quam‘Pr-ofiteri.
1622 855 1816 890 Extremam
1828 850 1914 886 hanc
1924 852 2019 885 suam

1131 915 1245 938 vocem
1272 906 1460 949 Cyprianus
1480 918 1522 942 ex
1551 906 1667 942 animo
1696 902 1911 939 commendat
1937 926 1949 942 ‚
1983 901 2018 935 δε

1130 953 1281 1000 adjungit
1301 956 1484 990 rationem:
1511 958 1725 1000 ‚Quodcumque
1741 953 1800 998 sub
1823 954 1873 987 illo
1894 949 2017 995 Confes-

1123 1002 1213 1045 Jr‘onis
1234 1015 1377 1039 momento
1397 1005 1545 1048 confessor
1577 1004 1742 1049 Episcopus
1763 1005 1893 1046 loquitur
1920 1027 1932 1042 ,
1965 1002 2021 1034 ad-

1126 1052 1266 1097 spirante
1285 1059 1367 1096 Deo,
1393 1067 1442 1088 ore
1458 1062 1587 1089 omnium
1609 1057 1747 1098 loquitur.
1776 1053 1849 1088 Et&
1873 1052 2022 1087 Paterno

1132 1103 1251 1138 Africae
1267 1104 1494 1140 Pro-Consule
1511 1104 1784 1149 comprehensus,
1812 1112 1912 1146 atque
1925 1103 2024 1135 inter-

1131 1163 1285 1198 rogatus,
1303 1155 1416 1198 Jufficm
1436 1152 1474 1193 est
1503 1160 1596 1189 etiam
1627 1165 1662 1188 ut
1698 1152 1888 1191 Presbyteros
1925 1157 2022 1193 requi·

1131 1201 1220 1245 ram,
1245 1206 1310 1239 volo
1331 1217 1397 1249 ergo
1418 1201 1496 1248 sitire
1509 1213 1568 1247 per
1588 1214 1618 1238 te
1632 1230 1642 1245 ‚
1667 1210 1719 1247 qui
1734 1202 1795 1245 fini
1807 1201 1981 1240 Presbyteri
2009 1225 2022 1241 ‚

1132 1259 1183 1295 qui
1203 1259 1235 1286 in
1257 1253 1312 1287 bac
1323 1259 1460 1290 civitate
1469 1253 1635 1298 consistunt.
1665 1254 1709 1288 Et
1720 1252 1912 1297 respondet.-
1939 1255 2025 1296 Legi·

1133 1303 1188 1336 bus
1210 1303 1315 1344 vestris
1333 1305 1406 1339 bene
1427 1314 1520 1348 atque
1539 1307 1654 1339 utiliter
1663 1302 1813 1347 censuistis
1834 1314 1887 1335 nos
1910 1303 2024 1336 delato-

1133 1365 1182 1387 res
1194 1365 1251 1387 non
1263 1355 1333 1398 effe.
1360 1358 1468 1398 ltaque
1480 1367 1528 1388 eos
1547 1353 1687 1389 exhibere
1709 1366 1766 1387 non
1783 1353 1942 1397 poffumus.
1965 1352 2028 1386 sed

1134 1415 1227 1447 neque
1244 1403 1345 1448 ipfise
1365 1406 1444 1439 ultro
1465 1405 1614 1446 offerunt,
1639 1417 1705 1439 cum
1715 1404 1765 1437 boc
1777 1406 1933 1444 Scriptura
1946 1400 2019 1444 san-

1134 1453 1355 1496 c‘i'aprohibeat.
1384 1460 1409 1487 Α
1421 1465 1451 1489 te
1460 1461 1541 1490 enim
1550 1454 1663 1497 quaefiti
1675 1459 1879 1487 invenientur.
1907 1451 1956 1485 Ita
1968 1449 2026 1485 ha-

1135 1503 1214 1538 bent
1236 1504 1374 1548 antiqua
1395 1514 1494 1549 atque
1511 1503 1716 1539 Authentica
1738 1503 1837 1538 sansti
1865 1501 2026 1545 Cypriani

1136 1553 1228 1588 Acta.
1256 1553 1301 1588 Et
1328 1554 1391 1589 alia
1416 1553 1500 1589 Asta
1522 1553 1665 1590 habent:
1693 1551 2023 1597 CumDiJ'ciplinapro-

1135 1603 1236 1637 bibeat
1247 1628 1258 1644 ,
1284 1613 1318 1637 ut
1343 1611 1411 1647 quis
1427 1603 1462 1648 se
1473 1606 1552 1639 ultro
1562 1605 1667 1646 offerat
1677 1630 1687 1646 ‚
1699 1607 1734 1639 6*
1744 1614 1806 1637 tuae
1816 1614 1929 1646 quoque
1943 1605 2024 1635 Cen·

1130 1652 1215 1696 surae
1236 1653 1288 1688 hoc
1306 1653 1493 1697 displiceat,
1519 1667 1571 1690 nec
1596 1656 1700 1697 offerre
1728 1653 1765 1699 se
1793 1653 1850 1696 ipfi
1868 1652 1987 1696 possunt
2012 1676 2026 1693 ,

1131 1703 1191 1748 sed
1211 1706 1231 1735 ei
1249 1713 1279 1737 te
1301 1705 1436 1753 exquisiti
1456 1712 1669 1740 invenientur.
1697 1705 1742 1741 Et
1761 1702 2027 1741 infunebriFra-

1136 1754 1195 1788 tris
1217 1755 1266 1788 sui
1289 1753 1418 1789 Caesarii
1438 1756 1606 1790 Encomio
1620 1755 1732 1790 scribit
1751 1755 1879 1789 sanstus
1900 1753 2028 1803 Grego-

1136 1804 1203 1838 rius
1214 1799 1466 1840 Nazianzenus.-
1493 1809 1560 1840 Lex
1583 1806 1679 1848 nostra
1696 1805 1823 1850 sancit,
1849 1813 1884 1837 ut
1903 1811 2026 1847 urgente

1137 1855 1256 1896 quidem
1266 1863 1396 1898 tempore
1407 1864 1464 1899 pro
1484 1862 1617 1890 veritate
1645 1857 1811 1898 periculum
1837 1856 1983 1888 adeamus
2012 1877 2024 1893 ,

1143 1909 1196 1937 nec
1217 1906 1365 1938 Pietatem
1379 1912 1437 1947 per
1457 1911 1615 1950 ignaviam
1641 1908 1808 1948 prodamus
1833 1917 1840 1938 ε
1869 1904 2029 1949 ‚Quamdiu
2043 1907 2171 1938 Oramo

1137 1963 1237 1987 autem
1256 1955 1324 1988 licet
1339 1979 1350 1995 ,
1370 1956 1506 1997 pericula
1514 1954 1581 1999 ipsa
1592 1968 1628 1989 ne
1643 1964 1838 1998 provocemus
1851 1967 1865 1996 ;
1884 1953 1951 1996 five
1963 1959 2028 1987 ani-

1133 2014 1257 2049 marum
1276 2004 1439 2045 nostrarum
1459 2015 1559 2046 metu,
1578 2005 1645 2048 five
1664 2016 1698 2039 ut
1719 2012 1758 2039 iis
1768 2003 1950 2048 consulatur,
1976 2010 2028 2047 qui

1132 2055 1297 2095 perandum
1318 2054 1400 2087 nobis
1424 2055 1569 2098 inferunt.
1599 2056 1670 2103 Qi
1691 2056 1783 2089 enim
1806 2055 2027 2098 semet-ipsum

1137 2103 1233 2138 offert
1252 2103 1442 2139 &obtrudit
1466 2129 1476 2145 ‚
1503 2106 1563 2139 suo
1582 2106 1713 2150 corpori
1733 2103 1887 2149 injuriam
1908 2105 1988 2138 facit
2013 2130 2026 2146 ‚

1138 2154 1171 2189 &
1200 2152 1390 2189 scandalum
1422 2155 1625 2191 Persecutori
1656 2181 1664 2188 .
1703 2155 1878 2191 Caesarium
1917 2154 2030 2190 laudat

1138 2205 1229 2248 quod
1253 2203 1312 2239 sub
1335 2204 1457 2249 Iuliani
1480 2205 1622 2250 imperio
1633 2206 1726 2241 istam
1736 2207 1861 2253 Legem
1881 2205 2030 2240 observa-

1137 2256 1189 2289 rit.
1223 2255 1358 2291 Etenim
1381 2256 1501 2302 Magni
1536 2256 1645 2291 Bafilii
1667 2256 1844 2297 Parentes,
1871 2255 1961 2301 quod
1990 2256 2027 2290 in

1137 2307 1284 2350 praesenti
1306 2306 1770 2341 Diocletiani&Maximiani
1793 2306 2026 2341 Persecutione

1138 2356 1232 2391 istam
1246 2359 1371 2403 Legem
1382 2357 1597 2392 custodierint
1612 2382 1622 2398 ,
1648 2357 1758 2392 laudat
1773 2358 1807 2392 in
1831 2355 1962 2391 funebri
1988 2356 2026 2390 il-

1137 2406 1199 2442 lius
1212 2407 1379 2442 Encomio
1390 2432 1400 2448 ,
1411 2417 1510 2451 atque
1522 2406 1710 2453 subjungit:
1737 2411 1804 2441 Lex
1816 2405 2025 2445 Martyriihaec
2040 2407 2162 2438 Orat.20

1136 2458 1196 2499 est,
1221 2468 1255 2492 ut
1265 2469 1317 2491 nec
1326 2469 1378 2490 nos
1400 2459 1478 2491 ultra
1498 2460 1544 2491 ad
1561 2467 1711 2492 certamen
1743 2458 1936 2497 accedamus,
1967 2456 2025 2490 hac

1136 2514 1277 2542 nimirum
1296 2514 1412 2542 ratione
1430 2517 1495 2540 tum
1519 2506 1757 2550 Persecutoribus
1780 2532 1791 2548 ,
1816 2517 1880 2541 tum
1900 2505 2025 2541 imbecil-

1134 2558 1255 2592 lioribus
1277 2558 1405 2592 Athletis
1415 2556 1593 2601 consuluistis
1604 2570 1619 2601 ;
1646 2569 1697 2591 nec
1706 2559 1771 2592 cum
1785 2557 1953 2602 praesentes
1972 2555 2024 2600 fic-

1134 2621 1222 2650 mus,
1247 2604 1397 2642 certamen
1418 2607 1623 2642 detreHemus.
1650 2609 1733 2642 Illud
1748 2615 1858 2651 quippe
1870 2613 2022 2642 temerarii

1133 2670 1167 2692 ac
1181 2664 1351 2701 praecipitis
1363 2657 1401 2699 est
1413 2665 1530 2705 animi,
1546 2657 1597 2691 boc
1607 2660 1707 2691 timidi
1719 2659 1754 2692 Θ
1764 2664 1887 2703 ignavi.
1916 2656 2022 2705 Qod

1134 2710 1240 2753 ipsum
1264 2709 1298 2742 in
1319 2709 1503 2744 Moralium
1514 2707 1618 2743 Libro
1627 2708 1724 2743 docet
1737 2733 1747 2749 ,
1772 2708 1951 2743 &Divinis
1974 2710 2021 2741 te-¹

1133 2758 1296 2793 stimoniis
1308 2758 1510 2793 demonstrat
1530 2758 1677 2803 Magnus
1690 2758 1832 2792 Bafilius.
1862 2757 1905 2791 Et
1931 2756 2018 2800 apud
2035 2751 2156 2786 Reg.6r.

1132 2809 1266 2844 Eusebii
1299 2809 1507 2844 Caesaraeensis
1540 2809 1796 2843 Ecclefiasticam
1834 2808 2019 2842 Historiam

1131 2859 1237 2893 exstat
1258 2859 1391 2903 insignis
1413 2859 1560 2903 Epistola
1583 2859 1785 2901 Smyrnenfis
1806 2857 1955 2891 Ecclefiae
1975 2858 2018 2893 ad

1131 2908 1318 2944 Philomilii
1329 2910 1363 2942 in
1374 2909 1485 2944 Ponto
1498 2935 1508 2950 ,
1535 2921 1574 2943 ac
1595 2919 1713 2942 omnes
1733 2906 1791 2941 sub
1812 2906 1883 2950 celo
1905 2907 2020 2943 Eccless

1130 2958 1210 2999 fias,
1236 2970 1307 3002 quae
1327 2970 1429 2994 omne
1447 2959 1547 2993 sansti
1580 2958 1756 3001 Polycarpi
1790 2958 1839 2991 sui
1861 2958 2019 3003 Episcopi

1129 3009 1332 3052 Martyrium
1353 3009 1460 3052 ample
1481 3008 1619 3052 exponit
1639 3032 1650 3049 ‚
1675 3009 1710 3041 δε
1732 3006 1824 3041 addit
1850 3008 2017 3052 quendam

1130 3058 1296 3104 Phrygem
1306 3060 1473 3108 Qinturn
1486 3083 1496 3098 ‚
1522 3058 1595 3092 vifis
1609 3058 1684 3091 feris
1696 3082 1707 3097 ,
1732 3069 1770 3091 ac
1782 3057 1856 3091 aliis
1872 3068 2016 3093 tormen-

1128 3109 1192 3151 tis,
1218 3109 1327 3143 statim
1360 3107 1530 3153 trepidaffie
1563 3107 1598 3140 in
1630 3107 1796 3150 fediffimae
1822 3106 2014 3154 abnegatio·
2069 3124 2071 3126 ·

1130 3158 1180 3192 nis
1201 3160 1343 3202 Lapsum
1355 3184 1364 3199 ,
1390 3160 1424 3192 ὅ(
1449 3157 1608 3191 Eusebius
1620 3158 1684 3191 suis
1695 3157 1800 3192 verbis
1812 3157 1913 3192 edicit
1924 3160 2015 3193 caus-

1128 3210 1195 3242 sam
1217 3221 1224 3240 :
1252 3209 1396 3241 Declarat
1416 3209 1520 3240 eadem
1550 3207 1681 3249 Epistola
1702 3232 1713 3248 ,
1748 3209 1833 3241 illum
1859 3220 1916 3241 non
1938 3216 2013 3251 pru-
2029 3206 2125 3245 Libar-

1127 3260 1212 3292 denti
1236 3264 1331 3291 animi
1346 3256 1509 3298 provisione
1535 3258 1570 3291 &⁸
1594 3256 1701 3299 consilio
1732 3257 1896 3291 adduc‘lum
1922 3283 1934 3299 ‚
1953 3258 2015 3302 sed
2027 3257 2141 3286 C³P·¹4·

1127 3310 1235 3342 temere
1261 3311 1295 3343 eb·
1320 3306 1403 3349 quafi
1430 3298 1582 3349 rspentino
1611 3316 1701 3341 vento
1720 3313 1878 3341 incitatum
1896 3333 1907 3348 ‚
1944 3310 2011 3342 cum

1126 3359 1196 3391 aliis
1218 3359 1262 3391 ad
1270 3357 1406 3392 tribunal
1416 3358 1546 3402 judicis
1555 3358 1655 3401 ruisse:
1683 3357 1938 3401 ,Quifimul-atque
1959 3359 2009 3392 de-

1121 3407 1286 3451 prehensus
1310 3407 1466 3440 tenebatur
1488 3432 1499 3447 ‚
1525 3406 1633 3448 illustre
1658 3409 1693 3442 Θ·
1718 3410 1846 3442 evidens
1871 3408 2009 3441 omnibus

1125 3460 1292 3499 exemplum
1308 3456 1481 3500 proposuisse
1505 3481 1515 3497 ‚
1541 3469 1578 3491 ne
1604 3457 1814 3499 inconsiderate
1839 3459 1874 3491 &
1897 3464 2008 3499 impru-

1126 3509 1229 3542 denter
1266 3505 1424 3551 istiusmodt
1460 3507 1547 3542 rebus
1579 3506 1627 3549 se.
1648 3508 1812 3550 aliquando
1838 3507 2004 3549 objicerent.

1568 3559 1602 3594 O
1654 3568 1678 3596 2
1926 3555 2006 3589 Haec
