2346 3776
216 186 1036 296 sYNOPSIS

1114 183 2048 294 “ΏΑΝΟΝΠΜ

223 433 226 435 ,
293 388 387 441 ΕΤ
421 386 1054 443 CAP1TUL0RUM,
1091 382 1227 447 Qu
1261 383 1419 429 Hoc
1455 383 1704 436 PRIMO
1736 377 1965 438 ΤοΜο

741 451 1516 551 EXPONUNTUIR.

721 602 892 673 Synopfis
925 606 1118 652 Canonum
1150 600 1330 663 Nicaenae
1364 597 1502 663 Synodt'
1514 633 1528 646 .

516 743 692 781 CANON
742 745 767 780 1.

265 800 282 838 1
300 798 372 842 quis
393 797 413 832 ὲ
433 796 598 836 Medicis,
625 795 676 830 vel
689 794 832 831 barbaris
854 792 900 829 est
916 794 1062 829 exsectus
1077 818 1088 834 ,

289 847 333 883 ad
344 847 480 884 Clerum
491 845 701 891 suscipiatur:
728 846 827 881 Secus
838 845 896 890 qui
911 845 943 879 se
957 844 966 877 i
970 846 1024 888 pse
1039 855 1088 879 ca·

478 906 525 933 .2

512 905 694 982 (334AN0N
720 946 761 981 11.

202 995 412 1042 Neophyti
402 1011 438 1035 m
452 998 659 1047 Episcopos,
684 1008 741 1034 aut
753 995 968 1041 Presbyteros
984 1005 1027 1029 ne
1037 1005 1089 1029 or-

250 1046 427 1084 dinentur
456 1046 583 1095 Ρι36.

464 1098 467 1100 ’
511 1096 689 1134 CANON
715 1098 774 1133 111.

199 1146 466 1184 Subintrodustae
497 1149 651 1184 mulieres
694 1146 826 1190 nonnifi
858 1144 1048 1193 propiriquae,
1068 1143 1087 1179 a

252 1198 393 1233 Clericis
405 1198 587 1241 habeantur
599 1223 607 1231 .
634 1208 664 1241 p.
683 1206 766 1243 237.
788 1206 792 1210 ·

511 1246 685 1281 CANON
712 1246 774 1279 lV.

203 1295 359 1339 Episcopi
368 1296 386 1329 a
399 1295 505 1335 tribus
515 1296 557 1330 ad
577 1295 688 1329 minus
699 1295 871 1338 Episcopis
885 1293 1086 1330 ordinentur.

249 1343 474 1380 Confirmatio
486 1344 761 1388 Metropolitano
768 1344 948 1380 deferatur.
975 1357 1005 1391 p.
998 1356 1086 1395 ⁴39·

512 1394 689 1431 CANON
715 1394 760 1429 V.

201 1422 498 1481 Excommunicati
522 1446 565 1480 ab
577 1446 672 1480 aliis
663 1457 698 1479 in
712 1445 995 1481 communionem
1017 1457 1087 1481 non

249 1495 466 1553 recipiantur.
497 1496 578 1533 Duo
589 1496 791 1540 quotannis,
819 1497 854 1531 in
870 1497 989 1541 quavis
1008 1496 1090 1532 Pro·

250 1545 385 1587 vincia,
410 1546 567 1583 Concilia
579 1545 805 1580 celebrentur.
832 1558 861 1592 p.
880 1555 962 1595 243.

510 1595 685 1634 CANON
711 1595 772 1637 VI.

253 898 384 933 stravit.
411 909 486 946 pag.

203 1641 415 1681 Alexandrian
424 1647 606 1692 Episcopus
616 1657 671 1690 per
686 1645 929 1691 AEgyptiacam
944 1671 955 1688 ,
980 1646 1030 1682 uti
1058 1647 1090 1681 δε
1113 1687 1115 1689 v

253 1706 309 1739 per
320 1697 391 1733 suas
402 1698 567 1733 Dioeceses
580 1695 864 1738 aliiPatriarchae,
892 1698 983 1741 juxta
1009 1697 1092 1732 anti-

250 1756 352 1789 quam
363 1747 637 1783 consuetudinem
649 1745 767 1782 habeat
779 1746 972 1791 potestatem
982 1772 989 1780 .
1017 1747 1088 1795 Qi

253 1806 364 1839 praeter
386 1797 610 1840 Metropolitae
639 1798 837 1832 sententiam
868 1798 967 1832 factus
993 1798 1091 1832 fuerit

258 1844 467 1888 Episcopus,
493 1846 674 1889 Episcopus
703 1857 771 1879 non
790 1848 854 1886 fit,
879 1856 1029 1889 oportet.
1058 1847 1091 1879 Si

254 1896 428 1927 communi
443 1894 576 1928 decreto
587 1895 680 1934 duo,
706 1905 761 1929 aut
774 1905 838 1929 tres
849 1895 1093 1936 contradicant,

255 1943 404 1989 plurium
424 1943 587 1980 sententia
599 1943 767 1977 obtineat.
795 1956 823 1988 p
837 1955 916 1994 244.

511 1992 685 2028 CANON
714 1991 791 2026 Vll.

206 2043 351 2081 Ecclesia
362 2043 672 2086 Hierosolymitana
703 2041 866 2088 dignitate
879 2041 1092 2087 metropolim

258 2092 487 2137 subsequatur.
519 2102 648 2141 p.247.

494 2142 669 2180 CANON
697 2142 791 2177 VIII.

210 2191 346 2228 Cathari
368 2192 516 2228 ordinati
539 2218 551 2234 ,
577 2193 618 2228 ad
652 2193 833 2227 Ecclesiam
855 2192 990 2228 reduces
1016 2218 1028 2235 ,
1058 2193 1092 2228 in

260 2243 361 2278 Clero
373 2252 605 2287 permaneant.
601 2257 608 2264 ·
634 2242 753 2278 Fidem
766 2242 978 2278 Catholicam
1000 2245 1094 2287 profi·

258 2302 410 2328 teantur.
437 2294 616 2336 Episcopus
649 2292 750 2327 redux
772 2293 970 2337 Presbyterii
990 2292 1095 2330 hono-

259 2354 361 2384 rem,
387 2353 445 2379 aut
464 2343 567 2378 etiam
591 2343 749 2393 Episcopi
773 2355 897 2379 nomen
923 2342 1092 2379 obtineat.

261 2404 329 2440 122
358 2391 389 2430 8

332 2402 356 2442 4
512 2441 688 2481 CANON
715 2443 774 2478 IX.

210 2491 384 2536 Presbyter
408 2493 476 2527 fine
497 2494 653 2529 examine
673 2494 846 2529 ordinatus
867 2519 878 2536 ,
905 2505 962 2530 aut
985 2495 1094 2539 postea

258 2543 386 2577 crimen
402 2544 566 2583 consessus
575 2569 586 2585 ,
605 2545 642 2585 in
653 2544 882 2579 Ecclesiastico
894 2546 1013 2581 ordine
1023 2558 1093 2581 non

259 2593 476 2629 admittatur.
503 2605 533 2638 p.
545 2604 624 2640 251.

524 2643 700 2680 CANON
725 2643 768 2678 X.

214 2691 333 2736 Lapfi,
357 2705 413 2738 per
432 2694 658 2740 ignorantiam
694 2694 746 2729 vel
777 2693 1094 2740 diffimulationem,

262 2743 405 2779 ordinati
416 2745 625 2790 deponantur
637 2769 645 2776 .
673 2756 701 2788 Ρ.
714 2751 755 2786 25
763 2756 794 2782 z.

516 2794 689 2832 CANON
718 2795 778 2830 XI.

212 2839 407 2877 Idololatras
427 2855 482 2889 per
504 2844 639 2883 trIennii
668 2843 885 2880 Audientiam
907 2871 919 2887 ‚
943 2846 1091 2881 sexennii

260 2891 509 2931 substrationem
521 2919 532 2936 ,

261 2941 387 2979 niteat.
414 2954 442 2991 p.
466 2954 506 2991 25
513 2954 545 2990 3.

516 2993 689 3031 CANON
717 2993 793 3032 XII.

214 3042 390 3079 Desertum
410 3042 536 3081 militiae
559 3046 730 3090 cingulum
757 3056 961 3091 repetentes,
987 3047 1094 3082 tribus

263 3093 358 3127 annis
384 3092 469 3128 inter
489 3091 694 3137 Audientes,
721 3097 835 3131 decem
858 3099 942 3132 inter
962 3097 1093 3132 substra-

263 3152 342 3183 tos,
368 3142 453 3177 inter
465 3143 688 3183 Confistent'es
700 3157 758 3195 pro
769 3148 925 3192 Episcopi
937 3147 1093 3183 arbitratu

265 3192 524 3240 permanebunt.
551 3205 581 3237 p.
593 3202 672 3240 257.

516 3244 691 3279 CANON
718 3245 808 3281 XIII.

215 3291 416 3328 Moribundi
447 3292 657 3329 absolutione
681 3296 913 3333 sacramentali
938 3309 1006 3334 non
1033 3299 1095 3343 pri-

265 3353 381 3378 ventur
404 3368 411 3376 .
457 3343 583 3379 Verum
605 3345 628 3378 si
649 3346 701 3380 cui
730 3345 804 3380 data
826 3349 870 3382 est
895 3348 1057 3383 Perfectio
1082 3372 1094 3390 ,

219 3412 221 3417 ·
268 3392 485 3434 convaluerit,
497 3394 539 3429 ad
551 3395 798 3435 consistentiam
812 3396 990 3436 reducatur.
1017 3399 1095 3432 Mo·

218 3460 221 3468 ‹
269 3442 412 3477 ribundo
423 3443 664 3480 perfectionem
679 3445 857 3489 postulanti
877 3458 949 3482 eam
962 3447 1094 3493 Episco-

275 3501 334 3539 pus
345 3503 402 3538 pro
414 3492 548 3530 arbitrio
573 3495 796 3540 impartietur.
824 3508 853 3542 Ρ.
869 3508 945 3546 259.

558 2907 597 2935 ac
619 2895 750 2936 biennii
770 2896 1011 2932 consistentiam
1027 2908 1090 2942 Ρω-

1455 736 1630 775 CANON
1656 738 1752 774 XIV.

1153 787 1246 833 Lapfi
1269 787 1512 826 Catechumeni
1532 789 1640 824 tribus
1660 792 1757 826 annis
1776 791 1838 826 fint
1859 790 1946 828 inter
1966 791 2039 832 Au

1201 839 1353 884 dientes;
1378 838 1557 892 postmodo
1567 851 1646 876 cum
1656 839 1916 885 Catechumenis
1928 855 2034 886 orent.

1202 900 1233 932 Ρ.
1246 890 1325 926 260·

1453 938 1629 988 CANON
1653 942 1734 979 XV.

1153 988 1356 1034 Episcopus,
1382 989 1575 1033 Presbyter,
1602 1002 1661 1029 aut
1671 994 1848 1037 Diaconus
1870 993 1912 1030 ad
1935 994 2037 1031 aliam

1200 1039 1370 1074 civitatem
1383 1050 1451 1074 non
1463 1042 1687 1082 transferatur.
1711 1044 1913 1080 Translatus
1924 1044 2040 1081 Eccle->

1200 1089 1251 1131 fiae
1262 1090 1325 1124 suae
1336 1088 1524 1132 restituatur
1533 1117 1542 1129 ,
1565 1102 1596 1134 p.
1608 1094 1690 1127 261.

1455 1139 1631 1175 CANON
1657 1141 1754 1176 XVI.

1151 1189 1275 1235 Clerici
1287 1190 1330 1226 ab
1342 1189 1488 1226 Ecclesia
1498 1192 1554 1225 sua
1564 1191 1770 1228 discedentes
1779 1218 1792 1236 ,
1811 1193 1848 1228 in
1861 1192 1962 1230 aliam
1975 1206 2045 1230 non

1200 1240 1426 1285 recipiantur,
1452 1241 1534 1285 quin
1546 1241 1654 1277 immo
1668 1242 1711 1277 ad
1726 1245 1892 1288 propriam
1918 1244 2024 1280 redire
2034 1270 2047 1285 ,

1201 1291 1303 1326 etiam
1334 1292 1585 1326 communionis
1625 1293 1812 1335 privatione
1847 1295 2049 1339 compellan-

1200 1349 1273 1376 tur.
1299 1340 1478 1376 Ordinatio
1495 1341 1599 1384 alieni
1611 1341 1737 1385 Clerici
1766 1344 1857 1380 irrita
1867 1344 2047 1382 habeatur.

1202 1403 1232 1436 P·
1257 1390 1339 1435 262}

1442 1439 1623 1476 CANON
1648 1436 1768 1476 XVII.

1153 1490 1276 1528 Clerici
1293 1492 1476 1532 neusuram
1495 1491 1700 1536 accipiant,
1726 1501 1784 1534 aut
1809 1494 1958 1539 sescupla
1980 1495 2051 1530 exi-

1201 1551 1304 1588 gant.
1332 1554 1363 1595 p.
1384 1541 1464 1579 262

1430 1589 1608 1627 CANON
1635 1592 1764 1627 XVIII.

1154 1642 1325 1685 Diaconi,
1351 1654 1412 1678 nec
1425 1642 1629 1686 presbyteris
1651 1642 1775 1678 Christi
1788 1644 1919 1688 Corpus
1947 1646 2047 1692 porri-

1204 1702 1307 1738 gant,
1332 1705 1394 1729 nec
1414 1702 1493 1729 ante
1517 1693 1699 1737 Episcopos
1722 1695 1809 1729 sacra
1826 1695 1941 1740 oblata
1970 1708 2051 1731 con-

1203 1744 1355 1788 tingant.
1382 1751 1437 1791 75.
1463 1742 1528 1778 Sed
1541 1743 1736 1787 Episcopo,
1762 1755 1820 1778 aut
1844 1746 2049 1790 Presbytero

1203 1794 1251 1828 eis
1273 1794 1462 1838 porrigente
1483 1793 1615 1828 Sacram
1653 1795 1929 1830 communionem
1963 1797 2053 1831 acci-

1204 1844 1315 1886 piant.
1342 1845 1416 1878 Nec
1429 1845 1464 1879 in
1477 1843 1591 1885 medio
1606 1843 1879 1889 Presbyterorum
1891 1847 1940 1888 eis
1965 1847 2053 1882 sede-v

1212 1893 1377 1928 reliceat.
1402 1905 1432 1936 Ρ
1442 1894 1528 1940 '263-

1464 1942 1641 1978 CANON
1666 1943 1761 1978 XIX

1162 1990 1369 2025 Paulianistae
1378 1991 1418 2025 ad
1432 1992 1614 2031 Eccleliam
1627 1993 1820 2029 accedentes
1831 1994 2047 2040 baptizentur.

1211 2038 1324 2081 Atque
1346 2040 1416 2077 ab
1408 2040 1448 2075 iis
1470 2041 1616 2075 ordinati
1636 2042 1896 2085 reordinentur.
1935 2048 2049 2086 Etiam

1209 2090 1426 2124 Diaconissae.
1454 2090 1487 2124 si
1507 2102 1579 2133 quae
1603 2092 1680 2126 vero
1706 2104 1843 2128 manum
1867 2095 2049 2139 impolitio-

1209 2151 1286 2174 nem
1308 2152 1368 2174 nec
1390 2140 1470 2175 dum
1482 2142 1668 2194 acceperint
1691 2143 1778 2178 inter
1803 2145 1904 2180 laicas
1924 2158 2048 2190 perma-

1210 2199 1331 2226 neant.
1358 2202 1388 2235 Ρ.
1399 2191 1480 2238 264.

1460 2241 1638 2277 CANON
1665 2242 1742 2277 XX.

1159 2290 1233 2333 Nec
1264 2291 1301 2326 in
1325 2291 1514 2327 Dominico
1538 2304 1600 2327 nec
1626 2293 1663 2327 in
1684 2294 1802 2330 diebus
1833 2296 2048 2339 Pentecostes

1207 2351 1341 2377 orantes
1351 2353 1461 2387 genua
1473 2343 1646 2379 flectantur
1658 2369 1665 2376 .
1692 2356 1724 2388 Ρ.
1738 2346 1819 2387 266.

1282 2441 1407 2485 Synopfis
1430 2446 1589 2479 Canonum
1608 2445 1714 2485 synodi
1737 2446 1918 2489 Sardicenfis
1930 2472 1938 2482 .

1488 2544 1667 2581 CANON
1693 2546 1720 2579 1.

1161 2592 1367 2651 Episcopus,
1387 2594 1437 2628 fia
1449 2606 1547 2638 parva
1559 2595 1738 2630 Civitate
1727 2607 1764 2630 in
1787 2596 1888 2633 aliam
1899 2599 2050 2633 transmi-

1209 2654 1344 2730 ςτπὲε,
1380 2645 1462 2680 laica
1482 2645 1585 2681 etiam
1607 2645 1850 2683 communione
1881 2648 2049 2694 privetur

1209 2706 1232 2739 P
1255 2706 1275 2731 2
1301 2701 1333 2747 5·

1472 2744 1649 2783 CANON
1676 2747 1718 2782 11.

1161 2795 1365 2840 Episcopus,
1390 2796 1413 2830 fi
1438 2797 1650 2832 fraudulento
1670 2805 1827 2841 praetextu
1839 2796 1957 2833 Sedem
1976 2809 2049 2834 mu-

1210 2847 1328 2880 taverit
1347 2870 1358 2887 ,
1395 2846 1515 2883 laicam
1537 2848 1814 2891 communionem
1839 2848 1894 2882 vel
1917 2849 1954 2891 in
1977 2849 2047 2893 fine

1209 2896 1364 2940 recipiat.
1392 2909 1421 2942 p.
1437 2895 1518 2938 288.

1460 2946 1636 2984 CANON
1661 2947 1720 2981 111.

1159 2996 1343 3041 Episcopus
1365 2998 1495 3039 nonnisi
1518 3008 1652 3033 vocatus
1681 2995 1723 3036 ad
1754 2995 1855 3032 aliam
1904 3000 2045 3036 transeat

1205 3046 1439 3088 Provinciam.
1470 3047 1558 3086 [nter
1580 3047 1762 3091 Episcopos
1772 3046 1938 3084 discordes
1966 3050 2043 3093 Epi-

1207 3097 1297 3141 scopi
1318 3095 1612 3141 comprovinciales
1633 3096 1787 3131 audiant.
1813 3097 1933 3142 Siquis
1953 3098 2044 3136 dam-

1206 3156 1304 3181 natus
1332 3147 1533 3181 Pontificem
1566 3145 1759 3187 Romanum
1794 3148 2038 3194 appellaverit;

1205 3196 1297 3240 quod
1335 3197 1401 3243 ipse
1431 3196 1594 3238 consuerit
1622 3221 1634 3239 ,
1673 3196 1917 3241 observandum
1962 3198 2009 3234 est
2033 3225 2041 3235 .

1207 3259 1235 3291 p.
1257 3243 1335 3292 289.

1211 3294 1216 3298 “
1461 3293 1637 3331 CANON
1663 3297 1725 3338 IV.

1158 3345 1360 3390 proponitur
1389 3371 1401 3389 ‚
1436 3357 1479 3388 an
1510 3347 1677 3390 pendente
1706 3349 1846 3394 depositi
1880 3348 2040 3395 Episcopi

1207 3395 1424 3440 appellatione
1455 3422 1467 3441 ,
1502 3406 1680 3441 antequam
1716 3399 1891 3436 Romanus
1925 3398 2040 3434 Ponti

1205 3447 1261 3480 fex
1283 3447 1486 3482 Sententiam
1506 3447 1642 3492 tulerit,
1667 3448 1771 3487 alium
1793 3457 1945 3501 oporteat
1968 3447 2041 3484 sub·

1207 3496 1361 3533 ssituere.
1386 3509 1459 3544 pag
1482 3505 1562 3545 294.
1982 3540 1984 3542 ¹

1911 3543 1992 3582 CA·
