2346 3776
50 1360 78 1391 F.
101 1361 167 1392 800

49 1477 83 1507 1..
103 1485 130 1506 ι.

49 1668 153 1705 ἱζμδ.

60 3142 96 3174 0
109 3142 159 3176 ⁴8·

598 133 909 186 δεΗοιιιε,
935 144 1012 180 ET
1038 136 1662 181 N0T1s1LLthTR‘AT1·

202 239 204 242 v
225 220 264 255 αὖ
273 217 377 262 haerefi
381 226 562 261 quacumque
571 215 617 247 ad
624 213 819 248 orthodoxam
826 212 1019 253 confeffionem
1029 225 1094 247 con·

226 269 323 310 verfi,
348 265 509 310 inscriptis
521 263 613 308 suam
623 264 770 309 abnegent
779 261 931 305 baerefim,
957 265 991 301 et
1004 264 1100 308 fidem

225 318 420 362 confiteantur
431 315 629 348 orthodoxam
640 340 648 348 .

277 369 411 402 Summa
418 365 593 400 difficultas
603 374 670 400 erat
678 364 719 400 de
730 364 796 399 illis
803 364 971 408 Episcopis
980 389 991 404 ,
1017 375 1100 409 quos

228 416 532 461 ineademcIvitate
552 415 706 451 diffenfio
731 414 932 459 duplicarat.
961 414 1100 451 Recedit

227 462 347 505 Canon
371 478 440 501 non
456 463 572 500 nihila
592 466 684 510 supra
705 474 887 499 memorato
899 462 1100 498 Melchiadis

226 516 402 553 PontificIs
413 526 471 561 pro
481 514 669 552 Donatistis
694 514 844 550 decreto:
871 513 1013 548 Mandat
1027 513 1100 548 No·

226 567 446 604 vatianensem
459 589 471 606 ,
496 567 557 601 five
583 565 759 611 posterius,
780 564 844 601 five
857 564 945 608 prius
967 563 1099 601 ordina-

224 626 297 653 tum
309 641 320 658 ‚
346 613 500 651 cathedra
512 615 626 651 cedere
638 640 649 656 ‚
674 616 820 649 futurum
834 639 844 654 ,
869 615 903 648 ὅ(
915 614 1048 657 quidem
1059 613 1099 648 de

224 666 409 703 orthodoxi
419 666 546 711 gratia,
572 665 644 701 solo
664 665 802 700 nomine
811 664 876 698 fine
896 663 1000 708 plebe,
1012 665 1045 698 ὅ(
1057 664 1099 698 ci-

226 717 327 752 vitate
347 716 548 761 Episcopum
567 741 580 758 ,
607 725 663 751 aut
689 714 775 749 certe
799 711 1026 748 descensurum
1064 714 1098 747 in

226 766 413 810 Presbyteri
422 765 558 801 titulum
579 790 591 807 ,
617 764 857 799 mittendumve
880 764 918 797 in
939 762 1100 807 Chorepi-

227 817 395 861 scopatum
406 840 414 848 .
442 815 496 849 Ex
503 826 571 859 quo
582 815 686 857 liquet
697 813 1014 858 Chotepiscopatum
1026 814 1102 847 fuis-

227 867 260 902 se
270 863 488 901 Ecclesiastici
508 865 613 899 officii
632 875 758 910 genus,
787 875 856 898 non
878 863 1022 898 absimile
1044 874 1100 896 no-

226 917 299 952 stris
319 913 544 949 Decanatibus
564 913 742 949 ruralibus.
771 914 816 949 Et
836 911 923 947 hanc
945 914 1099 956 pietatem

225 966 327 1000 etiam
350 963 562 998 Armentario
585 989 596 1005 ,
623 963 666 999 ad
688 963 954 998 Ebredunensem
987 963 1100 997 Eccle-

225 1016 306 1049 fiam
326 1013 444 1049 vitiose
465 1014 640 1056 ordinato,
667 1014 828 1059 impendit
856 1012 1010 1057 Synodus
1039 1012 1099 1048 Re-

225 1065 337 1109 jensis.
397 1062 404 1068 ”

231 1125 235 1128 ·
275 1115 370 1165 Qid
380 1114 480 1159 porro
490 1116 528 1151 sit
540 1116 611 1151 solo
622 1115 760 1150 nomine
771 1116 952 1159 Episcopus
963 1139 973 1155 ,
999 1113 1097 1151 docet

224 1176 288 1200 nos
298 1163 462 1210 Ephefina
483 1166 640 1209 Synodus
651 1190 663 1207 ,
689 1165 839 1200 Eustatio
859 1164 1010 1210 Pergenfi
1022 1164 1099 1208 Epi·

224 1217 348 1259 scopo,
372 1214 576 1259 Pamphyliae
600 1216 863 1260 Meti-cpolitano
876 1239 887 1255 ,
912 1213 1098 1257 quiSedem

224 1265 311 1300 male
332 1266 538 1301 renunciaret
564 1287 576 1306 ,
599 1264 737 1300 reddens
759 1276 817 1298 non
842 1263 1020 1306 Ecclefiaem,
1043 1261 1101 1307 sed

218 1314 315 1359 filum
339 1313 528 1358 Episcopatu
547 1319 675 1349 numnis
700 1313 834 1348 honorem
857 1339 868 1355 ,
894 1319 1098 1353 vocationem,

224 1367 260 1400 &
269 1369 497 1399 communionem
507 1389 522 1399 t
542 1363 593 1400 Et
596 1363 684 1408 apud
693 1363 916 1399 Theodorum
928 1364 1099 1398 Lectorem

224 1414 407 1457 Martyrios
433 1413 665 1450 Antiochenus
693 1414 899 1458 Episcopus,
926 1413 1100 1457 Episcopa-

224 1465 276 1499 tui
300 1464 517 1506 renuncians,
543 1464 719 1508 dicensque
739 1465 775 1498 in
787 1463 917 1508 publica
938 1462 1099 1498 Ecclesia:

226 1515 315 1548 clero
340 1519 542 1558 immorigero,
562 1514 671 1556 populo
681 1513 806 1555 rebelli,
833 1514 868 1548 cb·
892 1511 1027 1553 Ecclefiae
1036 1523 1101 1546 con-

226 1570 386 1598 tammam
404 1560 546 1598 renuntio
558 1588 569 1603 ,
589 1562 720 1606 servata
729 1567 850 1597 interim
869 1563 943 1597 mihi
964 1564 1101 1598 Sacerdo-

225 1620 263 1648 1ὶὶ
275 1614 442 1658 dignitate.
471 1612 576 1648 Porro
593 1615 729 1648 Sanetus
740 1613 887 1656 Cyrillus
908 1612 1103 1647 Alexandri-

225 1675 289 1698 nus
316 1664 499 1707 Episcopus
519 1687 530 1704 ‚
554 1664 589 1697 ὃς
615 1663 782 1698 Memnon
809 1661 991 1706 Ephesinus
1016 1687 1027 1703 ,
1052 1674 1103 1697 ac-

220 1714 341 1749 cusant
372 1712 532 1755 Ioannem
566 1710 818 1747 Antiochenum
848 1736 862 1754 ,
898 1712 988 1757 quod
1026 1713 1104 1756 ejus·

226 1762 322 1798 modi
353 1762 536 1806 Episcopus
566 1761 602 1797 in
624 1763 798 1805 Synodum
833 1761 1030 1807 Ephesumn
1054 1763 1103 1797 in·

225 1813 368 1848 duxisset
385 1838 391 1844 .

227 1873 258 1911 ᾖ(
277 1862 460 1898 Concludit
481 1861 602 1897 Canon
632 1875 640 1895 ε
667 1867 720 1897 Ne
744 1867 777 1895 in
803 1874 865 1897 una
889 1868 1017 1896 civitate
1043 1863 1101 1895 duo

225 1910 371 1955 'OE‘pfitopi
388 1914 555 1955 probentur
576 1911 697 1953 existere
717 1938 724 1944 .
751 1913 864 1996 (Ἔφη
890 1913 958 1956 cJus
980 1923 1101 1955 partem

227 1962 391 2007 ignoravit
402 1963 536 1997 Sanetus
549 1961 752 2007 Augustinus
762 1986 772 2002 ,
812 1973 867 1996 um
879 1963 958 1996 vivo
969 1962 1105 1997 Valerio

226 2011 490 2054 superordinetur
498 2010 721 2055 Hipponensis
730 2011 961 2056 Episcopus,&
973 2012 1060 2056 quod
1070 2012 1104 2046 in

226 2062 258 2095 se
270 2062 389 2097 fastum
399 2061 508 2097 doluit
518 2085 530 2102 ,
542 2060 751 2106 postmodum
762 2061 796 2096 in
808 2061 881 2097 aliis
892 2062 962 2098 fieri
974 2062 1083 2098 uoluit
1094 2086 1105 2102 ‚

730 2266 1284 2326 CANON

1112 1832 1115 1834 -
1170 1812 1288 1856 Longa
1308 1810 1355 1846 eff
1379 1810 1447 1846 haec
1458 1813 1609 1856 quaestio.

1164 214 1214 248 uti
1227 213 1337 248 scribit
1350 212 1386 246 in
1404 211 1473 255 ejus
1484 213 1551 248 vita
1562 215 1698 249 sanstus
1709 212 1870 253 Possidius
1881 244 1888 251 .
1916 219 2042 258 Eadem

1164 264 1255 299 enim
1281 262 1425 300 Ecclesia
1436 274 1506 298 non
1529 263 1602 308 plus
1623 264 1711 308 capit
1730 264 1814 299 duos
1835 267 2015 313 Episcopos
2028 294 2042 311 ‚

1165 315 1264 356 quam
1277 313 1390 348 eadem
1404 324 1489 348 uxor
1510 313 1595 348 duos
1627 314 1780 349 maritos.
1810 315 1923 363 Qare
1950 319 2041 354 Con-

1165 363 1277 398 stantii
1288 363 1455 409 Augusti,
1481 362 1653 399 Liberium
1665 363 1864 399 Pontificem
1876 366 1911 399 in
1923 367 2041 401 Sedent

1165 413 1371 453 reducentis,
1397 413 1503 451 &una
1524 426 1602 449 cum
1612 415 1739 450 intruso
1765 414 1875 450 Felice
1895 415 2042 451 secundo

1165 463 1271 498 sedere
1300 462 1464 506 jubentis,
1491 463 1630 499 Divales
1651 465 1792 500 Litteras
1810 465 1930 501 merito
1955 465 2042 510 apud

1163 511 1419 548 Theodoretum
1440 513 1505 547 risit
1527 514 1562 548 in
1575 515 1664 550 circo
1688 515 1865 550 Romanius
1879 516 2018 560 populus
2030 540 2043 559 ,

1164 575 1299 602 unoore
1322 563 1532 600 exclamans:
1559 568 1643 600 Unus
1663 567 1746 599 Deus
1758 590 1769 606 ,
1789 577 1868 599 unus
1880 565 2016 606 Christus
2030 591 2042 607 ,
2062 558 2202 596 1..4.c.14·

1163 625 1240 647 unus
1262 611 1427 657 Episi‘opus
1450 637 1458 645 .
1485 611 1592 648 Addit
1615 615 1821 649 Zosomenus
1842 630 1853 650 .·
1878 617 1975 650 Haud
1995 622 2043 650 ita

1159 663 1223 705 post
1255 669 1379 697 moritur
1411 664 1502 697 Felix
1519 687 1531 703 ‚
1565 662 1700 707 solusque
1733 665 1872 700 Liberius
1904 665 2041 707 Ecclefiae

1159 713 1266 755 praeest
1279 738 1286 745 .
1314 715 1408 756 ‚Quod
1428 716 1485 755 n‘on
1503 712 1566 755 fine
1588 715 1903 756 divinam-madentia
1918 716 2043 757 fadum

1163 763 1202 804 est
1213 787 1224 804 ‚
1249 775 1286 796 ne
1293 765 1382 796 Sedes
1395 766 1480 797 Petri
1491 764 1633 798 aduobus
1647 762 1832 806 Praefitlibus
1847 765 2043 812 gubernata,

1164 815 1199 847 &⁵
1219 815 1239 846 ἃ
1255 811 1453 856 sacrosanffls
1485 812 1620 855 Ecclefiae
1655 814 1786 859 Legibus
1814 808 1920 850 ialiena
1942 838 1954 854 ‚
1978 816 2043 848 ulla

1163 862 1301 903 infamiae
1331 873 1404 896 nota
1428 861 1644 908 respergeretur
1671 888 1679 896 .
1706 862 1806 902 Adeo
1829 858 1980 905 *Petrum
2004 864 2043 902 δε

1164 912 1287 948 Paulus
1298 924 1468 956 nequeunt
1480 913 1576 948 simul
1587 914 1735 950 Romani
1759 914 1915 959 Episcopi
1924 913 2020 951 fuisse
2030 938 2043 946 .

1213 962 1361 1010 Qaestio
1371 964 1415 997 est
1429 987 1439 1004 ,
1466 974 1509 998 an
1519 961 1576 998 hic
1599 963 1721 999 Canon
1733 965 1771 999 fit
1793 963 1959 1005 Divinus,
1983 972 2045 998 aut:

1162 1012 1248 1046 certe
1259 1011 1493 1056 Apostolicus?
1518 1014 1654 1048 Sanetus
1666 1015 1897 1058 Hieronymus
1908 1015 2043 1058 respon-

1161 1062 1217 1096 det
1236 1074 1306 1097 non
1328 1064 1392 1097 esse
1404 1088 1411 1094 .
1439 1062 1616 1097 Existimat
1636 1065 1750 1108 primis
1774 1065 1924 1099 Ecclesia
1944 1064 2044 1098 annis

1165 1113 1331 1147 neminem
1342 1113 1378 1145 in
1389 1112 1567 1155 simplicem
1577 1112 1807 1157 Presbyterum
1818 1139 1831 1156 ,
1840 1113 1895 1149 sed
1903 1124 2042 1149 omnem

1161 1161 1394 1206 Presbyterum
1414 1162 1509 1198 fuisse
1525 1163 1690 1206 complete
1706 1163 1897 1199 ordinatum
1909 1163 1944 1197 in
1965 1163 2044 1206 Epi·

1163 1213 1296 1256 scopum
1306 1236 1317 1253 ,
1343 1222 1442 1256 atque
1448 1212 1495 1250 ita
1507 1212 1543 1246 in
1554 1212 1669 1249 eadem
1680 1213 1824 1249 Ecclesia
1847 1213 1960 1259 paffim
1971 1212 2044 1257 plu·

1165 1274 1214 1297 res
1225 1262 1407 1307 Episcopus
1416 1287 1428 1304 ,
1438 1274 1579 1305 quorum
1591 1265 1765 1299 communi
1774 1263 1916 1299 consilio
1926 1264 2043 1299 omnia

1165 1312 1380 1358 regebantur.
1407 1312 1566 1356 Postquam
1576 1317 1669 1355 vera,
1694 1314 1805 1358 inquit
1815 1315 1850 1348 in
1864 1313 2046 1349 Commen-

1166 1363 1254 1397 tariis
1264 1362 1417 1406 Epistola
1426 1362 1468 1397 ad
1478 1362 1623 1405 Titum,
1650 1362 1845 1408 unusquisque
1866 1376 1914 1397 eos
1931 1388 1942 1405 ,
1970 1356 2141 1406 questa?-
2158 1363 2186 1389 ι’

1164 1412 1359 1455 baptizant,
1379 1411 1449 1456 suos
1462 1411 1598 1455 putabat
1618 1413 1692 1457 affe,
1720 1425 1779 1447 non
1800 1412 1932 1453 Cbrtssi,
1957 1418 1991 1445 in
2004 1423 2050 1447 to-

1164 1472 1193 1496 to
1212 1462 1280 1496 orbe
1292 1461 1509 1503 decretumst,
1533 1472 1567 1496 us
1588 1473 1665 1496 unus
1688 1464 1727 1496 de
1748 1463 1934 1502 Presbyteris
1942 1460 2051 1505 super·

1159 1521 1320 1556 poneretur
1338 1517 1457 1546 eaeteris
1479 1536 1491 1552 ,
1518 1513 1566 1545 ad
1578 1523 1665 1555 quem
1691 1518 1787 1546 omnis
1809 1511 1944 1552 Ecclefiae
1972 1523 2047 1546 cura

1160 1567 1327 1605 pertineret
1340 1586 1352 1602 ‚
1377 1560 1614 1606 &schismatum
1620 1560 1737 1606 semina
1745 1563 1918 1598 tollerentur
1930 1587 1938 1595 .
1966 1562 2049 1597 Hoc

1165 1613 1211 1647 est
1225 1636 1236 1652 ,
1261 1621 1336 1647 toto
1352 1612 1433 1646 orbe
1456 1612 1623 1647 decretum
1635 1612 1681 1647 est
1701 1636 1713 1653 ‚
1739 1622 1777 1646 ut
1797 1611 2048 1656 Presbyteratus

1165 1662 1321 1705 deinceps
1330 1661 1371 1700 ab
1383 1662 1581 1705 Episcopatu
1596 1663 1792 1706 separaretur
1803 1687 1813 1703 ,
1838 1663 1872 1697 δε
1884 1661 1919 1696 in
1931 1663 2050 1706 quavis

1167 1712 1300 1746 civitate
1312 1723 1380 1746 non
1390 1711 1449 1745 nisi
1463 1712 1579 1746 unicus
1591 1711 1763 1756 Presbyter
1774 1713 1808 1746 in
1822 1712 2024 1756 Episcopum
2035 1737 2050 1753 ,

1168 1761 1273 1796 totius
1299 1759 1469 1797 Parochiae
1504 1762 1681 1796 Restorem
1722 1786 1734 1803 ,
1771 1763 2016 1797 consecraretur
2036 1787 2044 1793 .

2063 443 2204 474 L-ztezu

1634 1812 1814 1860 Qidquid
1837 1812 1897 1854 fit,
1923 1823 1965 1847 ex
1975 1812 2050 1846 aliis

1169 1861 1379 1896 documentis
1401 1860 1504 1906 longe
1525 1861 1739 1897 certissimum
1758 1862 1804 1896 est
1817 1886 1828 1902 ,
1854 1862 1963 1896 solum
1988 1861 2050 1896 Pe·

1170 1921 1258 1946 trum
1278 1911 1371 1945 fuiffe
1393 1911 1510 1946 Romae
1533 1911 1732 1955 Episcopum
1746 1937 1757 1954 ,
1782 1912 2051 1947 &memoratum

1173 1961 1191 1995 ὲ
1218 1961 1432 2004 Hieronymo
1469 1961 1646 1995 canonem
1672 1987 1684 2003 ,
1719 1963 1742 1996 si
1781 1972 1852 1996 non
1879 1960 2050 2007 Apostoli*

1142 2047 1148 2052 f
1174 2022 1250 2045 cum
1264 2035 1276 2051 ,
1299 2011 1386 2045 certe
1395 2011 1677 2060 antiquislimum‚
1703 2012 1843 2048 innovat
1863 2010 1919 2047 hic
1939 2011 2051 2048 noster

1174 2060 1331 2096 Nicaenus
1341 2085 1349 2094 .

1410 2265 1538 2349 tx.

378 2412 401 2458 1
434 2410 512 2476 qui
558 2408 806 2478 Presbyteri
841 2409 928 2460 fine
963 2411 1158 2459 examine
1204 2406 1300 2456 sunt
1347 2411 1540 2476 provecti
1576 2445 1590 2470 ,
1639 2411 1711 2460 vel
1759 2410 1860 2460 cum
1908 2409 2050 2460 discu-

414 2493 605 2529 terentur
638 2516 653 2541 ,
699 2495 881 2547 peccata
915 2478 987 2530 sua
1034 2477 1210 2531 confessi
1245 2476 1341 2526 sunt
1377 2514 1390 2538 ‚
1438 2482 1482 2528 &
1520 2479 1717 2532 homines
1763 2496 1917 2531 contra
1964 2485 2058 2533 Ca-'

413 2565 549 2598 nones
594 2553 806 2598 commoti
850 2566 1001 2600 manus
1049 2548 1243 2600 confeffis
1292 2550 1515 2616 imponere
1569 2565 1845 2600 tentaverunt
1882 2571 1895 2609 3
1945 2551 2059 2599 tales

413 2619 560 2682 regula
596 2637 684 2670 non
720 2619 916 2672 admittit
941 2641 953 2672 ε
994 2622 1110 2691 Qa
1124 2616 1256 2700 ⁴quod
1293 2618 1659 2691 irreprehensibile
1683 2620 1744 2670 est
1766 2658 1780 2686 ,
1817 2620 2054 2675 Catholica

228 2684 425 2738 defendit
456 2689 645 2738 Ecclesia
657 2727 670 2738 .

450 2812 869 2860 SCHOLION.

226 2902 234 2912 '
265 2903 298 2988 ἢ
333 2904 764 2948 Ntiquumordinandorum
790 2921 951 2950 examen,
976 2909 1106 2954 ejusque

257 3001 262 3006 ι
357 2954 495 2990 modum
516 2955 673 2992 habemus
693 2959 779 3002 apud
807 2960 940 2994 AElium
962 2960 1106 3004 Lampri-

229 3000 324 3035 dium
335 3028 346 3044 ,
373 3004 564 3040 scribentem
576 3007 618 3041 de
631 3007 824 3043 Alexandro
836 3010 989 3054 Augusto
1000 3036 1010 3051 ,
1036 3021 1108 3054 pro-

230 3061 387 3088 movente
411 3055 453 3088 ad
478 3055 624 3099 publicas
650 3058 852 3102 Reipublicae
885 3060 1103 3094 praefecturas.

230 3098 536 3139 Promovendorum
559 3112 678 3139 nomina
694 3109 897 3150 proponebat,
923 3110 1048 3143 hortans
1055 3118 1107 3151 po-

228 3151 333 3191 pulum
354 3178 364 3195 ,
389 3163 424 3187 ut
439 3153 471 3197 fi
487 3161 556 3198 quis
580 3158 656 3198 quid
673 3155 796 3192 haberer
817 3164 953 3193 criminis
967 3184 977 3199 ,
999 3160 1107 3202 proba-

231 3208 278 3233 ret
286 3202 455 3246 maenffestit
478 3206 586 3246 rebus:
607 3206 638 3247 fi
652 3218 709 3240 non
726 3207 872 3251 probaffi’t
884 3231 896 3248 ,
916 3207 1031 3253 subiret
1044 3219 1110 3252 poe-

234 3260 306 3284 nam
316 3260 425 3295 capms
439 3279 447 3287 .
474 3254 576 3300 quue
598 3256 697 3298 ideo,
724 3257 1107 3301 quodecChristianiita

233 3299 375 3338 flectent
395 3303 431 3338 in
440 3305 633 3340 ordinandis
655 3305 718 3340 suis
741 3307 984 3342 Sacerdotibus.
1012 3308 1109 3343 Adeo

233 3348 358 3405 placuit
380 3352 501 3389 Canon
524 3355 632 3390 noster
641 3357 759 3401 gentili
784 3357 945 3401 Principi,
977 3370 1012 3392 ut
1032 3371 1108 3393 eum

234 3410 271 3432 m
282 3399 405 3445 Legem
417 3404 580 3446 publicam
592 3407 792 3448 adsumeret,
820 3408 1023 3451 muniretque
1045 3420 1111 3452 poe-

234 3458 279 3482 na
300 3450 450 3506 capitali.
476 3454 555 3498 Ejus
576 3457 737 3491 examinis
756 3458 856 3492 etiam
883 3457 1110 3493 Tertullianus

235 3509 412 3540 meminit,
437 3502 633 3548 SanQusque
655 3507 842 3550 Cyprianus
859 3507 969 3543 scribit
993 3510 1027 3544 in
1051 3509 1110 3547 Ec·

336 3553 473 3589 canones
485 3556 641 3590 Cone-Nic.
654 3559 761 3592 TomJ.

1169 2812 1263 2848 clesia
1284 2808 1533 2856 Carthaginensi
1554 2811 1647 2846 fuisse
1670 2811 1860 2851 Presbytero:
1885 2810 2025 2846 Doc‘lores
2037 2837 2053 2853 ‚

1168 2874 1309 2907 quorum
1320 2873 1396 2897 cum
1411 2860 1573 2905 Episcopo
1584 2873 1734 2901 examen,
1747 2862 1781 2896 ἀ
1792 2860 1987 2905 approbatio
1997 2860 2050 2895 ad.

1169 2913 1311 2947 mitteret
1324 2911 1408 2945 alios
1421 2909 1463 2945 ad
1475 2909 1608 2945 Clerum
1623 2935 1635 2951 ‚
1648 2912 1730 2946 alios
1741 2913 1858 2947 faceret
1868 2911 1968 2947 Clero
1979 2921 2051 2956 pro-

1168 2963 1296 2996 ximos:
1325 2961 1439 3004 utique
1459 2972 1500 2994 ex
1513 2961 1652 2995 Canone
1664 2959 1882 3005 Apostofico,
1896 2961 2054 2996 mandan-

1152 3013 1202 3046 'te
1214 3011 1339 3046 nemini
1351 3010 1420 3045 cito
1432 3022 1547 3045 manus
1568 3011 1715 3054 imponi,
1746 3012 1779 3046 ἀ
1801 3012 2006 3047 ordinandos
2015 3012 2052 3046 fi-

1170 3074 1209 3095 ne
1219 3062 1357 3095 crimine
1368 3061 1431 3094 esse
1442 3084 1453 3100 ,
1465 3071 1562 3104 atque
1572 3060 1705 3104 desuper
1715 3061 1847 3102 discuti,
1858 3062 1892 3096 ὃ(
1902 3061 2031 3107 probari
2041 3084 2052 3094 .

1170 3111 1275 3146 Porro
1287 3111 1327 3145 ad
1341 3110 1450 3144 Eliam
1459 3109 1718 3153 Aquileiensium
1727 3111 1982 3157 Metropolitam
1992 3111 2052 3147 Pe-

1171 3162 1274 3205 lagius
1293 3161 1453 3195 secundus
1464 3159 1622 3194 Pontifex
1634 3161 1717 3195 reete
1738 3161 1869 3196 scribit:
1894 3162 2051 3198 Canones

1170 3213 1232 3245 esse
1243 3222 1356 3243 morum
1376 3211 1526 3253 Regulus,
1555 3210 1675 3254 quibus
1700 3214 1897 3255 quorumdam
1915 3213 2052 3256 fidelium
2065 3222 2201 3259 Came,

1171 3262 1291 3294 illicitas
1323 3260 1453 3293 afflones
1475 3262 1584 3298 synodi
1600 3263 1745 3303 judicant
1767 3287 1778 3302 ,
1805 3274 1839 3296 ac
1857 3263 2049 3306 refraenant,

1175 3311 1265 3343 bonas
1286 3312 1363 3353 leges
1388 3333 1398 3349 ,
1424 3311 1513 3342 malis
1534 3311 1664 3344 moribus
1686 3319 1881 3354 opponentes.
1912 3314 2052 3357 Lapsam

1171 3361 1250 3404 ergo
1263 3360 1424 3393 examinis
1432 3359 1640 3403 disciplinam
1651 3372 1775 3405 reparat
1787 3363 1896 3397 noster
1908 3362 2053 3404 Canon,

1171 3410 1370 3452 mandatque
1391 3409 1473 3443 illud
1495 3410 1564 3444 fieri
1588 3411 1674 3445 circa
1686 3423 1802 3447 ornnes
1817 3412 2047 3455 presbyteros,

1172 3460 1235 3493 huc
1271 3461 1372 3502 usque
1406 3459 1472 3493 fine
1496 3460 1567 3503 ipso
1594 3472 1785 3506 promotos,
1815 3473 1854 3496 ac
1876 3462 1912 3496 in
1934 3461 2049 3509 aliquo

1173 3509 1408 3554 impedimento
1421 3511 1626 3554 reperiendos
1639 3511 1842 3546 exaustorari
1856 3535 1863 3543 .
1951 3557 1983 3596 A

1591 3561 1607 3596 1
1632 3560 1645 3595 i
1695 3571 1719 3600 2
1916 3558 1948 3596 C
1985 3574 1997 3584 -
