2346 3776
663 87 1279 150 summisse-'rnons
1312 101 1693 159 niustria-rr.
1772 58 1824 115 .
1907 104 2018 162 389

250 198 359 234 nem
394 179 528 230 illum*-
544 181 570 238 ς’
588 178 697 245 ¹qui*
738 195 792 227 ex
825 176 1010 226 muliere>
1052 192 1180 226 natus
1213 175 1276 225 est
1308 213 1323 238 ,
1370 175 1492 244 quasi
1526 178 1710 228 alterum
1745 185 1997 252 quempiam
2032 188 2091 237 ab

251 250 353 320 'ipso
387 246 600 313 diversum
635 267 648 299 t
684 253 778 300 Aut
810 247 844 296 fi
876 249 976 315 quis
1010 246 1229 297 Christum
1264 265 1345 315 pro
1378 245 1513 316 seipso
1548 245 1725 318 quoque
1759 288 1773 311 ,
1806 258 1849 304 &
1883 273 1971 305 non
2007 276 2087 324 po-

250 322 350 372 tius
385 337 468 389 pro
501 319 638 372 nobis.
661 317 763 369 solis
808 316 1063 368 sacrificium
1097 316 1298 375 obtuliffe
1345 316 1625 379 affirmaverit
1637 356 1651 382 ,
1699 322 1718 382 (
1752 338 1891 389 neque
1926 329 2086 376 eninm„

259 395 300 442 is
334 390 557 451 oblatione
603 407 712 462 opus
749 387 939 441 habebat
956 426 986 460 V,
1033 392 1112 461 qui
1129 413 1131 415 ¹
1151 390 1325 455 ,nullum
1359 403 1591 459 peccatum
1623 390 1898 445 commiserat
1930 399 1948 466 >
1984 413 2085 447 ana-

258 461 408 524 thema
442 461 519 519 fit,
724 464 726 466 ’
832 462 833 465 ’
1055 465 1057 467 ’
1365 460 1374 470 “
1555 469 1560 474 ’
1644 481 1647 483 ·

677 639 964 704 ῼμευυιυΜ
999 635 1304 692 Nes-ronu
1338 637 1713 692 Carnutum-2

328 819 484 886 ,I--vquis
511 809 724 871 ..iilum'fssin
758 818 974 886 principio
1007 815 1200 868 Verbum
1235 851 1249 877 ,
1296 813 1552 871 Pontificem
1599 820 1644 866 δε
1678 816 1935 885 Apostolum
1982 837 2089 869 con«

363 889 549 938 fessionis
596 888 746 937 nostrae
762 893 765 895 ’
782 888 955 937 ξαᾶιιῐη
976 884 1056 935 effe
1089 924 1103 948 ,
1160 885 1289 953 seque
1324 885 1463 955 ipsum
1508 885 1708 939 obtulisse
1741 905 1822 955 pro
1856 889 1983 939 nobis
2019 890 2088 938 di-

253 973 330 1007 cat
363 995 377 1019 ,
425 963 467 1008 &
502 976 589 1007 non
625 959 920 1012 Emmanuelis
966 956 1046 1006 effe
1081 956 1339 1023 Apostolum
1374 956 1531 1006 dixerit
1564 994 1578 1019 ‚
1625 957 1996 1026 oblationemque
2027 958 2088 1009 se-

255 1028 446 1077 cundum
481 1027 663 1078 eandem
688 1031 911 1079 ‘rationem
957 1029 998 1077 ei
1034 1026 1197 1076 tribuat
1232 1063 1246 1087 ‚
1293 1029 1372 1094 qui
1408 1030 1552 1077 univit
1587 1065 1601 1088 ‚
1647 1028 1679 1077 fi
1714 1031 1812 1096 quis
1849 1033 1994 1079 unitus
2030 1029 2087 1078 ad

255 1116 386 1148 unam
422 1102 781 1149 communitatem
817 1100 917 1148 Filii
952 1135 965 1159 ,
1013 1098 1097 1146 hoc
1144 1097 1230 1158 est,
1266 1101 1368 1147 Deo
1403 1115 1500 1166 quae
1534 1100 1624 1155 Dei
1658 1135 1672 1160 ‚
1708 1104 1751 1149 δε
1786 1100 1954 1154 homini
1989 1118 2087 1169 quae

256 1167 352 1222 sunt
387 1170 575 1226 hominis
609 1168 823 1239 deputans
856 1169 1138 1239 ‚anathema
1173 1168 1251 1225 fit,

251 1324 253 1327 ’
447 1345 825 1428 sse-HOL‘IO
843 1345 918 1398 N,

351 1489 432 1526 Udi
447 1483 559 1525 ''ve'rba'
575 1490 722 1525 Nestorii
744 1484 907 1526 recitattta
930 1487 1148 1535 Saneto'Cy·

378 1540 457 1574 tilio
471 1540 625 1581 ‘iniibrjs
645 1540 797 1572 adversus
809 1540 914 1581 ipsum
931 1553 937 1572 :
965 1543 1023 1572 Hic
1033 1536 1146 1579 ‘illesfi-

251 1591 334 1628 delis,
356 1591 418 1622 Deo
432 1587 541 1629 fadus
563 1588 709 1630 Pontifex
735 1600 742 1620 :
764 1588 869 1629 fac‘lus
883 1589 921 1628 est
946 1595 1024 1634 enim
1049 1612 1060 1627 ,
1087 1599 1145 1626 non

254 1638 294 1671 ab
307 1630 418 1671 aeterno
429 1642 495 1670 er‘at
510 1662 517 1668 .
546 1639 762 1678 Hicp‘aulattm
784 1640 830 1670 ad
839 1627 991 1680 Pontificis
1016 1638 1144 1682 dignita-

255 1697 317 1721 tem
335 1687 499 1730 progreffus
524 1686 580 1727 est.
609 1687 649 1720 In
660 1685 796 1721 Christo
819 1687 975 1722 Domind
994 1688 1145 1721 nonnan-

255 1737 470 1771 tumnaturas
492 1736 691 1780 distinguit,
719 1737 816 1771 sed&
843 1736 1032 1781 hypostases
1057 1737 1142 1771 divi-

255 1788 307 1821 dit
331 1811 342 1827 ,
379 1787 520 1829 ideoque
541 1787 649 1820 solum
673 1798 790 1830 purum
825 1786 999 1822 hominem
1023 1811 1035 1827 ,
1071 1799 1141 1821 non

257 1838 370 1872 Deum
390 1836 541 1870 Verbum
562 1836 700 1870 blaterat
725 1838 865 1880 peccatis
889 1838 1008 1872 nostris
1029 1837 1144 1871 datum

257 1887 455 1921 Pontificem
479 1899 517 1920 ac
542 1883 763 1920 Mediatorem
790 1913 796 1919 .
824 1888 963 1931 ,Qubdfi
978 1889 1118 1921 Sacerdos
1133 1911 1144 1927 ,

258 1937 392 1981 inquit,
418 1937 455 1976 est
468 1935 534 1980 ipsa
563 1940 741 1977 Divinitas,
772 1936 911 1980 quisnam
940 1938 1001 1979 est,
1029 1944 1080 1980 qui
1091 1939 1141 1969 sa-

255 1988 385 2021 cerdotis
407 1986 541 2029 obsequio
561 1988 665 2020 colitur
690 1989 702 2021 ?
728 1989 760 2027 si
782 1990 865 2020 Deus
887 1987 925 2026 est
960 1995 1011 2031 qui
1038 1987 1143 2028 offert,

255 2048 340 2070 nemo
368 2036 406 2077 est
439 2043 488 2070 >eui
513 2036 654 2077 offl⁷ratur
695 2062 702 2070 .
747 2039 837 2080 ,Quid
860 2043 939 2070 enim
956 2037 996 2080 st't
1023 2041 1143 2070 Divini-

258 2093 318 2120 tati
331 2088 454 2130 dignum
465 2112 479 2132 ,·
486 2096 520 2120 ut
531 2089 586 2121 illa
597 2097 746 2130 tanquam
755 2087 881 2130 inferior
896 2090 1004 2129 majori
1015 2087 1119 2128 offerat
1132 2088 1144 2128 ξ

257 2137 552 2180 Pontificatum-ac
565 2137 800 2182 Apostolaturn
812 2138 887 2179 Deo
900 2137 1013 2172 Verbo
1025 2137 1144 2173 adscri-

256 2186 332 2221 bere
342 2183 671 2232 dicit'eff‘einfignem
698 2189 905 2222 contumeliam
912 2187 1039 2231 summae
1063 2188 1142 2220 illius

255 2238 441 2280 dignitatis.
467 2236 527 2271 <Est
549 2239 640 2271 enim
652 2239 803 2271 adversas
825 2239 956 2271 Paulum
969 2241 1142 2280 scripturas

256 2293 452 2330 interpretari
477 2312 487 2327 ,
502 2288 680 2328 'impaffibile
713 2288 841 2324 Verbum
879 2298 994 2322 terreno
1026 2287 1144 2331 misirere

257 2343 370 2378 corpori
396 2362 406 2378 ,
433 2339 467 2372 (τ
486 2336 649 2379 pafflbilem
672 2337 846 2380 Pontificem
864 2338 971 2380 facere
991 2364 998 2370 .
1038 2338 1143 2372 Natu-

255 2398 326 2421 ram
357 2387 390 2420 &
418 2386 620 2431 hypossafim
660 2389 747 2431 quafi
786 2388 901 2422 eadem
946 2389 1144 2428 confundit,

252 2437 399 2479 >ideoque
419 2438 438 2470 a
461 2436 580 2476 nobis,
605 2437 663 2479 qui
686 2439 797 2471 Deum
823 2438 971 2472 Verbum
997 2439 1143 2472 dicimus

257 2488 381 2519 fastum
404 2509 415 2524 ‚
441 2487 490 2519 uti
518 2484 696 2531 hominem·
716 2511 726 2527 ‚
754 2489 800 2521 ita
823 2488 858 2521 ὃς
879 2487 1081 2532 Apostolum
1105 2500 1144 2522 ac

259 2535 461 2570 Pontificem
476 2561 486 2577 ,
511 2537 613 2580 garrit
634 2537 715 2571 illud
729 2538 816 2578 idem
838 2538 906 2578 dici
939 2538 981 2574 de
1003 2540 1070 2583 ipsa
1084 2540 1143 2574 Di-

259 2596 414 2620 vinitate.

309 2637 354 2669 Et
375 2647 490 2678 purum
503 2635 592 2671 hunc
617 2635 788 2672 hominem
803 2650 871 2673 non
891 2650 933 2673 ex
946 2649 1048 2673 matre
1061 2651 1140 2673 con-

258 2697 391 2728 ceptum
417 2687 452 2720 &
474 2697 588 2720 natum
616 2688 817 2722 Pontificem
844 2691 981 2730 fatetur,
1009 2690 1061 2724 sed
1089 2701 1144 2733 per

259 2735 403 2769 humana
430 2737 546 2776 merita
569 2738 728 2780 paulatim
756 2739 790 2772 in
814 2738 1013 2784 dignitatem
1049 2738 1143 2773 istam

259 2786 305 2819 ait
328 2787 497 2828 profeciffe
519 2800 526 2819 :
547 2787 646 2832 Jesus
667 2794 746 2821 enlm
767 2789 939 2831 proficiebat
958 2799 1074 2830 aetate,
1091 2788 1144 2832 sa-

254 2841 374 2877 pientia
385 2837 531 2879 &gratia
542 2862 549 2868 .
579 2839 622 2870 Et
634 2837 662 2871 A
671 2839 813 2880 postolus
825 2839 946 2872 Paulus
958 2850 1034 2872 euru
1060 2839 1142 2873 dicit

258 2886 276 2918 a
299 2886 375 2919 Deo
387 2886 607 2929 glorificatum
622 2912 631 2927 ,
658 2898 694 2920 ut
717 2887 875 2922 Pontifex
895 2890 985 2922 fieret
999 2912 1010 2928 ,
1036 2888 1141 2923 addit-

258 2947 322 2978 que
336 2949 346 2968 :
373 2934 712 2979 Consummatusfacfius
723 2938 761 2978 est
780 2938 916 2971 omnibus
940 2938 1138 2980 obtemperan-

260 2985 341 3017 tibus
355 2984 411 3025 fibi
438 2985 527 3029 causa
547 2985 660 3029 salutis
688 2997 832 3027 memte,
858 2990 1029 3030 appellatus
1044 2991 1064 3020 ἃ
1079 2992 1140 3022 Deo

261 3035 404 3076 Pontifex
423 3039 522 3076 juxta
549 3038 682 3070 ordinem
709 3036 920 3081 Melchisedech
942 3064 949 3070 .
987 3038 1042 3072 Ad
1070 3050 1140 3082 quae

260 3085 355 3119 verba
383 3085 576 3123 Nestorius:
605 3086 834 3130 Consummatur
850 3114 862 3129 ,
887 3089 969 3131 quod
985 3090 1140 3130 paulatim

284 3148 314 3167 ΥΟ
336 3148 349 3167 C
362 3145 374 3167 t
388 3161 394 3166 .

257 3144 282 3183 'p
311 3135 439 3230 {eirgitz
469 3185 534 3231 ij}
560 3187 797 3231 nobispromiffae
817 3188 1025 3221 benediliionis
1052 3185 1140 3232 exse-

125 3236 151 3253 2·
169 3219 224 3246 ⁰⁶·
263 3242 342 3269 mine
356 3236 507 3269 Abrabam
531 3236 568 3270 eli
588 3238 687 3280 missus
701 3263 711 3278 ,
737 3247 884 3280 tanquam
904 3247 962 3280 pm
983 3238 1080 3282 seipso
1106 3241 1139 3272 Θ

259 3297 364 3328 genere
384 3284 438 3329 suo
462 3293 588 3329 corporis
615 3286 665 3330 sui
691 3288 847 3326 vidlimam
869 3287 957 3330 simul
981 3289 1110 3329 afferens
1132 3314 1137 3319 .

265 3333 451 3369 Adversum
477 3349 547 3380 quae
573 3339 707 3372 Sanstus
733 3338 908 3381 Cyriilus:
935 3342 1054 3382 Ergone
1078 3337 1140 3381 ipse

250 3395 376 3426 ·quoque
385 3387 629 3429 Christusfat‘lus
649 3388 686 3428 est
707 3386 762 3431 sub
772 3397 911 3429 peccato,
933 3396 991 3429 per
1010 3400 1097 3429 quem
1109 3401 1139 3420 os

265 3432 362 3475 ipsum
383 3443 497 3475 peccati
523 3439 686 3471 adversam
707 3450 758 3470 nos
786 3437 968 3478 obstruitur?
996 3438 1141 3481 Copiose

1208 1341 1349 1374 sanetum
1375 1365 1387 1382 ,
1414 1341 1630 1376 innocentem
1670 1352 1708 1375 ac
1745 1341 1960 1385 impollutum
1985 1365 1997 1382 ‚
2032 1342 2089 1385 qui

1208 1391 1397 1432 neutiquam
1418 1403 1476 1435 pro
1490 1393 1544 1438 se,
1571 1392 1623 1426 sed
1640 1403 1698 1435 pro
1721 1391 1798 1429 solis
1809 1393 1948 1435 peccatis
1970 1390 2089 1428 nostris

1206 1440 1414 1484 semetipsum
1441 1442 1600 1476 obtulerit
1626 1443 1659 1475 in
1687 1441 1883 1482 sacrificium
1905 1467 1916 1482 ‚
1942 1442 2091 1482 adeoque

1206 1486 1400 1527 Nestorium
1426 1492 1489 1525 effe
1503 1502 1607 1530 unum
1618 1501 1659 1524 ex
1685 1490 1852 1525 Pharisaeis
1864 1489 2091 1533 blaspheman-

1198 1534 1294 1572 'tibus
1310 1563 1320 1578 ‚
1346 1540 1382 1572 in
1407 1550 1491 1581 quos
1508 1540 1592 1574 dixit
1614 1541 1805 1581 Dominus:
1832 1542 1921 1583 ,ριιὴΓ
1939 1551 1978 1573 ex
2005 1540 2090 1573 vobis

1206 1598 1311 1631 arguet
1323 1601 1369 1622 me
1381 1591 1420 1625 de
1422 1591 1568 1631 peccato?
1595 1590 1698 1637 Qod
1725 1590 1885 1633 paulatim
1898 1591 2086 1624 evincendis

1206 1637 1393 1672 carnalibus
1404 1636 1640 1682 cupiditatibus
1666 1639 1766 1676 etiam
1777 1639 1967 1674 Dominum
1989 1640 2092 1684 subjee-

1207 1687 1310 1727 cerit‚
1336 1687 1471 1722 testatur
1498 1688 1680 1732 Gregorius
1700 1688 1888 1724 Cedrenus.

1259 1736 1365 1772 Addit
1393 1738 1539 1781 Cyrillus
1549 1738 1719 1772 adversum
1741 1739 1825 1773 alios
1851 1739 2094 1775 Nestoriierro·
2109 1756 2210 1793 Cap-4*

1210 1798 1258 1820 res
1285 1800 1292 1819 τ
1331 1789 1484 1831 ,Quomodo
1518 1794 1608 1832 igitur
1630 1789 1796 1832 progressus
1823 1789 1862 1830 est
1888 1815 1899 1830 ‚
1919 1800 1952 1823 ut
1977 1794 2088 1825 temer?

1202 1836 1360 1878 fabularis
1374 1862 1393 1879 ,-
1412 1839 1457 1871 ad
1466 1838 1619 1881 Pontificis
1646 1840 1825 1882 dignitatem
1838 1864 1848 1879 ‚
1874 1841 1938 1873 ciam
1964 1844 2046 1874 Deus
2050 1841 2092 1883 fit

1210 1894 1396 1928 omnipotens
1413 1913 1423 1928 ,
1448 1898 1562 1922 tuorum
1588 1900 1698 1930 quoque
1721 1888 1880 1923 'verborum
1903 1890 2090 1930 testimonio?

1209 1936 1460 1972 Ostenditinter
1486 1939 1629 1977 Domini
1642 1949 1771 1975 naturas
1784 1951 1851 1973 non
1877 1941 2092 1979 solummodo

1209 1986 1393 2031 ignobilem
1405 1989 1494 2022 illam
1509 2013 1519 2029 ,
1538 2001 1576 2022 ac
1588 1988 1605 2021 ὲ
1617 1988 1686 2035 solo
1699 1989 1854 2026 Nestorio
1866 1992 2091 2036 excogitatam

1209 2037 1243 2069 in
1263 2038 1552 2083 aequalidignitate
1579 2039 1613 2072 δε
1636 2038 1773 2073 nomine
1797 2039 2089 2083 conjunffionem,

1208 2086 1471 2122 sed&veramin
1498 2087 1662 2132 hypostafi
1675 2089 1789 2122 divina
1814 2091 1976 2125 unionem
1994 2092 2089 2125 inter-

1206 2137 1325 2176 ceffiffe
1351 2162 1361 2178 ,
1388 2138 1537 2180 adeoque
1566 2150 1635 2172 non
1672 2138 1881 2182 adsumptum
1908 2139 2085 2176 hominem

1205 2187 1401 2228 dumtaxat,
1429 2189 1482 2222 sed
1504 2188 1654 2233 &ipsum
1681 2189 1792 2223 Deum
1822 2189 1970 2225 Verbum
1995 2192 2090 2226 fuisse

1207 2237 1304 2271 nobis
1316 2238 1514 2273 Pontificem
1525 2264 1532 2270 .
1559 2241 1647 2282 ,Quia
1658 2246 1736 2272 enim
1747 2245 1932 2283 unigenitum
1942 2243 2021 2275 illud
2031 2246 2088 2276 Dei
2105 2263 2196 2302 Cap-3
2204 2264 2213 2291 .'

1206 2288 1338 2322 Verbum
1341 2289 1465 2331 fallam
1475 2289 1513 2329 est
1523 2288 1606 2329 homo
1617 2314 1627 2330 ,
1644 2291 1679 2323 δ’
1689 2291 1850 2324 sacerdotii
1861 2303 1969 2325 munus
1983 2292 2088 2325 huma-

1208 2344 1314 2371 nitatis
1327 2337 1494 2384 mensuram
1505 2339 1591 2372 baud
1599 2340 1717 2377 dedecet
1729 2353 1735 2371 :
1764 2350 1798 2373 ut
1810 2346 1880 2373 item
1891 2366 1900 2381 ,
1926 2344 2009 2384 quod
2018 2341 2088 2384 mis-

1202 2386 1257 2431 sus
1284 2390 1338 2423 seu
1366 2384 1545 2433 Apostolus
1572 2389 1623 2432 esse
1648 2391 1760 2423 dicitur
1771 2415 1778 2422 .
1806 2390 2010 2433 Confufionem
2021 2406 2088 2427 con-

1208 2438 1321 2481 tempsit
1331 2465 1340 2480 ,
1367 2449 1401 2472 ut
1414 2440 1518 2473 beatus
1531 2441 1647 2473 Paulus
1659 2446 1723 2473 ait:
1748 2441 1824 2473 Ciam
1833 2440 1882 2474 his
1894 2448 1985 2476 etiam
2005 2445 2089 2477 vilio-

1208 2501 1244 2521 ra
1254 2490 1468 2533 &indigniora
1477 2498 1601 2531 propter
1626 2502 1677 2522 nos
1688 2492 1864 2532 pertulerit.
1893 2494 1988 2525 Dedit
2007 2500 2088 2527 enim

1208 2537 1324 2581 dorsum
1335 2546 1367 2573 in
1375 2540 1495 2584 flagella
1507 2564 1517 2579 ,
1541 2539 1692 2582 &faciem
1705 2552 1762 2575 non
1779 2546 1895 2579 avertit
1907 2543 1928 2573 ἃ
1953 2543 2089 2585 confusio-

1209 2601 1244 2622 ne
1249 2587 1406 2632 sputorum
1418 2614 1428 2630 ,
1450 2591 1484 2623 (9⁴
1489 2593 1521 2634 J
1524 2591 1676 2627 udaeorum
1686 2592 1875 2624 contumelias
1880 2585 2033 2632 patienter
2037 2592 2088 2635 fic-

1200 2639 1324 2679 flinuit.
1354 2642 1375 2672 5
1376 2641 1416 2672 ed
1434 2639 1547 2682 refugis
1572 2642 1757 2673 sacerdotem
1779 2642 1873 2673 dicere
1885 2665 1895 2681 ‚
1921 2651 1954 2673 ut
1979 2648 2029 2683 qui
2046 2642 2087 2683 fit

1213 2693 1308 2722 Deus.
1339 2691 1472 2722 Admitte
1486 2688 1713 2731 dispensationis
1725 2696 1870 2722 rationem
1880 2716 1889 2730 ,
1920 2697 2014 2734 cogita
2026 2698 2087 2725 exi-

1207 2745 1392 2774 nanitionem
1404 2763 1414 2779 ‚
1442 2737 1663 2781 defi-ensumque
1683 2740 1728 2772 ad
1731 2738 1817 2781 fi’rvi
1831 2739 1984 2780 formam.

1256 2790 1423 2836 roirca
1446 2788 1487 2823 ad
1507 2787 1596 2822 hunc
1618 2788 1856 2823 Pontificatum
1880 2802 2086 2834 nequaquam

1176 2876 1177 2879 Ἰ
1208 2841 1376 2885 proveCius
1387 2839 1431 2873 est
1443 2863 1453 2879 ,
1479 2849 1536 2873 aut
1565 2840 1703 2881 profecit
1715 2851 1769 2882 per
1792 2839 1933 2874 humana
1947 2843 2060 2876 merita
2077 2868 2083 2874 .

1205 2889 1259 2930 Est
1270 2895 1348 2922 enim
1360 2895 1534 2923 exinanitus
1547 2912 1556 2927 ,
1572 2889 1606 2922 &
1619 2888 1741 2931 seipsum
1753 2889 1927 2925 humiliavit
1941 2914 1951 2930 ‚
1976 2894 2021 2925 ad
2029 2898 2086 2925 mi-

1206 2951 1279 2972 nora
1285 2938 1319 2982 se
1331 2941 1473 2980 dejiciens
1487 2964 1493 2970 .
1514 2940 1669 2982 ,Quomodo
1678 2946 1767 2983 igitur
1778 2942 1823 2972 ad
1831 2941 2009 2983 dlgnitatem
2015 2950 2085 2984 pro-

1201 2989 1311 3033 gressus
1324 2988 1360 3029 est
1367 2988 1472 3030 fabius
1490 2991 1510 3021 5
1511 2990 1631 3022 acerdos
1644 2990 1656 3023 ?
1682 2985 1754 3022 Non
1763 2990 1913 3033 profecisse
1934 2993 2059 3025 dicimus
2072 3016 2083 3032 ,

1205 3041 1290 3072 &ad
1299 3040 1474 3082 dignitatem
1480 3041 1646 3080 pervenisse
1658 3038 1753 3081 ipsum
1766 3043 1821 3073 Dei
1843 3041 1971 3077 Verbum
1982 3066 1993 3082 ,
2019 3043 2084 3075 ciim

1205 3089 1347 3131 Pontifex
1373 3089 1463 3128 noster
1468 3088 1575 3131 sadus
1585 3088 1623 3128 est
1635 3114 1645 3129 ‚
1665 3087 1829 3131 sedpotiits
1857 3097 1947 3131 etiam
1966 3104 2004 3125 ex
2029 3091 2084 3125 bac

1201 3147 1290 3180 parte
1301 3140 1347 3171 ad
1355 3145 1587 3178 exinanitionem
1598 3137 1731 3182 descendi
1753 3152 1768 3173 e
1781 3165 1787 3172 .
1802 3140 1855 3174 Ne
1868 3141 1933 3184 ipsa
1949 3141 2083 3185 quidem

1205 3189 1346 3229 humana
1361 3189 1503 3230 Domini
1518 3198 1633 3222 natura
1646 3201 1700 3232 pet
1725 3189 1870 3228 humana
1885 3192 1996 3225 merita
2011 3203 2084 3234 pro-

1207 3240 1280 3273 fecit
1293 3240 1325 3272 in
1340 3239 1435 3273 istam
1462 3238 1678 3287 dignitatern.
1708 3240 1885 3285 Pelagiana
1912 3242 1985 3280 sunt
1998 3242 2055 3274 ista
2070 3267 2082 3284 ,

1205 3288 1335 3323 abunde
1346 3290 1484 3322 refutata
1495 3300 1551 3332 per
1577 3289 1730 3324 sancium
1753 3290 1976 3335 Augustinum
1989 3291 2023 3324 in
2035 3291 2082 3325 lo-

1205 3339 1251 3372 cis
1263 3340 1353 3382 supra
1376 3339 1567 3380 memoratis
1581 3339 1739 3373 librorum
1763 3341 1804 3375 de
1814 3341 1918 3375 Dono
1943 3341 2082 3382 perseve-

1208 3401 1237 3422 ra
1244 3388 1316 3422 ntiae
1326 3390 1358 3423 ὃς
1371 3388 1657 3423 Praedestinatione
1667 3390 1873 3424 Sandiorum.
1903 3389 2083 3428 Pontifica-

1209 3450 1277 3472 tum
1303 3440 1336 3472 &
1363 3438 1595 3482 Apostolatum
1622 3438 1710 3473 hunc
1725 3442 1825 3473 fateor
1850 3439 1938 3473 distae
1960 3450 2082 3474 naturae

250 3483 411 3518 *ostendit
434 3486 604 3522 Christum
616 3489 804 3522 Dominum
831 3489 924 3523 fuiffe
942 3487 1140 3523 Pontificem
1156 3504 1162 3536 g
1183 3489 1298 3570 §fuisse
1309 3489 1508 3534 dignitatem
1524 3502 1531 3521 ε
1559 3490 1669 3527 verum
1686 3501 1751 3524 non
1765 3501 1820 3533 per
1832 3488 1975 3524 humana
1987 3491 2083 3528 meri-

1976 3550 2031 3581 ta,
