2346 3776
642 109 1086 161 DISSERTATIO
1136 109 1551 161 Pnocsmmms.

195 203 349 238 gneretur.
377 194 438 226 Hoc
447 189 602 224 verborum
605 200 714 232 genere
718 188 832 231 famofi
836 189 994 223 nebulones
1002 199 1072 233 pro-
1086 204 1092 247 Ι
1109 222 1111 225 «

195 245 355 286 pemodum
364 240 554 281 tripudiando
559 237 755 281 lasciviebant
767 264 777 279 ‚
796 243 892 272 Deum
904 240 1071 275 hominibus

199 295 394 335 adaequaentes
408 313 419 330 ‚
442 300 477 322 ac
486 294 606 322 interim
613 286 678 332 sese
682 289 840 329 jauantes
851 289 941 333 fuijJe
955 289 1073 333 semper

199 341 379 382 christianos
388 363 398 378 ,
424 345 477 380 qui
486 342 543 371 Dei
549 339 677 382 gloriam
686 345 719 372 in
732 338 955 381 fimilitudinem
972 347 1076 385 imagi-

198 398 248 426 nis
257 390 382 423 bominis
391 389 592 430 corruptibilis
603 395 775 423 immutant.
802 390 853 423 Ita
872 389 984 424 scribit
1006 392 1074 424 san-

196 437 467 476 ctusAthanasius
479 439 516 472 in
527 439 669 473 secunda
679 437 848 474 adversum
858 439 944 482 ipsos
956 441 1074 485 Dispu-

194 489 331 526 tatione.
356 489 451 522 Hinc
463 489 544 523 item
555 489 721 534 Magnum
732 487 821 523 hunc
832 487 1051 525 Athanasium
1063 515 1073 530 ,

194 540 341 575 sanctum
362 539 547 573 Eustatium
560 563 571 579 ‚
598 538 832 574 Venerabilem
854 538 1073 575 Vincentium

192 588 392 633 Capuanum
404 589 607 633 Episcopum
619 613 630 629 ,
649 601 687 624 ac
695 589 777 624 alios
787 588 905 624 similes
918 590 1073 626 Christia-

191 639 327 675 naefidei
336 652 374 674 ac
393 639 585 683 Disciplina:
604 639 766 684 Gigantes
776 664 787 680 ,
812 639 862 674 illi
887 640 1070 675 machinati

189 690 267 726 sunt
275 689 439 724 infamare
447 689 490 724 de
500 688 708 734 impudicitia
720 702 728 721 z
755 689 812 724 Ne
829 690 884 733 ipsi
897 690 998 726 essent
1009 691 1069 725 soli

188 739 348 776 maculosi
362 766 369 772 .
395 741 437 774 fic
443 740 615 775 consuevit
627 739 789 784 profunda
797 741 969 784 iniquitas.

230 791 383 833 Impurus
389 789 465 824 Arii
472 790 602 825 animus
610 789 740 825 abunde
748 790 836 825 lucet
845 802 887 824 ex
893 790 959 834 ejus
968 792 1068 825 etiam

189 837 344 880 Thala,
353 851 453 884 quam
462 849 623 874 memorat
633 840 670 874 in
680 842 785 884 prima
796 840 969 875 adversum
983 842 1069 886 ipsos

184 889 425 934 Disputatione
435 889 524 925 idem
536 888 735 926 Athanasius
747 890 896 925 :Thalaeae
902 890 968 935 sue,
981 904 1071 934 quam

179 939 317 983 faciunt,
322 940 416 982 fidem
426 940 530 974 haberi
541 942 658 982 volunt,
667 947 720 984 qui
733 943 771 975 ne
781 940 838 984 ipfi
844 943 964 984 quidem
969 941 1070 986 stiunt

187 992 267 1033 quid
271 992 406 1024 credant.
419 991 465 1025 Et
473 991 560 1025 infra
570 989 672 1026 habet
682 991 725 1027 d'e
738 991 932 1026 Eusebianis
946 1006 953 1025 ε
975 991 1070 1035 sifin-

185 1039 462 1084 ceriterscriberent
473 1066 484 1082 ‚
494 1043 667 1085 deleviffent
678 1049 779 1086 utique
791 1042 946 1076 Thalaeam
959 1068 970 1083 ‚
980 1054 1069 1085 quam

181 1094 279 1126 ,Arius
289 1091 453 1136 composuit.
481 1092 527 1126 Et
537 1094 574 1126 in
585 1093 728 1127 secunda
739 1093 991 1135 Disputatione:
1005 1097 1069 1125 No-

183 1151 297 1176 varum
312 1142 439 1185 pestium
458 1148 631 1177 inventores
639 1142 683 1186 ,Ε
697 1143 839 1185 praebent
849 1167 860 1183 ,
885 1149 939 1186 qui
956 1142 1066 1177 reliHis

185 1194 357 1225 CHRISTI
364 1194 485 1235 eloquiis
495 1216 506 1233 ‚
515 1192 657 1227 Thalaeas
668 1197 735 1226 Arii
740 1216 752 1232 ‚
775 1192 827 1225 hoc
835 1192 874 1232 est
884 1218 896 1233 ‚
918 1194 1067 1235 Crapulas

183 1243 274 1277 titulo
283 1254 371 1276 novae
381 1245 544 1285 sapientiae
550 1242 742 1282 cohonestant.
768 1244 816 1274 Et
835 1241 907 1274 bono
918 1244 993 1282 jure
1002 1254 1067 1276 eum

187 1294 321 1325 Titulum
329 1291 484 1334 ufiirpant:
494 1296 620 1324 Novam
629 1297 710 1324 enim
721 1287 862 1330 Haerefim
873 1298 1065 1329 annuntiant,

185 1343 379 1384 ,Quapropter
389 1352 445 1373 non
449 1338 512 1382 fine
520 1342 721 1374 admiratione
730 1338 768 1380 est
777 1338 923 1383 nusquam
945 1349 978 1375 in
997 1345 1067 1377 mul-

182 1396 227 1424 tis
238 1391 397 1424 multorum
407 1390 552 1432 Operibus
564 1392 599 1425 <a
609 1390 798 1424 sermonibus
809 1415 820 1431 ,
831 1399 898 1423 tum
908 1398 942 1424 in
953 1402 1043 1426 vetus
1056 1418 1067 1434 ‚

182 1448 250 1473 tum
259 1445 292 1473 in
300 1452 411 1474 novum
422 1439 637 1479 Testamentum
648 1439 820 1484 conscriptis
831 1465 841 1481 ‚
868 1448 951 1475 inter
965 1443 1068 1476 Libro-

183 1501 254 1524 rum
263 1491 365 1524 titulos
377 1497 501 1532 reperiri
511 1490 652 1524 Thalaeas
666 1515 677 1532 ‚
688 1490 770 1532 idest
783 1515 794 1531 ,
804 1493 1008 1533 crapularum
1019 1505 1068 1527 no-

183 1551 260 1575 men.
286 1544 350 1574 Imo
360 1541 398 1574 ne*
407 1542 493 1583 apud
500 1540 645 1574 Etbnicos
669 1542 793 1584 quidem
805 1540 893 1586 frugi
911 1544 946 1576 (9·
956 1552 1067 1586 tempe-

184 1601 294 1625 rantes
303 1615 315 1631 ‚
334 1589 395 1635 J'ed
401 1593 487 1633 apud
496 1590 560 1631 istos
571 1593 735 1625 dumtaxat
749 1617 760 1633 ,
786 1598 837 1634 qui
847 1591 1006 1635 istiusmodi
1016 1606 1065 1628 res

184 1645 265 1674 inter
270 1642 378 1683 pocula
387 1643 433 1674 ad
438 1640 488 1685 ris
480 1653 531 1675 um
540 1643 725 1686 captandum
730 1650 787 1684 per
792 1641 1047 1685 plausumffocum
1056 1670 1066 1685 ‚

184 1689 389 1734 &lasciviam
398 1693 571 1726 decantant.
598 1697 639 1726 At
651 1699 779 1727 eximius
790 1694 841 1726 ille
862 1696 952 1726 Arius
964 1718 975 1734 ‚
1000 1706 1068 1727 cum

182 1740 265 1775 nibil
272 1751 327 1775 aut
330 1740 470 1785 sanc‘lum
493 1753 548 1777 aut
559 1755 659 1787 grave
679 1744 861 1776 imitandum
880 1742 1044 1787 desumeret
1056 1769 1067 1785 ,

179 1788 304 1834 securus
316 1793 350 1825 (35
360 1795 509 1836 negligens
521 1791 680 1835 istiusmodi
687 1793 850 1835 probitatis
862 1818 873 1833 ‚
883 1795 1066 1835 depeculatis

183 1841 311 1874 aliorum
321 1840 485 1883 Heereli'bus
498 1866 508 1882 ,
535 1843 673 1875 aemulum
679 1841 713 1886 Je
724 1848 758 1874 in
768 1844 902 1886 ridiculis
912 1850 965 1876 um·
984 1847 1069 1878 Sota-

184 1890 237 1924 dae
249 1890 392 1932 praebuit.
418 1893 512 1934 ,Quid
528 1898 608 1925 enim
629 1893 716 1925 aliud
736 1903 895 1936 congruum
915 1894 959 1926 illi
979 1918 991 1934 ,
1016 1900 1068 1937 qui

184 1942 214 1973 C
225 1943 260 1972 Η
266 1943 295 1972 R
306 1941 352 1973 15
364 1943 390 1972 T
399 1945 425 1973 ο
447 1944 570 1973 Domino
590 1940 714 1976 choreis
717 1941 786 1984 suis
796 1941 941 1984 insultare
951 1944 1046 1978 voluit
1058 1968 1068 1984 ‚

183 1999 279 2032 quam
288 1998 323 2024 ut
333 1989 458 2034 miseras
467 1996 633 2032 impietatis
639 1989 706 2033 suae
725 1990 932 2025 mazunculas
955 1984 1068 2037 dissolu-

183 2040 312 2074 turibus
321 2051 357 2073 ac
365 2040 607 2075 elicmbatioribus
619 2046 724 2074 metris
734 2039 883 2085 insonaret
890 2066 901 2082 ,
921 2051 957 2075 ut
968 2054 1067 2084 quem-

182 2089 347 2124 admodum
354 2086 511 2133 sapientia
521 2092 650 2134 loquitur
661 2116 673 2132 ‚
684 2091 738 2128 Ex
747 2091 883 2135 eloquio
895 2091 1067 2128 verborum

184 2140 401 2184 cognoscitur
412 2141 460 2175 vir
469 2167 480 2182 ,
504 2148 550 2175 ita
557 2153 669 2184 quoque
675 2153 713 2175 ex
729 2144 790 2176 illis
802 2144 949 2175 Sotadicis
969 2155 1068 2177 nume-

172 2194 232 2225 ’τὶ-ι·
243 2196 337 2224 animi
348 2193 415 2232 ejus
425 2191 623 2232 effaemimatio
634 2194 668 2226 Θ
677 2199 788 2229 mentis
794 2193 947 2236 putrilago
965 2195 1067 2236 depre-

185 2237 336 2275 henditur.
354 2241 522 2290 Qodper
531 2243 634 2287 Legis
648 2242 744 2278 verba
756 2245 883 2288 Legem
895 2244 1068 2289 impugna-

185 2300 224 2325 te
233 2301 270 2326 ac
276 2289 488 2327 destruere-fit
498 2291 723 2330 Pharisaicum
733 2293 1068 2335 vitium‚demonstrat

184 2338 386 2378 Athanasius
397 2366 407 2383 ,
416 2342 514 2386 atque
524 2345 732 2388 prosequitur
745 2358 752 2377 :
763 2349 814 2378 Ita
821 2356 934 2388 quoque
940 2346 1067 2388 ficcatus

184 2392 222 2427 Θ
240 2393 394 2426 sotadicus
407 2395 506 2432 ⁴Arius
520 2393 642 2436 fimulat
658 2393 692 2438 se
711 2397 833 2437 quidem
844 2397 881 2430 de
897 2399 955 2430 Deo
966 2397 1045 2437 loqui
1058 2420 1068 2435 ‚

185 2452 254 2475 eum
263 2447 434 2484 interponat
450 2444 545 2478 verba
565 2447 725 2481 sacrarum
747 2449 921 2480 Liierarum
932 2471 941 2486 ,
967 2447 1070 2492 depre-

187 2490 330 2526 henditur
341 2501 442 2529 tamen
451 2496 653 2537 undecumque
666 2495 780 2530 Atheus
792 2520 803 2536 ,
814 2497 886 2530 dum
898 2497 1069 2529 Filiumne-

184 2551 242 2588 gat
251 2566 262 2583 ,
288 2542 323 2575 ὦ·
331 2540 428 2586 ipsum
437 2544 527 2576 rebus
538 2547 664 2578 conditis
674 2547 864 2580 adnumerat.
893 2547 966 2579 Tale
975 2552 1067 2590 igitur

187 2593 342 2626 exordium
349 2595 540 2635 crapularum
550 2598 614 2628 Arii
624 2597 658 2629 (⁸5
667 2597 901 2638 vaniloquentiae
914 2620 923 2634 ‚
934 2597 1065 2629 moribus

187 2653 225 2676 ac
235 2648 365 2675 numeris
376 2642 587 2684 effoeminatum
598 2669 610 2686 ,
619 2651 773 2679 invenias.
800 2646 983 2681 Enumerat
994 2658 1066 2690 prae-

187 2693 287 2735 cipua
294 2690 438 2728 Thala
446 2697 556 2738 capita
567 2719 578 2735 ,
605 2695 639 2729 &
651 2696 755 2741 pergit
768 2708 775 2728 :
802 2700 875 2730 Haec
880 2695 955 2739 sunt
964 2703 1068 2739 capita

182 2742 369 2786 fabellarum
389 2766 400 2783 ,
425 2756 493 2787 quae
512 2751 545 2779 in
565 2747 689 2779 ridiculo
710 2749 775 2779 Arii
794 2751 892 2788 Opere
913 2752 1064 2781 invenias.

189 2795 274 2836 ,Quis
285 2797 376 2835 igitur
386 2794 495 2828 talibus
507 2793 640 2829 Thalaeae
662 2798 872 2830 cantiunculis
885 2822 896 2837 ‚
922 2809 956 2830 ac
974 2797 1040 2838 istiu
1038 2795 1068 2841 fi

189 2843 272 2876 modi
280 2842 369 2875 rebus
378 2845 494 2877 auditis
505 2869 514 2884 ,
541 2856 599 2878 non
606 2844 722 2888 sunimo
724 2849 799 2887 jure
818 2848 913 2880 aierit
938 2851 1045 2880 Arium
1057 2871 1067 2886 ‚

187 2890 278 2935 quafi
284 2898 317 2925 in
324 2889 414 2933 scena
423 2895 468 2926 ad
474 2892 556 2933 istum
567 2897 684 2929 modum
695 2897 732 2929 de
740 2903 838 2930 tantis
856 2897 948 2931 rehus
966 2899 1069 2931 luden-

188 2952 252 2977 tem
265 2943 280 2975 ἒ
308 2941 352 2975 Et
364 2942 475 2977 statim
484 2943 639 2979 inferius:
667 2948 698 2978 si
709 2958 746 2979 ea
763 2948 801 2980 de
812 2946 912 2991 causa,
923 2949 1004 2990 quod
1013 2948 1069 2980 ali-

183 3001 262 3037 quot
273 2995 374 3026 Sacrae
385 2995 547 3034 Scriptura·
558 2997 679 3028 voculas
691 3002 723 3028 in
742 2996 868 3031 Thalaea
874 2996 1008 3040 firiptas
1020 3003 1069 3030 vi-

189 3044 299 3083 deant,
309 3042 497 3077 arbitrentur
507 3042 683 3086 blaspemtas
692 3047 742 3090 effi:
755 3047 1068 3089 benedidionenpror-

187 3092 244 3137 sus
249 3092 392 3134 futurum
403 3091 441 3132 est
452 3117 462 3132 ,
488 3098 521 3125 ut
533 3103 598 3126 cum
610 3094 695 3134 nostri
715 3102 858 3138 temporis
871 3101 903 3141 J
906 3099 1008 3130 udaeos
1021 3103 1070 3130 vi-

182 3145 285 3177 *deant
294 3146 403 3187 Legem
414 3144 447 3176 &⁹
459 3142 628 3184 Prophetas
635 3146 786 3186 evolvere,
801 3149 863 3180 una
874 3158 940 3179 cum
945 3150 977 3191 J
979 3138 1079 3189 udeis

182 3197 221 3224 c
233 3197 264 3225 H
272 3196 300 3225 R
309 3197 327 3225 Ι
336 3195 356 3230 5
363 3196 466 3227 TUM
485 3193 642 3237 abnegent.
665 3192 817 3230 Affirmat
825 3194 996 3230 Th'almm
1007 3198 1071 3231 effe

192 3242 360 3287 exemplar
370 3255 408 3278 ac
421 3243 603 3287 imaginem
611 3243 967 3285 malorum,scatentem.
975 3248 1070 3281 omni

194 3291 372 3335 impietate.
400 3294 444 3331 Et
455 3294 491 3326 in
504 3294 536 3328 N
540 3294 716 3328 icaenorum
729 3295 948 3329 Decretorum
961 3297 1073 3341 Expo-

197 3341 306 3377 fitorio
318 3343 420 3378 Libro
432 3343 560 3377 scribit:
587 3348 678 3378 Arius
690 3351 721 3377 in
728 3343 795 3387 sicis
809 3349 1017 3380 cantiunculis
1039 3349 1073 3381 (zi

199 3394 412 3426 convivalium
423 3394 514 3426 Libro
521 3401 578 3435 per
584 3392 817 3437 sub-dubitandi
836 3395 964 3438 speciem
979 3396 1077 3437 fabu-

197 3441 287 3474 latur.
314 3442 358 3476 Et
369 3443 404 3477 in
418 3443 503 3477 libro
515 3444 555 3478 de
566 3445 616 3478 sui
628 3443 853 3479 Antecessoris
875 3447 906 3480 S.
918 3446 1073 3489 Dionysii

197 3489 366 3530 Sententia
378 3504 385 3525 ε
403 3497 504 3531 Arius
513 3494 552 3536 est
562 3506 651 3532 novae
664 3495 781 3539 baerefis
792 3502 934 3533 inventor
943 3520 953 3538 ,
971 3501 1076 3531 Haere-

1962 136 2008 172 53

1133 191 1246 235 simque
1259 191 1383 226 Thalaea
1395 217 1405 232 ,
1415 191 1606 232 effaeminatis
1617 199 1651 222 ac
1661 191 1794 225 ridiculis
1807 199 1938 226 numeris
1947 217 1958 234 ,
1967 193 2014 225 ad

1133 242 1362 282 similitudinem
1373 245 1511 287 AEgyptii
1521 244 1541 274 5
1542 241 1640 273 otadae
1647 264 1658 280 ,
1684 239 1847 282 conscripta
1869 250 1900 276 in
1920 245 2013 277 lucem

1134 293 1351 336 promulgavit.
1379 289 1425 326 Et
1437 294 1471 325 in
1485 291 1570 325 libro
1588 290 1630 325 de
1651 289 1791 333 synodo
1812 287 2012 327 Ariminensi

1136 354 1174 376 ac
1185 342 1379 376 Seleuciensi
1391 354 1400 384 3
1429 347 1518 374 Arius
1525 339 1617 384 suam
1625 339 1758 382 baerefim
1768 342 1883 382 scripto
1892 343 2014 384 comple-

1136 404 1196 425 xus
1207 391 1247 434 efi‘
1258 416 1268 431 ‚
1295 398 1391 434 quiin
1402 391 1527 425 Tbalaea
1540 415 1551 431 ,
1577 397 1725 424 neminem
1735 392 1936 424 Prudentium
1948 398 2013 424 imi-

1135 450 1220 474 tatus
1232 465 1244 481 ,
1269 440 1426 485 nilt‘fhlum
1437 445 1620 485 AEgyptium
1630 442 1770 476 sotadem
1782 466 1792 482 ‚
1805 442 1850 473 ad
1857 442 1924 482 eius
1931 442 2017 473 indo-

1133 493 1192 524 lem
1202 493 1237 525 &
1247 492 1402 525 mollitiem
1412 497 1447 525 N
1450 503 1617 525 umerorum
1627 493 1725 525 multa
1733 489 1900 535 'confi‘ripfit
1910 514 1922 532 ‚
1948 502 2017 533 quo-

1133 552 1201 574 rum
1210 539 1275 574 baec
1284 542 1390 585 aliqua
1399 541 1437 582 est
1447 543 1649 583 portiuncula.

1182 592 1237 625 De
1247 590 1469 626 Haerefiarcha
1482 591 1667 626 Valentino
1679 591 1790 633 scribit
1802 592 1838 626 in
1851 589 1957 626 Libro
1978 590 2020 626 de

1134 641 1242 675 Carne
1263 641 1295 676 C
1306 643 1345 676 H
1355 643 1386 676 R
1397 642 1413 675 1
1426 642 1448 675 S
1459 641 1522 676 TI
1545 639 1777 675 Tertullianus
1802 655 1809 674 z
1836 648 1914 676 Cum
1937 639 2021 684 Psal-
2035 647 2141 687 Cap„

1133 697 1189 723 mis
1201 691 1357 726 Valentini
1369 717 1380 733 ,
1406 704 1481 735 quos
1507 703 1619 736 magna
1630 693 1820 733 impudentia
1829 692 1914 735 quast
1921 693 2021 725 idonei

1133 742 1262 781 alicujus
1274 745 1394 776 Auioris
1403 740 1558 786 interserit
1569 766 1580 782 ,
1597 742 1643 774 ad
1650 743 1817 782 unam-iam
1824 743 1937 775 lineam
1948 749 2015 776 con-

1127 792 1294 833 g'reffionem
1310 793 1481 838 dirigimus.
1509 792 1714 828 Valentinus
1734 803 1840 826 novos
1862 790 2013 826 Psalm'os

1132 842 1320 883 composuit
1332 867 1343 882 ,
1370 845 1418 877 eis
1428 843 1561 877 inseruit
1575 844 1651 877 suos
1660 853 1787 877 errores
1798 868 1809 884 ‚
1823 842 1857 876 δε
1869 842 1888 876 ὲ
1902 842 1968 876 suis
1977 843 2021 876 se-

1132 890 1291 933 quacibus
1300 891 1386 933 jussit
1400 902 1469 927 tam
1491 893 1576 927 intra'
1596 893 1696 937 quarn
1717 894 1810 927 extra
1833 892 2019 927 Ecclesiam

1131 939 1311 974 decantari.
1339 943 1444 990 Qod
1455 944 1563 987 ipsum
1575 941 1654 977 fecit
1664 943 1787 978 Paulus
1810 943 2022 978 samosaten-

1131 989 1168 1022 sis
1181 1013 1192 1029 ‚
1205 989 1416 1026 Laodicensis
1426 991 1675 1036 Apollinarius‚
1687 993 1794 1037 plures
1804 994 1935 1037 antiqui
1949 994 2021 1036 He-

1131 1040 1225 1073 retici
1237 1065 1248 1080 ,
1274 1051 1312 1073 ac
1322 1041 1432 1084 elapso
1442 1042 1557 1077 saeculo
1569 1043 1740 1078 Martinus
1749 1042 1926 1078 Lutherus.
1942 1044 2023 1078 Hoc

1132 1090 1236 1133 ipsum
1246 1090 1325 1123 fecit
1336 1090 1447 1125 Arius.
1474 1091 1675 1135 Composuit
1689 1105 1761 1127 non
1784 1105 1887 1127 unam
1907 1103 1964 1127 aut
1978 1093 2024 1127 al-

1131 1150 1233 1173 teram
1255 1139 1470 1176 Cantilenam
1483 1166 1493 1182 ,
1520 1142 1574 1176 sed
1597 1143 1765 1187 integram
1790 1143 1998 1186 Sympofiam
2010 1168 2021 1183 ,

1130 1190 1184 1223 seu
1196 1188 1320 1224 librum
1333 1191 1586 1226 Convivalium.
1600 1192 1646 1227 Et
1658 1192 1795 1236 quidem
1807 1192 1847 1226 ad
1858 1194 2025 1228 imitatio-

1130 1250 1206 1272 nem
1217 1240 1344 1274 Sotadae
1355 1265 1365 1280 ,
1393 1240 1436 1275 de
1460 1253 1526 1285 quo
1551 1242 1670 1277 Suidas
1684 1256 1691 1276 ε
1719 1245 1847 1277 Sotades
1871 1243 2024 1286 Cretensis

1130 1292 1284 1322 Maronita
1296 1314 1306 1329 ,
1329 1292 1350 1322 ἆ
1362 1293 1516 1324 Daemonio
1534 1302 1671 1326 vexatus
1689 1319 1701 1335 ,
1722 1296 1756 1338 J
1758 1293 1995 1337 ambo-graphas
2011 1319 2021 1334 ‚

1125 1338 1240 1381 scripfit
1251 1339 1468 1382 Phlyacasst‘ve
1481 1344 1626 1376 Cina-dos
1640 1367 1652 1384 ‚
1677 1344 1817 1389 lingua]
1822 1350 1915 1377 onica.
1931 1349 2023 1377 Nam

1123 1393 1154 1433 J
1156 1395 1231 1422 onici
1237 1387 1391 1432 sermones
1405 1390 1447 1431 fic
1467 1392 1663 1439 vocabantur.
1691 1392 1769 1436 Usus
1791 1394 1829 1434 est
1852 1393 1905 1427 hoc
1909 1406 2020 1438 genere

1129 1446 1222 1472 etiam
1233 1440 1412 1474 Alexander
1419 1443 1548 1478 AEtolus
1561 1465 1572 1482 ,
1594 1444 1633 1476 δ’
1654 1442 1788 1482 Pyrrhus
1802 1442 1934 1485 Milesius
1951 1468 1962 1484 ‚
1988 1445 2023 1478 (zi

1130 1489 1299 1523 Theodorus
1310 1515 1322 1531 ,
1348 1491 1384 1524 (tr
1395 1490 1629 1524 Dimocbaridas
1640 1516 1651 1531 ,
1679 1494 1715 1526 δ’
1726 1492 1922 1526 Xenarchus.
1945 1496 1967 1526 5
1966 1502 2024 1527 unt

1129 1549 1232 1573 autem
1240 1541 1307 1581 ejus
1315 1551 1433 1584 genera
1439 1543 1578 1583 plurima
1590 1555 1596 1574 :
1625 1543 1726 1575 Veluti
1738 1541 1905 1586 Descensus
1916 1545 1960 1576 ad
1977 1549 2024 1577 in-

1121 1589 1210 1631 feros
1219 1614 1230 1630 ‚
1256 1592 1394 1632 Priapus
1405 1615 1418 1631 ,
1443 1593 1488 1624 ad
1498 1591 1684 1632 Belestichen
1697 1617 1708 1632 ,
1730 1597 1866 1626 Amazon
1877 1618 1887 1633 ‚
1901 1595 1935 1627 (9*
1946 1595 2018 1628 alia.

1131 1644 1180 1673 Et·
1196 1638 1324 1682 Inclusae
1335 1664 1346 1680 ‚
1379 1642 1414 1675 ὕ]
1437 1643 1623 1684 Redemptus
1645 1655 1653 1675 :
1690 1647 1731 1676 Ut
1750 1642 1914 1676 Athenaeus
1928 1649 1974 1676 ait
1985 1649 2020 1677 in

1132 1688 1380 1733 Dypnofhphistis.
1409 1692 1467 1725 Est
1482 1693 1633 1726 Mettum
1645 1692 1716 1727 leve
1726 1703 1825 1736 atque
1838 1693 1994 1727 lascivum
2007 1717 2020 1734 ,

1130 1751 1244 1784 aptum
1254 1740 1471 1776 decantandis
1483 1741 1609 1776 lascivis
1621 1742 1798 1777 amoribus.
1825 1744 1856 1776 S.
1871 1742 2021 1778 Athana⁶

1130 1791 1164 1824 fii
1176 1791 1311 1826 Textus
1323 1789 1499 1826 hominem
1511 1792 1612 1827 istum
1623 1793 1824 1837 quandoque
1846 1793 1995 1827 Sosatem
2007 1818 2019 1834 ‚

1131 1840 1335 1884 quandoque
1346 1842 1468 1884 apellat
1478 1842 1654 1878 Sotadem.
1683 1843 1770 1890 Qae
1789 1843 1950 1887 posterior
1978 1844 2022 1877 le-

1131 1891 1199 1924 &io
1207 1890 1336 1924 videtur
1356 1893 1448 1926 redia-
1473 1891 1569 1926 idem
1592 1891 1799 1927 Athanasius»
1815 1894 1920 1936 ipsum
1943 1905 2024 1928 con-

1132 1939 1252 1973 stanter
1264 1940 1402 1974 affirmat
1415 1939 1621 1987 AEgyptium
1635 1966 1646 1983 ‚
1673 1946 1707 1976 a't
1730 1941 1806 1978 vero
1818 1943 1938 1977 Suidas
1949 1944 2024 1978 scri-

1132 1988 1180 2023 bit
1191 1989 1395 2024 Cretensem.
1423 1991 1617 2035 Respondet
1644 1992 1818 2027 Dominus
1830 1992 2022 2028 Cardinalis

1131 2039 1236 2072 Caesar
1247 2040 1411 2075 Baronius
1435 2051 1443 2071 ε
1469 2043 1595 2075 Sotades
1607 2042 1739 2083 nonfuit
1750 2045 1916 2086 AEgyptius
1928 2069 1939 2084 ,
1961 2042 2022 2087 sed
2041 2030 2125 2097 A2n⁰⁰

1130 2086 1192 2131 ipse
1203 2093 1294 2123 Arius
1307 2088 1341 2121 ob
1353 2092 1562 2124 contumeliam
1582 2093 1709 2125 sotades
1729 2094 1895 2136 AEgyptius
1915 2092 1954 2133 est
1977 2096 2021 2126 di·
2037 2078 2051 2106 3
2080 2080 2104 2105 ς’

1131 2138 1207 2173 θαι.
1220 2138 1284 2176 Sed
1296 2139 1423 2174 clarum
1436 2141 1587 2186 est,quod
1599 2139 1803 2177 Athanasius
1814 2154 1883 2176 non
1897 2145 2021 2179 Arium

1130 2187 1220 2226 dicat
1231 2188 1439 2234 AEgyptium
1452 2191 1610 2226 Sotadem
1623 2216 1634 2232 ‚
1654 2192 1709 2227 sed
1721 2193 1838 2236 ipsum.
1863 2193 2020 2230 Sotadern

1131 2240 1225 2274 fuisse
1240 2239 1458 2284 AEgyptium.
1470 2241 1649 2289 Qidquid
1661 2243 1851 2283 sit,Sotades
1862 2244 1925 2278 fuit
1937 2243 2022 2279 Poe-

1131 2300 1162 2324 ta
1177 2288 1260 2324 adeo
1272 2291 1418 2333 spurcus,
1429 2300 1467 2325 ut
1477 2291 1519 2326 de
1530 2292 1601 2335 ipso
1612 2292 1731 2327 scribat
1740 2293 1916 2327 Martialis:
1928 2297 2024 2338 ,Quod

1131 2351 1183 2373 nec
1189 2345 1322 2373 carmine
1326 2342 1436 2383 glorior
1439 2340 1551 2384 supino
1561 2367 1571 2383 ‚
1584 2354 1637 2376 nee
1648 2346 1729 2377 retro
1741 2345 1804 2387 lego
1814 2346 1836 2376 5
1837 2345 1961 2376 oradem
1969 2348 2020 2377 Ci-

1131 2389 1432 2431 nedumProfitetur
1440 2392 1472 2427 se
1484 2392 1553 2434 ejus
1566 2391 1791 2427 imitationem
1805 2394 1952 2428 aversari.
1961 2395 2020 2430 So-

1132 2440 1212 2478 tadae
1222 2440 1335 2477 Metra
1346 2450 1441 2476 etant
1452 2453 1524 2476 non
1537 2442 1666 2476 tantum
1689 2443 1871 2486 impudicis
1882 2443 2021 2489 Sympo-

1130 2491 1192 2532 fiis,
1205 2489 1259 2527 sed
1269 2491 1374 2526 etiam
1386 2490 1516 2527 lascivis
1526 2491 1670 2528 Saltibus
1681 2494 1844 2537 aptissima
1857 2492 1996 2529 Cantica
2010 2520 2023 2536 ‚

1132 2541 1274 2584 ideoque
1283 2550 1411 2577 certum
1425 2541 1556 2577 videtur
1568 2542 1717 2578 Arianas
1739 2544 1930 2579 Amazonas
1944 2569 1955 2585 ‚
1981 2557 2020 2579 ac

1133 2601 1271 2626 omnem
1284 2590 1454 2626 sedunam
1468 2591 1615 2637 AEgypti
1626 2592 1766 2628 Plebem
1778 2594 1819 2628 ad
1830 2595 1898 2638 ipsa
1917 2594 2022 2630 etiam

1133 2640 1407 2725 salutasse-Q&
1418 2643 1476 2685 ipsi
1487 2644 1591 2677 etiam
1603 2642 1722 2678 Ariani
1737 2644 1902 2678 Dediores
1914 2645 1950 2677 in
1959 2646 2021 2679 Fo-

1131 2704 1167 2727 ro
1181 2691 1246 2726 fere
1256 2691 1345 2733 tripu
1372 2692 1477 2726 iarent
1493 2717 1503 2733 ,
1528 2705 1567 2728 ac
1576 2693 1797 2737 tripudiando
1809 2694 1995 2729 lascivirent
2009 2719 2021 2735 ‚

1130 2742 1221 2787 supra
1235 2740 1334 2776 nobis
1344 2741 1433 2778 dixit
1445 2741 1691 2780 S.AthanasiuS.
1706 2744 1786 2778 Haec
1797 2745 1866 2787 ejus
1879 2743 1921 2777 de
1933 2743 2020 2778 Ario

1131 2792 1227 2828 verba
1239 2792 1315 2825 sunt
1339 2791 1426 2826 clara
1450 2805 1457 2824 :
1487 2793 1704 2829 CHRISTO
1730 2795 1884 2829 Salvatori
1904 2793 2019 2828 choreis

1125 2843 1192 2887 suis
1203 2840 1349 2885 insultare
1358 2844 1467 2876 voluit.
1495 2841 1651 2878 Affirmat
1675 2843 1765 2886 quod
1792 2855 1864 2877 non
1882 2844 2019 2880 tantum

1132 2893 1251 2927 Ariani
1261 2891 1303 2926 ad
1313 2889 1489 2927 Thalaeam
1500 2893 1704 2932 saltaverint,
1717 2892 1771 2926 sed
1782 2893 1917 2937 insuper
1928 2894 2019 2938 quod

1132 2943 1232 2977 Arius
1244 2942 1347 2985 ipsam
1360 2942 1402 2977 ad
1415 2942 1514 2978 istum
1528 2943 1630 2977 finem
1642 2943 1872 2985 composuerit.
1883 2943 2020 2989 AEgyp·

1133 2994 1185 3033 rii,
1195 2992 1370 3036 pracsertim
1381 2991 1608 3027 Alexandrini
1621 3016 1632 3034 ,
1646 2993 1723 3026 sunt
1734 2994 1858 3028 ventosi
1871 3017 1883 3034 ‚
1903 2994 2020 3039 lingua

1132 3043 1320 3087 petulantes
1331 3041 1578 3079 Versificatores
1591 3065 1603 3082 ,
1630 3042 1822 3087 vulgaribus
1839 3044 2020 3079 cantilenis

1131 3093 1283 3128 consueti
1295 3092 1419 3126 ludere.
1449 3092 1543 3127 Huic
1555 3092 1701 3135 ipsorum
1713 3089 1799 3127 vitio
1809 3094 1842 3127 δε
1853 3095 1940 3129 mori
1962 3096 2020 3130 So-

1133 3142 1277 3178 tadicam
1286 3142 1460 3178 Thalaeam
1469 3141 1609 3178 obtrusit
1619 3140 1722 3180 Arius
1735 3167 1747 3183 ‚
1762 3152 1866 3187 atque
1876 3145 1922 3179 ita
1935 3145 2017 3182 fecit

1134 3194 1221 3237 ipsos
1233 3193 1334 3226 etiam
1357 3192 1393 3227 in
1422 3190 1691 3237 CHRISTUM
1717 3188 1909 3228 Dominum
1931 3195 2022 3230 dica-

1133 3255 1185 3278 ces
1198 3243 1263 3277 esse
1272 3266 1283 3283 ,
1312 3253 1352 3275 ac
1364 3251 1439 3276 toto
1451 3253 1591 3286 corpore
1603 3242 1637 3279 &
1658 3242 1775 3278 animo
1797 3243 2015 3288 blasphemos.

1134 3294 1284 3329 Similem
1297 3292 1430 3326 suorum
1451 3292 1698 3330 Germanorum
1721 3294 2017 3329 Consuetudinem

1134 3344 1247 3378 eadem
1257 3351 1326 3377 arte
1335 3343 1554 3376 circumvenit
1576 3343 1746 3379 Martinus
1769 3342 1945 3380 Lutherus.
1974 3345 2021 3380 Et

1136 3394 1211 3427 hinc
1222 3393 1263 3426 de
1276 3390 1365 3427 Ario
1372 3392 1455 3427 tedio
1465 3392 1640 3427 concludit
1651 3394 1681 3428 S.
1695 3392 1788 3428 Atha
1794 3395 1900 3428 nasius
1926 3406 1933 3426 ε
1962 3398 2019 3427 Ex

1134 3445 1193 3477 illis
1210 3445 1230 3475 5
1232 3443 1359 3475 otadicis
1384 3447 1533 3475 Numeris
1556 3448 1653 3476 animi
1664 3447 1731 3485 ejus
1743 3443 1934 3488 effoeminatio
1948 3468 1958 3484 ‚
1985 3445 2020 3477 ὠ·

1135 3500 1245 3529 mentis
1249 3493 1409 3541 putrilago
1419 3492 1670 3538 deprehenditur.
1918 3541 1951 3579 Α
1975 3541 1982 3548 Ι

1957 3551 2025 3579 nus
