2346 3776
78 1420 144 1456 Seff-
157 1424 185 1453 8.

82 2672 147 2707 Lib.
170 2682 194 2702 1.

654 69 957 136 Scriorns,
994 93 1058 122 ET
1095 89 1268 121 Nous
1302 84 1675 128 utus-ritui.

252 164 391 200 tandem
421 165 504 200 unio
533 163 568 199 in
596 162 735 206 Synodo
759 163 953 197 Florentina
973 186 982 195 .
1018 163 1138 206 Dispu-

256 226 361 251 tatum
384 216 470 255 fuit,
497 224 566 248 non
587 212 717 247 tantum
739 225 781 247 an
809 213 948 256 Spiritus
971 214 1096 247 sanctus
1117 213 1135 247 a

253 265 353 300 Patre
372 265 405 299 &
427 264 515 300 Bilio
537 263 745 307 procederet,
771 262 825 299 sed
849 264 950 297 etiarn
976 275 1018 297 an
1042 275 1109 297 vox
1123 287 1133 302 ,

257 316 393 357 Filioque
412 310 425 353 ζ
440 313 527 348 ‘licet
548 314 654 348 fausta
672 315 705 348 δε
725 325 800 348 vera
821 337 833 353 ,
859 313 1020 356 symbolo
1053 313 1133 347 citra

254 365 358 399 nostri
370 363 520 398 Canonis
540 364 837 407 praevaricationem
850 363 1000 406 potuisset
1014 364 1109 397 inseri
1124 388 1131 395 .

255 410 390 448 Marcus
414 413 626 458 Ephesiorum
646 413 772 448 Primas
793 439 804 454 ‚
830 411 931 451 hostis
943 413 1050 447 noster
1074 414 1134 447 im-

252 463 425 508 placabilis
446 489 457 505 ,
484 475 653 508 utramque
673 463 886 507 quaestionem
917 463 1014 497 duxit
1045 462 1133 507 aeque

253 514 491 560 principalem:
517 514 574 551 Ob
595 525 735 548 errorem
756 513 797 547 de
810 514 916 556 priore
942 512 1132 552 haereticos,

251 561 303 598 ob
313 564 531 602 ,temeritatem
545 565 630 601 circa
641 562 854 607 posteriorem
866 562 1014 604 adserens
1034 574 1096 598 nos
1115 563 1132 596 a

253 615 412 660 prasente
422 613 562 648 Canone
572 614 743 648 damnatos
753 637 760 644 .

303 663 482 702 Canonem
493 665 658 708 eleganter
684 662 822 706 exponit
837 663 1001 697 Beffarion
1015 661 1133 696 Archi-

192 721 199 728 ·
251 712 438 758 Episcopus
460 714 616 751 Nicaenus
638 727 651 750 ;
678 714 819 746 Eundem
843 712 979 746 bonorem
995 710 1134 755 sortimm

250 764 295 804 κβ
304 764 463 802 symbolum
476 788 488 804 ‚
514 764 767 808 quemcvdivina
786 765 940 805 scriptura
951 787 962 803 ‚
988 763 1133 796 Patribus

254 812 324 856 ujpfis
337 820 392 865 ita}
404 812 591 858 censentibus
603 839 611 846 .
636 813 768 855 Sacram
789 814 985 856 Scripturam
1011 824 1067 856 per
1086 822 1135 847 to-

254 864 527 907 mos‚‘epistolas
553 888 564 905 ,
589 865 741 898 trastatus
763 888 773 904 ‚
800 863 1010 909 professiones
1035 874 1135 907 ¹„expo-

252 924 332 949 nere
343 913 473 953 licitum
484 913 529 947 est
541 913 644 947 cuivis
656 913 821 957 Episcopo
828 926 845 953 ‡‚
871 923 903 947 at
915 913 984 956 ejus
1002 912 1130 958 corpori

255 963 442 1006 velapicem
455 975 559 997 unum
570 974 626 1003 aut
635 963 705 1007 jota
717 964 854 1004 inserere
866 973 924 997 aut
943 961 1112 1004 extrahere
1122 986 1132 1002 ,

253 1014 385 1057 gravius
407 1014 454 1047 est
479 1024 615 1059 peccato
637 1013 800 1047 ariolandi
822 1038 831 1045 .
854 1013 1004 1057 Eandem
1033 1012 1132 1058 igitur

251 1063 470 1098 reverentiam
502 1063 647 1108 ⁴*Nicaeno
670 1063 834 1108 Symbolo
866 1059 1013 1105 sancivit'
1025 1061 1131 1106 Ephe-

250 1114 323 1150 fina
334 1113 511 1157 Synodus,
537 1125 674 1154 vocem,
698 1117 853 1155 Deipara,
881 1113 965 1154 adeo
987 1123 1067 1157 tunc
1079 1123 1135 1150 ne-

253 1164 420 1207 cessariam
430 1163 596 1199 stabiliens
608 1163 742 1210 quidem
753 1164 789 1197 in
801 1163 947 1208 regulam
959 1187 970 1203 ,
996 1172 1029 1196 at
1039 1162 1132 1209 Symr

253 1213 335 1248 bolo
347 1239 357 1254 ,
383 1214 472 1256 quod
484 1223 610 1258 poterat
621 1225 692 1257 'non
702 1213 813 1248 mimis
825 1214 924 1257 quam
947 1211 1134 1247 Constanti-

253 1264 471 1307 nopolitana,
493 1276 564 1299 non
590 1265 757 1305 inserens,
783 1274 824 1297 ne
836 1263 901 1306 ipsa
921 1264 1015 1297 suum
1027 1263 1135 1299 Cano-

251 1326 337 1361 snemss
355 1314 554 1359 praevaricari
593 1323 650 1358 aut
683 1313 916 1360 parvipendere
949 1313 1132 1347 videretur.

251 1362 376 1398 Tantae
397 1364 587 1399 reverentia:
609 1365 740 1400 causam
760 1363 895 1398 adducit
916 1363 1004 1397 idem
1030 1362 1136 1396 Bessa-

251 1415 350 1449 rion:
378 1417 501 1458 Sarrum
525 1414 687 1458 symbolum
708 1419 741 1446 in
761 1413 888 1455 Ecclefia
909 1412 1022 1446 obtinet
1045 1413 1135 1445 locum

249 1470 395 1507 principii
405 1486 421 1505 ‚-
441 1465 588 1510 proximi
608 1464 680 1508 post
706 1464 925 1506 Scripturam.
953 1463 997 1495 Et
1011 1463 1046 1495 in
1069 1460 1134 1494 hoc

252 1514 389 1550 tandem
409 1512 577 1556 consensit?
602 1514 741 1554 utraq‘ue
768 1512 911 1544 Ecclesia
933 1535 945 1551 ‚
970 1511 1135 1552 latinaque

250 1560 401 1597 'ostendit
421 1572 559 1603 vocem,
587 1562 745 1602 Filioque,
771 1561 835 1595 erse
846 1559 932 1602 apud
944 1560 976 1593 se
989 1560 1136 1603 legitima

252 1613 392 1655 &causa
404 1613 438 1654 §c
450 1611 610 1654 potestate
617 1610 766 1643 additam
779 1634 790 1650 ‚
803 1609 945 1649 ideoque
953 1609 1134 1642 immunem

253 1663 273 1697 ὲ
291 1662 398 1696 Marci
425 1659 555 1705 Ephefij
566 1659 763 1706 calumniis,
788 1659 829 1694 de
842 1657 959 1708 quibus
980 1658 1137 1703 omnibus

254 1712 346 1757 plura
360 1713 419 1753 suo
432 1710 509 1753 loco
519 1735 527 1744 ,
721 1707 723 1710 ⁴

304 1762 413 1796 Dictis
438 1761 556 1795 nostris
575 1759 723 1804 quaedam
747 1760 879 1804 possunt
898 1759 1026 1803 opponi
1046 1784 1053 1790 .
1080 1758 1138 1792 Et-

254 1813 345 1848 enim
367 1811 521 1854 Ruffinus
542 1809 715 1853 Presbyter
737 1811 773 1844 in
797 1808 947 1852 Symboli
966 1809 1138 1853 expositio-

256 1874 300 1897 ne
332 1860 441 1906 scribit
461 1861 503 1904 ad
536 1860 750 1894 Laurentium
777 1859 980 1904 Episcopum
1000 1884 1011 1900 ,
1049 1856 1138 1903 quod

255 1923 372 1947 omnes
405 1911 487 1954 pene
508 1910 696 1944 Orientales
720 1909 866 1944 Ecclefiae
899 1909 1058 1943 mutarint
1091 1920 1139 1953 ca<

254 1971 316 2007 put
337 1961 434 2004 ipfius
456 1961 644 2006 Apostolici
671 1958 845 2005 Symboli‚
871 1958 1042 2002 dicentes,
1068 1970 1137 1991 non

254 2013 353 2045 eredo
385 2017 417 2043 in
449 2014 544 2053 Deum
574 2013 698 2044 Patrem
721 2034 732 2049 ‚
759 2009 812 2043 sed
844 2011 942 2054 Credo
984 2014 1015 2041 in
1047 2019 1140 2056 ungam

253 2066 350 2095 Deum
373 2063 499 2103 Patrem
522 2086 530 2102 ,-
558 2060 642 2096 Item
654 2085 665 2102 ,
686 2063 733 2101 Et
752 2065 786 2092 in
810 2071 901 2092 unum
919 2062 953 2106 J
956 2057 1035 2102 esunt
1055 2057 1141 2098 Chri-

251 2112 331 2153 stum
341 2124 354 2144 .·
378 2110 553 2155 Originale
577 2121 720 2153 namque
733 2109 930 2155 Symbolum
944 2120 1012 2142 non
1024 2106 1140 2151 habuit

252 2171 372 2196 vocem
385 2186 395 2202 ‚
416 2172 509 2203 unum
523 2186 529 2192 .
557 2160 615 2199 Ad
628 2171 724 2196 voces
734 2185 745 2201 ,
765 2163 865 2194 Deum
877 2163 1000 2193 Patrem
1011 2163 1139 2200 omnipo-

254 2220 367 2246 tentem
377 2236 387 2251 ,
413 2210 562 2254 quaedam
575 2210 724 2254 Ecclesia:
739 2209 936 2252 addiderunt
951 2219 1047 2243 voces
1059 2233 1069 2249 ,
1083 2213 1142 2242 Im-

248 2260 411 2305 pafflbilem
422 2271 458 2303 ac
469 2259 645 2302 invifibilem
654 2284 665 2300 ‚
683 2259 724 2293 de
734 2258 954 2303 quibusidem
968 2259 1141 2304 Ruffinusf·

253 2311 426 2351 Sciendum,
438 2311 522 2353 quod
528 2311 585 2344 duo
594 2310 639 2351 isti
644 2308 796 2354 sermones
809 2316 842 2342 in
853 2308 989 2351 Ecclefiae
999 2313 1143 2352 Romame

253 2360 381 2399 symbolo
393 2357 451 2392 non
463 2359 610 2394 habentur
622 2385 629 2391 .
649 2359 773 2399 Constat
784 2368 884 2393 autem
895 2361 982 2401 apud
992 2371 1044 2392 nos
1057 2359 1142 2390 addi-

253 2419 304 2444 tos
320 2408 480 2452 ,haereseos
502 2407 610 2451 causa,
634 2409 754 2441 sabellis·
766 2411 847 2442 illius
861 2409 994 2450 profec‘lo
1005 2433 1016 2449 ,
1042 2420 1109 2450 quae
1122 2411 1142 2440 ἃ

253 2458 361 2500 nostris
387 2455 608 2500 Patripaffianci
629 2459 800 2500 appellatur
822 2483 833 2499 ‚
859 2460 895 2491 id
915 2458 953 2498 est
976 2483 986 2498 ‚
1013 2469 1079 2500 quae
1109 2460 1143 2492 (θ’

257 2513 385 2543 Patrem
394 2507 492 2551 ipsunt
503 2510 555 2542 vel
563 2520 602 2542 ex
614 2512 739 2553 Virgine
748 2518 855 2542 natum
865 2510 938 2549 dicit
955 2510 990 2543 Θ
1001 2507 1142 2553 visibilem

247 2559 373 2602 fadum
389 2559 440 2602 effe
451 2583 461 2599 ‚
486 2559 541 2597 vel
552 2558 671 2601 paffum
680 2559 811 2600 affirmat
822 2564 856 2592 in
880 2569 970 2599 carne
984 2581 991 2589 .
1019 2563 1058 2602 Ut
1075 2561 1142 2603 ergo

255 2610 464 2647 excluderetur
476 2609 550 2649 ‚talis
565 2613 705 2652 impietas
717 2610 755 2646 de
781 2611 875 2642 Patre
886 2633 898 2652 ,
924 2610 1068 2650 videntur
1079 2608 1143 2652 βας

257 2658 405 2703 addidiffe
430 2660 563 2700 Majores
581 2683 588 2699 e
616 2659 662 2697 Et
684 2659 718 2691 in
734 2657 824 2692 libris
845 2659 1082 2694 invectivarum
1107 2659 1141 2692 in

258 2709 415 2751 Sangium
427 2708 678 2751 Hieronymum
697 2707 807 2748 scribit
818 2708 860 2746 de
882 2708 1024 2743 Ecclefia
1040 2709 1143 2754 Aqui-

257 2758 371 2801 leiensi
385 2771 392 2790 ι
419 2759 496 2799 Ciam
507 2770 606 2792 omnes
629 2757 762 2800 Ecclefiae
777 2763 824 2800 ito
837 2761 1061 2800 sqcramentum
1071 2762 1144 2798 ὅμως

257 2807 316 2841 bola·
329 2809 457 2847 tradant
465 2832 481 2848 ,Δ
504 2817 539 2845 ut
547 2807 702 2854 postquam
714 2809 850 2847 dixerint
863 2832 875 2848 ,
901 2808 1141 2850 PECCATQ-

258 2856 379 2892 RUM
406 2857 761 2898 REM18810NEM,
786 2859 906 2890 addant
925 2882 936 2898 ,
965 2858 1144 2902 CARNJS

258 2905 726 2949 RESURRECTIONEM
739 2905 866 2950 ‚sanda
878 2906 1073 2954 Aquilejenfis
1085 2913 1143 2952 Ec·

261 2956 347 2998 clefia
357 2957 449 2989 addit
460 2962 550 2990 unius
569 2962 754 2998 pronominis
773 2955 937 3000 ffllaqu,
964 2960 998 3001 Θ
1020 2967 1077 3000 pro
1086 2972 1117 3002 eo
1133 2985 1143 3001 ,

257 3008 447 3049 quodcaeteri
455 3008 560 3039 dicunt
571 3031 582 3048 ,
593 3005 770 3047 CARNIS
782 3007 1144 3052 RESURRECTlo-

259 3056 394 3095 NEM,
417 3067 469 3090 nos
491 3058 644 3096 dicimus„
674 3055 841 3106 HUJUS
868 3057 1045 3093 ,CARNIS
1068 3059 1144 3094 RE-

258 3105 683 3143 SURRECTIONEM1-
704 3107 775 3150 ,Quo
793 3105 906 3156 scilicet
918 3107 1054 3149 frontem
1071 3135 1085 3153 ‚
1108 3118 1144 3145 ut

1902 98 2001 148 397

1199 172 1261 193 mos
1283 160 1321 202 est
1333 186 1344 202 ‚
1369 167 1402 195 in
1416 163 1478 205 fine
1496 162 1618 201 symbols·
1631 164 1774 208 signaculo
1795 171 2014 214 contingentes,
2035 172 2071 207 e·

1195 217 1296 245 carnis
1321 210 1413 253 hujus
1434 214 1594 254 videlicet,
1619 225 1710 256 quam
1729 223 1943 263 contingimus,
1972 220 2068 264 resur-

1196 261 1352 296 rec‘lionem
1368 262 1528 303 fatentes,
1554 274 1668 298 omnem
1692 266 1856 301 adversam
1868 281 1920 303 nos
1940 281 2071 304 venena-

1196 320 1237 344 tae
1257 312 1368 356 linguae
1387 314 1597 354 calumniandi
1618 316 1736 355 aditum
1752 317 1965 357 praestruamus
1986 345 1994 352 .
2021 320 2071 354 Ita

1196 361 1338 395 ostendit
1351 360 1528 397 Ecclefiam
1552 363 1795 407 Aquilejensem
1808 389 1819 406 ,
1840 366 2027 410 adeoque&
2039 371 2071 403 se

1198 411 1287 446 illius
1299 423 1339 445 ex
1364 412 1472 447 saneto
1484 414 1577 447 fonte
1590 414 1709 454 filium,
1720 416 1782 448 effe
1792 416 2019 460 remotissimos
2029 419 2072 453 ab

1196 461 1354 505 Origenis
1371 462 1594 503 deliramentis
1615 463 1656 498 de
1678 464 1785 498 carnis
1819 466 2068 508 resurrectione.

1197 510 1313 554 Aperit
1325 512 1359 545 &
1371 512 1544 556 antiquum
1565 524 1690 561 rnorem
1703 538 1714 554 ,
1739 514 1905 559 morisque
1916 516 2044 550 causam
2060 541 2072 556 ‚

1196 571 1237 594 ex
1260 572 1323 604 qua
1344 561 1428 595 olim
1450 562 1561 597 fideles
1580 562 1622 597 ad
1646 564 1860 598 undecimum
1884 563 2071 609 Apostolici

1196 610 1347 653 Symboli
1379 611 1554 656 articulum
1586 613 1736 659 solebant
1768 615 1873 648 crucis
1902 615 2070 661 signaculo

1195 661 1339 696 frontem
1350 660 1521 705 insignire.
1854 682 1861 690 ‹
1928 669 1935 672 ⁷

1245 710 1362 748 ,clerus
1383 710 1876 757 ‚item‘Constantinopolitanus
1899 715 1935 748 in
1954 714 2072 749 libello

1195 760 1430 806 contestatorio
1466 761 1618 796 adversus
1644 761 1836 798 Nestorium
1870 764 2071 807 Episcopum

1196 811 1289 846 suum
1310 835 1322 851 ,
1346 812 1494 846 exstante
1527 813 1612 847 inter
1632 814 1697 846 aesta
1721 813 1849 856 Synodi
1884 812 2071 857 Ephesium,

1196 859 1306 894 scribit
1316 861 1356 895 de
1378 862 1522 896 Ecclesia
1549 861 1787 909 Antiochena:
1812 864 1870 907 ῌΙα
1896 875 1955 897 non
1979 865 2073 906 alium
2088 888 2109 919 L
2124 897 2136 919 1
2165 895 2208 919 ω

1195 915 1229 943 ω
1260 912 1352 944 alium
1386 913 1501 945 Filium
1522 910 1652 956 agnoscit
1675 937 1687 953 ,
1716 910 1892 958 fimperque
1924 918 2074 959 agnovit,
2111 908 2119 918 '
2141 905 2149 916 “
2184 907 2190 915 “
2213 897 2243 924 3·

1190 958 1250 1002 sed
1268 971 1359 994 unum
1380 963 1578 1004 eundemque.
1607 966 1694 995 Nam
1712 970 1791 1006 inter
1813 971 1922 1006 paetera
1942 969 1991 996 ita
2012 975 2075 996 con-

1194 1015 1329 1044 cionatur
1351 1024 1359 1043 :
1387 1011 1540 1047 DEUM
1564 1012 1751 1056 VERUM
1778 1013 1843 1055 DE
1874 1013 1973 1049 DEO
1994 1012 2074 1047 VE-

1197 1059 1265 1094 Ro
1290 1085 1301 1101 ,
1338 1061 1863 1108 CONSUBSTANTgALEM
1899 1062 2074 1104 PATRI,

1197 1110 1288 1144 PER
1314 1110 1466 1157 QUEM
1492 1111 1706 1157 sAECULA
1718 1112 2074 1158 CONSTITUTA,

1194 1160 1261 1194 ET
1272 1161 1436 1195 OMNIA
1449 1160 1614 1208 FACTA
1635 1161 1792 1198 SUNT.
1821 1161 1962 1196 Nicaeno
1973 1162 2075 1206 igitur

1195 1209 1356 1253 symbolo
1367 1210 1459 1245 addit
1481 1222 1600 1253 voces,
1626 1213 1687 1255 Per
1698 1223 1785 1254 quem
1803 1210 1916 1254 saecula
1940 1211 2073 1252 constitu-

1195 1270 1228 1293 ta
1242 1286 1248 1292 .
1275 1261 1397 1296 Omisit
1409 1260 1486 1295 vero
1498 1272 1614 1296 vocem
1628 1286 1639 1303 ,
1665 1265 1711 1295 De
1722 1263 1801 1295 coelts
1813 1286 1823 1303 ‚
1850 1262 1998 1306 ,legitque
2005 1262 2082 1295 fimf

1196 1311 1344 1354 pliciter,
1370 1309 1549 1354 Descendit.
1576 1311 1675 1351 Plura
1686 1311 2076 1354 ejusmodiadditamenta

1196 1361 1319 1394 adduxi
1340 1363 1432 1404 supra
1456 1361 1497 1395 ad
1516 1361 1714 1404 Symbolum
1735 1361 2078 1405 Constantinopolita-

1198 1422 1277 1444 num
1290 1435 1297 1442 .
1325 1410 1370 1445 Et
1384 1409 1600 1454 Eutychianis
1622 1411 1867 1457 AEgyptiorum
1879 1412 2052 1455 Episcopis
2065 1435 2078 1451 ‚

1197 1458 1366 1504 adversum
1378 1462 1459 1494 fasta
1471 1471 1526 1504 per
1539 1461 1712 1503 Synodum
1733 1461 2079 1503 Constantinopolita-

1199 1520 1274 1554 nam
1304 1509 1527 1543 additamenta
1547 1509 1831 1554 declamantibus,
1857 1509 2023 1553 respondit
2044 1509 2081 1542 in

1198 1558 1339 1600 Synodo
1370 1557 1632 1603 Chalcedonensi
1666 1559 1839 1604 Diogenes
1870 1558 2080 1594 orthodoxus

1200 1608 1378 1653 Episcopus
1387 1608 1626 1650 Cyzicenus,ea
1637 1608 1700 1642 effe
1711 1618 1826 1643 contra
1837 1609 2079 1644 Macedonium

1199 1667 1294 1699 atque
1317 1656 1565 1703 Apollinarium
1588 1658 1670 1692 faeta
1689 1683 1700 1699 ‚
1725 1658 1915 1701 &omnino
1936 1659 2081 1694 licuisse.

1200 1707 1243 1740 Et
1263 1706 1414 1741 adversus
1451 1707 1560 1751 ipsum
1592 1708 1846 1743 Haeresiarcham
1868 1708 2058 1752 Eutychetn
2071 1733 2085 1750 ,

1200 1757 1255 1800 qui
1271 1758 1305 1791 in
1329 1756 1491 1800 Ephefino
1503 1757 1680 1792 latrocinio
1702 1756 1792 1792 hunc
1804 1757 1953 1793 nostrum
1973 1758 2086 1793 Cano·

1202 1818 1276 1841 nem
1290 1805 1488 1850 Ephefinum
1500 1807 1620 1841 urserat
1631 1807 1784 1842 adversus
1794 1809 1947 1843 sanctum
1956 1809 2084 1843 Flavia-

1202 1868 1281 1891 num
1303 1857 1506 1901 Episcopum
1529 1858 1622 1891 suurn
1646 1858 2083 1902 Constantinopolitanum,

1201 1907 1366 1950 respondit
1379 1906 1540 1941 Eusebius
1552 1906 1731 1951 Episcopus
1745 1908 1972 1950 Doryleenlis:
2000 1913 2083 1942 Men·
2098 1923 2163 1957 Ast·
2170 1936 2196 1956 ι.

1200 1962 1274 2001 titus
1286 1956 1342 1998 est:
1371 1961 1443 1990 Non
1453 1956 1491 1997 est
1510 1958 1583 1990 talis
1596 1957 1749 1999 definitio,
1775 1969 1833 1991 non
1845 1957 1882 1999 est
1906 1960 2006 2003 regula
2030 1959 2083 1994 hoc

1197 2012 1397 2053 prgecipiens.
1425 2007 1529 2041 Hunc
1552 2006 1699 2041 nostrum
1721 2007 1896 2042 Canonem
1915 2009 1997 2044 dicit
2017 2012 2082 2044 effe

1203 2057 1441 2103 supposititium
1451 2057 1484 2090 δε
1495 2058 1606 2090 fidium
1619 2082 1626 2089 .
1648 2056 1751 2104 Qod
1764 2058 1898 2092 Eusebii
1910 2058 2033 2093 dictum
2045 2060 2082 2094 in

1202 2107 1393 2153 Floren'tina
1416 2105 1553 2154 §ynodo
1565 2105 1704 2142 adduxit
1724 2106 1825 2142 etiam
1836 2108 1880 2142 D.
1894 2107 2083 2149 Cardinalis

1202 2158 1367 2203 Julianus.

1252 2207 1452 2251 Respondeo
1464 2205 1532 2242 haec
1542 2207 1655 2242 omnia
1666 2207 1888 2243 additamenta
1910 2211 1993 2244 fasta
2003 2208 2081 2245 fuis-

1203 2259 1235 2292 se
1253 2268 1330 2296 ante
1343 2255 1431 2292 hunc
1451 2258 1597 2292 nostrum
1607 2257 1779 2296 Canonern
1793 2283 1804 2299 ‚
1830 2258 1969 2304 ideoque
1981 2259 2079 2294 nobis

1203 2319 1271 2342 non
1294 2307 1451 2353 adversari
1472 2334 1479 2340 .
1507 2307 1791 2354 Noster-namque
1812 2308 1933 2343 Canon
1955 2311 2079 2353 primus

1203 2357 1427 2406 additamenta
1449 2358 1618 2400 interdixit
1641 2382 1653 2399 ,
1686 2368 1877 2401 tantamque
1902 2360 2009 2394 sanxit
2032 2371 2080 2396 re-

1204 2409 1381 2442 verentiam
1407 2407 1570 2451 Symbolo
1598 2407 1741 2450 Nicaeno
1762 2435 1769 2442 .
1798 2408 1944 2443 Eusebio
1964 2419 2076 2444 autem

1205 2458 1395 2501 Doryleenfi
1408 2457 1574 2500 respondit
1595 2458 1630 2502 in
1651 2458 1788 2501 Synodo
1815 2457 2079 2494 Chalcedonenfi

1204 2508 1383 2542 Dioscorus
1415 2506 1604 2547 Patriarcha
1626 2506 1870 2547 Alexandrinus
1896 2522 1903 2541 :
1939 2512 2081 2552 ,Quatuor
2097 2529 2154 2563 A&
2195 2540 2223 2564 ι.

1204 2559 1326 2591 Codices
1333 2556 1407 2600 sunt
1420 2582 1431 2597 ,
1457 2563 1507 2599 qui
1518 2568 1584 2597 eam
1594 2555 1793 2604 definitionem
1803 2563 1971 2592 continent.
1987 2560 2082 2603 ‚Quod
2154 2552 2162 2562 ⁰

1203 2607 1382 2650 definierunt
1404 2605 1545 2649 Episcopi
1573 2631 1584 2647 ‚
1610 2607 1718 2647 nonest
1743 2608 1899 2648 definitio?
1925 2609 2082 2650 Nunquid

1203 2657 1292 2692 habet
1316 2681 1327 2699 ‚
1353 2662 1424 2699 quia
1447 2658 1548 2700 regula
1567 2656 1607 2697 est
1628 2658 1640 2690 ἓ
1671 2661 1744 2701 Non
1770 2656 1809 2702 est
1829 2658 1931 2700 regula
1952 2682 1959 2689 .
1989 2659 2081 2691 Aliud

1203 2707 1241 2749 est
1270 2708 1372 2751 regula
1395 2730 1406 2746 ‚
1441 2707 1531 2749 aliud
1549 2706 1682 2748 definitio
1705 2730 1713 2738 .
1753 2705 1862 2749 accusa
1883 2713 2014 2749 quinque
2033 2709 2080 2746 51·-

1205 2758 1320 2791 nodicos
1341 2757 1452 2790 codices
1468 2780 1475 2787 .
1503 2759 1550 2787 Et
1559 2766 1609 2799 ego
1630 2754 1742 2796 habeo,
1763 2757 1798 2789 (9⁴
1819 2756 1887 2799 ille,
1914 2758 1948 2790 (9·
1967 2758 2016 2791 ille
2028 2756 2081 2790 ba-

1203 2808 1296 2851 bent3
1316 2805 1478 2849 proferant
1490 2816 1587 2839 omnes
1598 2806 1710 2839 codices
1722 2830 1729 2837 .
1755 2805 1919 2851 Mutilum
1930 2807 2010 2851 ergo
2029 2818 2082 2841 co·

1204 2858 1310 2899 dicem
1336 2856 1450 2892 habuit
1474 2854 1656 2891 Eusebius:
1682 2855 1803 2898 Forsan
1823 2867 1865 2899 ex
1884 2858 1979 2891 causa
1998 2857 2081 2901 tali,
2098 2874 2230 2915 Epistvw.
2296 2896 2298 2899 v

1205 2920 1248 2942 ex
1258 2907 1347 2952 quali
1371 2906 1527 2950 Canones
1540 2903 1826 2948 Chalcedonenses
1850 2906 1942 2940 fuisse
1954 2906 2081 2951 Cappa-

1204 2957 1342 3003 docibus
1365 2957 1500 3001 ignotos
1525 2954 1635 2989 scribit
1656 2954 1698 2989 ad
1718 2955 1867 3002 Leonem
1888 2954 2080 3000 Augustum

1205 3009 1239 3041 in
1251 3008 1365 3043 litteris
1375 3005 1446 3050 post
1457 3001 1629 3048 synodum
1638 3003 1943 3051 Chalcedonensem
1952 3005 2078 3046 exstan-

1205 3057 1292 3102 tibus
1302 3056 1445 3102 Alypius
1457 3054 1585 3098 Primas
1594 3054 1807 3101 Caesaraeenfis
1818 3080 1824 3088 .

1861 3505 2031 3541 EPHE-
