2346 3776
620 58 1066 110 DtsSERTATio
1116 52 1542 106 PRooeM'iAms.
1927 68 1999 120 '103

164 141 253 177 firmi
262 139 396 185 quidam
406 138 530 174 Fideles
540 136 711 181 patrabant
723 134 807 170 illud
817 133 887 169 doli
899 134 1026 168 facinus
1038 158 1048 174 ‚

164 191 255 234 quod
267 192 376 225 sansto
389 189 543 224 Eleazaro
556 184 749 221 Machabaeo
759 183 957 229 patrandum
982 185 1050 218 sua-

162 240 312 275 debatex
322 239 463 274 humana
474 236 763 271 commiseratione
773 234 934 271 Officium
947 233 1050 279 Regis

162 289 352 333 Antiochi:
379 287 479 334 Qasi
507 286 717 321 sacrificaturi
743 283 983 320 adscendebant
1008 284 1050 318 ad

162 339 298 381 Altare,
322 338 356 373 &
382 337 447 371 fine
469 336 635 371 Sacrificio
661 336 773 371 statim
799 333 1048 370 descendebant.

160 390 261 425 Istam
279 386 466 423 Gentilium
493 386 755 422 Conniventiam
780 385 886 430 pretio
913 382 1051 419 emerca-

165 439 291 475 bantur.
318 436 363 471 Et
372 436 414 471 de
426 434 477 470 his
486 436 574 471 dixit
584 437 719 472 Sanetus
727 436 855 476 Petrus,
863 435 954 479 quod
966 434 1051 478 quasi

161 487 290 523 Altaria
301 485 518 531 pervaderent
532 513 540 520 .

211 538 257 572 Et
278 536 424 571 Rursum
440 536 482 571 de
500 536 617 573 iisdem
636 535 719 572 dicit
731 550 743 570 .·
768 538 828 570 Eis
853 541 906 578 qui
927 534 1043 576 simula-

159 596 232 623 runt
243 612 254 628 ‚
272 585 393 629 ficut&
415 588 545 628 David,
572 594 624 631 qui
635 585 670 631 se¹
681 586 883 629 Epilepticum
891 586 1039 629 fingebat,

161 651 199 673 ne
227 646 390 671 moreretur
411 661 422 678 ‚
459 644 602 681 quamvis
634 647 742 671 revera
772 638 960 678 Epilepticus
987 647 1046 668 non

159 689 226 732 effet
252 712 263 728 ‚
288 689 324 721 s&
342 699 401 720 non
423 690 502 722 nude*
523 693 706 733 negationem
725 684 942 730 inscripserunt
956 710 966 726 ‚
989 683 1047 728 sed

159 744 195 772 in
215 739 322 772 multis
342 736 508 782 angustiis,
533 747 680 781 tanquam
694 743 783 779 pueri
802 736 911 779 confflio
922 737 956 769 (ν
972 743 1049 777 pru-

158 790 266 821 dentia
281 789 431 829 praediti,
456 794 535 820 inter
553 796 664 834 pueros
684 786 853 829 insipientes
864 786 1046 820 inimicorum

160 838 285 880 insidiar
303 837 449 879 ludnfcati
467 835 559 880 fiant.
588 837 720 881 Utique
730 836 858 872 Altaria
872 834 1048 880 pervaden-

159 888 208 922 do
219 912 230 928 ‚
242 895 299 921 aut
308 884 420 921 dando
431 883 722 933 Chyrographum.>
747 888 840 922 Nota
851 885 998 925 verbum,
1008 891 1051 918 in-

155 935 348 982 scrspserunt.
375 936 562 971 Confirmat
592 936 835 971 L'ibellatorurn
857 935 942 980 apud
967 934 1050 969 Aua

159 986 399 1022 Profeffionem
408 986 503 1021 fuisse
514 988 642 1032 propria
654 988 816 1032 signatam
827 998 939 1021 manu.
966 986 1050 1020 Item

160 1045 244 1072 nota
254 1047 369 1071 vocem
380 1060 391 1076 ,
418 1048 476 1070 non
487 1038 589 1080 nude&
615 1037 729 1072 Edicit
746 1038 788 1072 ab
808 1037 876 1071 illis
899 1046 969 1071 non
980 1036 1050 1069 Πο-

159 1087 279 1122 minici
292 1086 439 1120 nominis
450 1084 720 1132 abnegationem,
727 1088 781 1121 sed
793 1087 897 1121 solam
907 1086 947 1120 ad
959 1085 1051 1118 Prin-

159 1137 275 1181 cipum
286 1136 405 1170 Edicta
415 1136 641 1171 obedientiam
652 1149 690 1171 ac
700 1138 967 1172 satis-factionem
976 1133 1050 1168 fuis-

160 1188 195 1221 se
216 1185 386 1220 admissam
407 1186 441 1219 δε
462 1186 628 1230 signatam.
654 1186 700 1220 Et
723 1185 804 1221 hinc
824 1184 1052 1220 illiexistima-

161 1236 244 1271 bant
252 1237 285 1269 se
293 1247 372 1278 curn
385 1236 497 1280 fausto
508 1235 638 1269 Davide
650 1236 820 1278 Sapienter
830 1245 868 1268 ac
879 1234 1053 1277 prudenter

161 1287 288 1330 fingere
300 1309 311 1325 ‚
335 1294 436 1326 atque
452 1283 499 1317 ita
524 1284 589 1317 effe
605 1283 835 1317 immaculatos
856 1283 876 1317 ὸ,
895 1282 1051 1317 crimine.

162 1337 297 1371 Sanetus
309 1333 501 1375 Cyprianus
507 1332 607 1366 istum
617 1343 760 1367 errorem
771 1331 855 1367 adeo
867 1344 937 1367 non
957 1332 1053 1376 plene

161 1383 320 1420 evulserat
331 1407 338 1414 .
366 1382 411 1415 Et
420 1379 500 1415 hinc
510 1382 636 1417 sanstus
647 1381 765 1417 Petrus
774 1383 857 1418 dicit
868 1383 955 1427 ipsos
978 1394 1054 1426 pue-

161 1434 217 1470 rili
223 1431 403 1471 consilio&
415 1430 585 1475 prudentia
596 1433 672 1467 usos
685 1457 696 1473 ‚
721 1432 863 1477 ideoque
874 1433 987 1476 procul
998 1432 1054 1467 ab·
1070 1465 1072 1468 .

161 1484 228 1522 esse
237 1483 255 1516 a
266 1482 366 1517 sanffi
377 1480 518 1516 Davidis
528 1493 601 1516 vera
611 1482 791 1526 prudentia.
821 1483 864 1516 Et
874 1481 987 1517 denuo
999 1482 1050 1517 ad-

160 1533 273 1579 iungit
283 1546 296 1567 .·
320 1530 456 1573 EtIamfi
463 1533 600 1566 nonnulli
615 1543 716 1566 eorum
725 1557 736 1573 ‚
762 1538 814 1575 qui
823 1532 934 1575 conftffi
952 1531 1029 1576 sunt
1041 1556 1051 1572 ‚

163 1594 200 1618 ut
215 1583 350 1622 nutavi,
374 1581 526 1624 aliquibus
542 1593 642 1616 eorum
666 1583 800 1627 ceffirint
810 1608 817 1615 .
843 1585 927 1618 Sunt
954 1581 1051 1617 verba

162 1631 484 1675 obscura..Videntur
495 1643 565 1667 non
576 1632 618 1667 ad
625 1633 813 1668 Gentilium
823 1632 1051 1672 Submissores,

163 1681 451 1726 sedadAltarium
470 1683 653 1726 pervasores
677 1684 711 1718 δε
733 1681 1051 1727 Chyrographorum

164 1733 294 1768 datores
309 1732 374 1766 effe
384 1732 560 1767 referenda.
591 1734 636 1767 Et
655 1734 763 1768 facere
781 1732 871 1768 hunc
898 1733 1027 1767 sensum
1043 1745 1050 1764 :

164 1783 296 1819 Eorum
303 1781 439 1829 quidam
449 1781 598 1816 laborant
611 1783 750 1819 infamia
764 1807 776 1822 ,
801 1782 892 1826 quod
908 1781 1053 1818 omnino
1072 1788 1075 1814 ἰ

165 1831 361 1877 abnegarint
373 1855 384 1871 ‚
409 1833 514 1866 autin
524 1831 656 1866 transitu
669 1832 891 1872 sacrificarint,
899 1841 999 1875 atque
1009 1832 1055 1866 ita
1075 1871 1077 1874 ‚

165 1880 360 1917 Gentilibus
370 1881 521 1915 cesserint
530 1906 538 1914 .

218 1930 373 1966 Tertiam
383 1931 411 1964 F
412 1928 545 1964 litionis
554 1931 608 1965 seu
615 1933 772 1968 evasionIs
783 1932 925 1977 speciem
948 1931 1055 1968 conti-

167 1979 322 2018 nenthaec
334 1978 454 2014 verba:
477 1981 534 2015 Vel
550 1986 602 2024 qui
617 1989 674 2024 pro
693 1981 728 2025 se
750 1982 896 2017 Etbnicos
933 1980 1057 2026 immise-

171 2042 254 2066 runt.
292 2030 427 2074 Nempe
438 2030 500 2074 ,qui
509 2029 691 2066 Provinciae
699 2032 854 2067 Praefesto
874 2032 960 2077 apud
970 2031 1053 2066 Asta

167 2081 342 2117 assererent
353 2081 385 2115 se
396 2080 459 2114 esse
466 2079 557 2115 hunc
568 2081 619 2116 vel
630 2081 730 2117 istum
740 2082 981 2123 Christianum,
995 2093 1053 2125 pro

167 2132 232 2168 illo
243 2140 402 2176 negarent
413 2139 471 2164 aut
489 2131 706 2167 sacrificarent
717 2157 728 2173 ‚
754 2143 852 2176 atque
869 2134 915 2168 ita
941 2133 1051 2177 ipsum

168 2183 352 2217 eximerent
364 2181 459 2214 omni
470 2190 569 2215 metu.
597 2182 642 2216 Et
663 2182 743 2216 istos
763 2182 926 2218 Ethnicos
949 2183 1059 2217 forsan

170 2231 313 2276 pecunia
323 2229 486 2265 emebant.
513 2232 604 2266 Dico
615 2246 627 2266 .-
638 2231 756 2275 Forsan
766 2246 780 2275 ;
792 2234 927 2268 Etenim
938 2232 982 2267 de
991 2231 1055 2268 hac

170 2281 378 2317 Diocletiani
388 2293 426 2315 ac
434 2280 636 2316 Maximiani
646 2284 875 2326 persecutione
890 2282 1004 2317 scribit
1025 2284 1058 2317 in

170 2330 339 2373 Litcrisad
358 2331 433 2365 suos
452 2330 650 2367 Monachus*
672 2334 798 2368 sanetus
825 2332 1024 2368 Athanasius
1053 2347 1059 2366 :

172 2385 243 2425 Ego
257 2383 277 2414 ἂ
298 2380 443 2414 Patribus
465 2383 599 2422 audivi,
623 2384 662 2417 ὦ·
676 2394 785 2418 verum
802 2384 933 2418 arbitror
951 2409 962 2425 ‚
992 2396 1060 2418 cum

168 2429 332 2474 perficam
360 2431 426 2473 esset
451 2441 527 2465 nata
552 2430 611 2474 sub
635 2435 829 2467 Maximiano
856 2460 868 2475 ,
895 2434 1061 2476 Constantii

174 2484 262 2520 Avo,
287 2477 434 2513 Etbnicos
453 2480 585 2516 homines
607 2507 618 2523 ‚
646 2487 774 2518 Fratres
794 2483 901 2524 nostran
922 2484 1063 2525 Christia—
1081 2517 1082 2520 ,

175 2542 230 2564 ms
243 2554 253 2570 ‚
278 2541 347 2562 cum
362 2540 567 2572 quaererentur
579 2555 590 2571 ‚
614 2533 739 2566 latebris
761 2533 903 2577 abdidisse
918 2558 929 2574 ‚
954 2533 1056 2578 eosque

168 2579 195 2624 s
191 2581 255 2622 ape*
258 2585 391 2621 pecunia
396 2580 551 2614 mulctatos
560 2605 574 2620 ,
597 2583 633 2615 (ν’
643 2589 757 2616 carceri
766 2590 954 2626 mancipatos
956 2585 1058 2627 furffe,

174 2642 235 2664 non
245 2629 279 2662 ob
290 2630 375 2662 aliud
382 2654 394 2670 ,
416 2631 508 2672 quam
516 2632 596 2673 quod
608 2632 816 2677 profugientes·
826 2636 870 2667 ad
883 2633 918 2677 se
923 2636 1053 2676 prodere

174 2681 284 2714 nollent
293 2704 303 2720 ,
312 2677 412 2721 eosque
423 2681 525 2713 eadem
529 2680 592 2722 fide
604 2705 615 2721 ‚
642 2681 745 2726 quase
761 2682 840 2727 ipfhs
855 2686 979 2718 tuendos
995 2694 1056 2727 pu-

174 2738 288 2770 tarent,
300 2741 356 2762 non
364 2735 453 2762 veriti
462 2730 497 2762 ob
508 2731 545 2763 id
543 2729 578 2774 se
585 2734 729 2773 periculis
737 2733 859 2775 objicere
869 2760 876 2767 .
904 2734 969 2769 Ista
980 2736 1056 2770 scri-

175 2779 225 2814 bit
245 2779 286 2813 de
309 2778 498 2816 Gentilibus
519 2780 755 2818 Alexandrinis
768 2809 775 2815 .
801 2784 850 2818 Ita
872 2783 913 2818 de
921 2789 1057 2829 captivo

175 2830 286 2863 santio
299 2828 512 2871 Cypriane&
533 2831 724 2867 Gentilibus
745 2832 1058 2879 Carthaginensibus
1079 2858 1082 2862 ‹

177 2878 439 2914 scribitinillius
450 2879 514 2913 vita
525 2879 664 2916 Pontius
686 2883 859 2918 Diaconus
881 2898 891 2918 .-
917 2886 1060 2927 speraba-

176 2938 226 2962 tur
239 2931 311 2969 jam
331 2930 459 2970 jamque
492 2930 641 2972 Carnifex
672 2939 798 2967 veniens
819 2958 830 2975 ,
854 2941 906 2977 qui
940 2937 1059 2969 devota

175 2977 359 3021 sanc‘liffmae
386 2979 518 3011 vic‘iimae
542 2981 613 3013 colla
632 2990 816 3024 percuteret.
844 2988 890 3021 Et
908 2984 949 3026 fic
973 2996 1059 3019 erant
1079 2991 1082 2995 ⁴

180 3039 279 3062 omnes
304 3029 368 3061 dies
394 3030 438 3061 illi
463 3031 638 3070 quotidiana
675 3032 853 3075 exspectatio
878 3037 1020 3069 moriendi
1047 3061 1058 3077 ‚

181 3087 216 3111 ut
239 3089 343 3111 corona
360 3077 483 3121 fingulis
514 3080 605 3122 posset
640 3080 768 3124 adscribi
790 3108 798 3116 .
834 3085 1059 3119 conveniebant

181 3133 300 3161 interim
320 3129 421 3170 plures
449 3135 583 3173 egregii,
609 3131 644 3164 &
666 3132 809 3171 clariffimi
835 3135 948 3167 ordinIs
976 3159 987 3175 ‚
1026 3148 1060 3169 ac

179 3175 334 3221 sanguinis
348 3202 358 3217 ,
373 3176 442 3220 -sed
464 3180 498 3212 Θ
518 3177 621 3222 saeculi
647 3180 798 3216 nobilitate
820 3184 953 3227 generofi
972 3197 981 3227 ;
1007 3194 1057 3228 qui

178 3234 301 3268 propter
318 3234 482 3278 amicitiam
507 3231 573 3269 ejus
591 3236 750 3272 antiquam
763 3256 774 3271 ‚
793 3231 928 3276 secessum
932 3233 1059 3277 subinde

180 3274 355 3318 suadebant.
384 3281 429 3311 Et
441 3290 476 3312 ne
492 3280 605 3320 parum
624 3281 689 3323 esset
699 3283 781 3314 nuda
797 3281 943 3325 suadela,
968 3291 1059 3318 etiam

182 3326 245 3359 loca
262 3349 272 3365 ‚
306 3332 338 3359 in
362 3338 430 3369 quae
449 3327 596 3371 secederet
621 3355 632 3370 ‚
666 3330 834 3371 offerebant.
874 3333 1058 3370 Istiusmodi

183 3374 285 3430 igitur
310 3374 444 3422 benigni
471 3378 621 3414 Gentiles
631 3382 730 3426 gratis
748 3383 782 3415 δε
801 3383 1059 3427 spontaneomo-

184 3432 223 3462 tu
249 3427 281 3458 ie
305 3435 364 3469 pro
386 3427 502 3464 amicis
526 3430 626 3467 etiam
647 3432 813 3468 finxerunt
833 3431 1057 3479 Christianos,

1110 144 1233 179 negant
1259 145 1317 179 pro
1342 133 1415 178 ipfis
1441 131 1528 177 apud
1554 129 1639 167 Asta
1652 153 1664 173 ,
1687 132 1722 169 δέ
1751 132 1788 170 in
1810 131 1918 170 Altari
1938 135 1987 170 sa-

1114 185 1261 220 crificant
1273 210 1281 217 .
1507 216 1510 220 .

1159 233 1345 282 Qmodo
1365 233 1426 268 iste
1446 244 1503 276 per
1522 230 1693 268 Libellum
1717 230 1842 275 Lapsus
1862 234 1995 279 grassari

1111 285 1236 329 caeperit
1248 309 1259 325 ‚
1271 286 1398 330 ignoro.
1426 282 1524 317 Certe
1541 281 1627 326 apud
1639 281 1890 316 Tertullianum
1902 285 1995 319 nulla.

1111 335 1156 368 est
1168 335 1263 378 ipsius
1272 334 1440 369 memoria.
1469 333 1541 367 Nec
1551 331 1638 376 apud
1648 331 1732 366 alios
1743 330 1860 365 veteris
1882 332 1996 367 Eccle-

1110 385 1159 418 sia:
1171 384 1355 427 Scriptores.
1382 384 1494 432 Qare
1518 382 1646 418 videtur
1664 380 1723 416 sub
1746 381 1845 416 Decii
1855 382 1999 425 persecu-

1111 435 1203 469 tione
1215 433 1358 478 primum
1367 433 1553 477 apparuisse.
1581 434 1625 467 Et
1643 430 1723 466 hinc
1743 432 1842 473 multi
1862 432 1998 477 excusa-

1111 484 1192 519 bant
1211 483 1307 518 illum
1320 508 1331 524 ‚
1357 484 1392 518 &
1410 482 1584 518 censebant
1615 483 1810 522 innoxium-2
1831 482 1996 516 Rationes

1111 545 1224 569 eorum
1245 534 1278 568 &
1299 533 1395 568 verba
1416 533 1551 568 adducit
1571 533 1603 566 S.
1627 532 1815 576 Cyprianus
1829 533 1864 565 in
1876 531 2000 566 Literis
2060 567 2065 573 ,
2101 570 2104 579 Ι

1110 585 1151 618 ad
1162 584 1395 619 Antonianum
1407 596 1414 615 :
1442 586 1509 628 Ego
1515 584 1603 625 prius
1615 583 1743 626 legeram
1755 607 1765 623 ,
1779 580 1924 625 Episcopo
1935 590 2001 615 tra·
2017 565 2101 611 55³¹st-

1111 635 1208 668 &ante
1217 646 1408 679 cognoveram
1416 645 1475 667 non
1490 632 1725 676 sacrificandum
1747 633 1840 665 Idolis
1853 656 1863 672 ‚
1890 643 1944 665 nec
1962 630 2001 674 Ιί-
2038 618 2062 637 ⁷'‘

1110 686 1242 718 mulacra
1249 683 1373 728 servum
1383 687 1441 718 Dei
1451 685 1578 717 adorare
1597 681 1725 716 debere:
1756 685 1803 714 Et
1824 683 1931 715 idcirco
1958 682 1997 715 n?

1111 734 1162 767 hoc
1165 735 1301 776 facerem
1312 736 1393 777 quod
1400 746 1457 768 non
1467 733 1586 774 licebat,
1612 743 1679 766 cum
1692 730 1792 773 occafio
1803 729 1997 774 Libellifuis-

1105 783 1154 828 set
1164 785 1283 826 oblata,
1310 786 1355 818 ad
1361 783 1567 829 Magistratum
1576 786 1628 817 vel
1634 788 1707 816 veni
1718 806 1730 823 ‚
1756 782 1810 815 vel
1827 782 1886 814 alio
1910 789 2003 814 eunte

1111 836 1257 868 mandavi
1268 849 1279 868 .·
1305 834 1508 876 Christianum
1516 844 1564 868 me
1573 834 1625 877 effe
1646 831 1832 876 ,sacrificare
1841 829 1916 864 mibi
1942 841 2002 864 non

1110 885 1212 924 licere,
1238 885 1284 916 ad
1290 896 1364 917 aras
1376 884 1496 918 Diaboli
1517 895 1565 917 me
1574 888 1680 917 venire
1691 894 1749 916 non
1757 882 1834 925 poffe
1845 906 1855 922 ‚
1867 882 1943 915 dare
1954 887 2003 914 me

1111 933 1145 966 ob
1154 933 1206 966 hoc
1212 940 1425 975 praemium,ne
1437 935 1518 977 quod
1526 945 1584 968 non
1593 935 1673 973 licet,
1676 932 1803 975 faciam.
1817 931 1946 966 Eadem
1956 929 2002 965 de

1111 984 1217 1018 caussa
1228 983 1263 1017 &
1271 980 1430 1017 Romanae
1440 984 1587 1018 Ecclefiae
1602 983 1719 1017 Clerus
1732 983 1767 1018 ὅ(
1777 981 2003 1026 &Cyprianus

1112 1031 1294 1067 debuerunt
1303 1032 1466 1076 disputare
1477 1033 1512 1066 in
1525 1033 1620 1067 istam
1632 1033 1827 1076 opinionem
1839 1057 1849 1072 ‚
1875 1043 1915 1066 ac
1938 1030 2008 1074 ejus

1111 1082 1334 1116 deviationem
1346 1082 1482 1126 operose
1492 1081 1663 1116 ostendere
1677 1107 1684 1114 .
1712 1082 1817 1130 Qod
1829 1082 1947 1125 nempe
1957 1081 2007 1115 es:-

1114 1133 1160 1166 set
1171 1143 1257 1172 nova
1267 1132 1356 1167 Fasti
1368 1133 1504 1176 species.
1532 1130 1694 1166 Attamen
1713 1132 1910 1165 censuerunt
1936 1130 2005 1165 effe

1113 1191 1240 1226 patrato
1251 1176 1442 1223 Sacrificio}
1457 1178 1607 1216 adhibito
1618 1180 1737 1215 Thure
1749 1206 1759 1222 ,
1785 1190 1842 1214 aut
1864 1179 2005 1215 mandu-

1112 1242 1188 1266 cato
1199 1231 1398 1276 Idolotytho
1408 1232 1510 1277 longe
1520 1231 1623 1266 levius
1633 1244 1647 1273 ;
1675 1230 1721 1265 ob
1731 1230 1814 1265 duas
1824 1230 2002 1275 praesertim'

1113 1283 1242 1326 caussas.
1268 1281 1385 1316 Primo
1396 1307 1406 1322 ‚
1433 1281 1524 1326 quod
1532 1279 1683 1317 Libellus
1692 1280 1797 1315 solam
1817 1281 1967 1322 animam
1995 1305 2010 1323 ,

1116 1345 1185 1367 non
1195 1344 1232 1367 os
1243 1343 1299 1367 aut
1310 1344 1446 1367 manum
1458 1332 1655 1366 maculasset.
1679 1331 1814 1366 Deinde
1824 1331 1915 1376 quod
1929 1339 2006 1375 proi

1114 1383 1245 1417 cessisset
1254 1395 1297 1418 ex
1307 1383 1480 1417 communi
1490 1393 1607 1422 errore,
1616 1382 1653 1415 &
1664 1380 1825 1425 probabili
1837 1392 1917 1415 tunc
1928 1384 2009 1416 Sen-

1115 1434 1218 1467 tentia
1231 1458 1237 1465 .
1266 1433 1310 1466 Et
1321 1431 1400 1466 hinc
1411 1433 1537 1466 sanstus
1548 1432 1736 1474 Cyprianus
1748 1432 1870 1476 pergit:
1883 1435 1931 1465 Et
1942 1433 2009 1466 ideo

1119 1484 1239 1525 placuit
1248 1508 1259 1524 ,
1278 1487 1392 1516 Frater
1401 1481 1571 1523 Chariffime
1581 1505 1592 1521 ‚
1602 1485 1789 1527 examinatis
1799 1483 1898 1522 cauffis
1913 1481 2013 1527 fingu-

1103 1551 1105 1555 ⁴
1115 1534 1207 1566 lorum
1220 1557 1230 1573 ‚
1242 1532 1430 1566 Libellaticos
1443 1538 1566 1566 interim
1589 1532 1714 1565 admitti
1726 1557 1736 1573 ,
1766 1530 1950 1575 sacrificatis
1977 1540 2012 1568 in

1115 1589 1199 1617 exitu
1205 1581 1370 1627 subveniri.
1398 1584 1484 1627 ‚Quia
1493 1581 1706 1626 Exomologefis
1714 1584 1801 1624 apud
1809 1583 1927 1624 Inferos
1941 1596 1962 1617 n
1970 1596 2007 1618 on

1115 1632 1161 1672 est.
1190 1638 1257 1667 Nec
1262 1635 1307 1666 ad
1310 1638 1521 1674 peonitentiam
1530 1638 1598 1675 quis
1608 1634 1628 1664 ἃ
1641 1632 1727 1666 nobis
1735 1634 1867 1675 compelli
1894 1635 1988 1676 potest
1999 1660 2011 1676 ‚

1109 1682 1271 1725 fifruc‘lus
1279 1682 1680 1728 poenitentiaesubtrahatur.
1709 1685 1740 1716 52
1753 1685 1898 1725 praelium
1917 1686 2009 1728 prius
2054 1677 2056 1679 ¹

1119 1740 1237 1767 venerit
1249 1758 1260 1774 ,
1270 1733 1471 1767 corroboratus
1482 1736 1502 1766 ἃ
1513 1732 1595 1768 nobis
1605 1738 1779 1766 invenietur
1799 1744 1938 1768 armatus
1965 1736 2009 1768 ad

1111 1784 1259 1825 pralium.
1286 1787 1319 1817 si
1338 1787 1411 1818 vero
1430 1793 1505 1817 ante
1519 1784 1665 1826 praelium
1685 1783 1847 1825 infirmitas
1859 1783 1971 1827 urserit
1998 1810 2009 1825 ‚

1116 1831 1288 1876 cumfhlatio
1297 1836 1386 1867 Pacis
1395 1835 1431 1867 (θ’
1440 1839 1721 1866 communicationis
1745 1832 1878 1876 abscedit
1889 1861 1896 1866 .
1926 1835 2001 1868 No·
2036 1828 2038 1830 ‚

1118 1894 1156 1916 va
1163 1893 1243 1916 tunc
1253 1882 1425 1917 clementis
1438 1883 1578 1925 Ecclesie
1589 1884 1730 1917 Decreta
1746 1883 1918 1918 Libellatis
1928 1911 1939 1925 ,
1966 1885 2006 1918 li-

1117 1942 1170 1967 cet
1182 1944 1242 1967 nec
1252 1934 1367 1966 mortis
1378 1943 1439 1967 nec
1451 1934 1528 1967 novi
1543 1932 1643 1976 praelii
1657 1943 1789 1977 urgeret
1808 1934 1965 1968 articulus
1993 1960 2005 1975 ‚

1118 1983 1198 2017 certi
1211 1983 1503 2026 temporis&m0di
1516 1982 1711 2026 poenitentia
1723 1983 1895 2025 perfunffls
1908 2009 1922 2025 ,»
1945 1984 2009 2019 do-

1121 2032 1243 2066 nabant
1253 2031 1381 2066 Pacem.
1409 2032 1453 2065 Et
1465 2033 1608 2075 ipsbrum
1623 2032 1764 2065 caussam
1779 2034 1879 2076 usque
1890 2034 1930 2068 ad
1944 2036 2007 2073 ch

1121 2082 1218 2116 clesiae
1228 2081 1373 2126 quietem
1383 2083 1419 2116 &
1428 2082 1592 2125 pleniores
1603 2080 1755 2123 synodos
1779 2093 1849 2117 non
1871 2084 2008 2119 reserva-

1122 2132 1209 2167 bant.
1238 2132 1357 2179 Qialis
1377 2133 1547 2175 &quanta
1570 2131 1668 2164 fuerit
1691 2131 1751 2166 ista
1774 2133 1971 2176 poenitentia
1999 2160 2012 2176 ‚

1128 2184 1306 2228 ignoratur.
1334 2183 1411 2216 Fuit
1422 2182 1553 2218 interim
1565 2180 1694 2225 publica
1705 2206 1713 2214 .

1228 2336 1709 2403 CANON
1768 2341 1910 2406 VI>

1202 2461 1222 2505 I
1265 2472 1409 2505 autem
1447 2459 1526 2524 qui
1563 2456 1703 2507 servos
1741 2460 2013 2512 Christianos·

1223 2545 1304 2595 pro
1317 2526 1356 2576 se
1369 2526 1647 2576 submiserunt
1659 2564 1676 2589 5
1687 2527 1794 2579 servi
1807 2531 1985 2598 quidem
1994 2569 2008 2594 ,

1123 2613 1171 2644 ut
1196 2600 1274 2663 qui
1303 2598 1382 2664 ipsi
1406 2596 1482 2646 sub
1494 2615 1623 2646 manu
1638 2596 1794 2662 essent,
1829 2606 1872 2650 δε
1896 2620 2007 2669 quo-

1110 2665 1359 2716 dammodo
1384 2668 1460 2735 ipsi
1486 2686 1662 2735 quoque
1676 2672 1720 2717 in
1734 2669 2007 2721 dominorum

1123 2737 1312 2787 custodia
1325 2736 1455 2787 essent
1467 2775 1480 2798 ‚
1517 2738 1729 2806 minisque
1743 2740 1798 2794 ab
1810 2742 1908 2809 ipsis
1922 2757 2008 2791 ter-

1123 2810 1233 2870 riti,
1268 2813 1311 2858 &
1349 2823 1526 2876 propter
1561 2826 1707 2858 eorum
1753 2827 1916 2859 metum
1953 2830 2007 2862 eo

1122 2873 1328 2945 compulsi
1341 2915 1354 2939 ,
1390 2883 1432 2927 &
1446 2879 1569 2946 Lapfi
1582 2916 1598 2939 5
1620 2898 1735 2929 anno
1755 2898 1887 2948 opera
1910 2901 2005 2950 poe-

1124 2950 1315 2997 nitentiae
1349 2947 1598 3009 ostendent,
1634 2954 1676 2998 &
1710 2949 1913 3020 deinceps
1937 2952 2005 3002 di-

1122 3017 1283 3067 scentes
1316 3056 1329 3079 ,
1378 3035 1426 3068 ut
1462 3019 1569 3068 servi
1607 3019 1766 3069 Christi
1804 3059 1819 3082 ,
1866 3021 2006 3074 facere

1122 3088 1281 3136 Christi
1307 3090 1603 3149 voluntatem,
1637 3093 1679 3138 &
1704 3094 1998 3143 eumtimere:

1121 3156 1341 3206 audientes
1379 3158 1591 3220 maxime,
1625 3161 1746 3227 quod
1784 3161 2002 3231 unusquis-

1121 3244 1232 3295 que,
1269 3228 1299 3276 fi
1324 3227 1430 3294 quid
1455 3228 1557 3279 boni
1595 3229 1744 3280 fecerit
1767 3269 1781 3293 ,
1816 3233 1903 3283 hoc
1937 3234 2000 3284 fe-

1120 3314 1183 3417 {et
1219 3297 1248 3417 a}
1281 3300 1476 3351 Domino
1497 3337 1511 3365 ,
1545 3299 1633 3352 sive
1666 3300 1808 3355 servus
1834 3303 1918 3355 five
1948 3306 2000 3352 li-

1151 3386 1195 3417 er
1238 3383 1294 3417 1t.

1901 3489 2004 3526 CA-
