2346 3776
300 243 301 246 ¹
365 237 404 279 3.
444 214 535 265 *Sua
555 211 562 219 ”
580 213 782 262 SanHitas-
823 213 1113 277 Theologicae‘
1155 213 1382 262 Facultati·
1417 215 1676 266 Lovanienfi
1748 215 1978 271 adversum
2027 215 2124 269 suos

286 288 461 338 aemulos
495 324 509 347 ‚
544 291 782 352 ¹eorumque
817 283 1010 334 Libellos
1044 284 1239 352 promisit
1272 287 1586 351 protestionem
1598 322 1612 346 ,
1647 290 1691 335 &
1725 287 2015 354 adjutorium:
2050 292 2118 340 Ea

286 373 433 407 tamen
468 358 590 420 lege,
625 370 675 403 ut
709 355 851 404 nullus
886 352 1137 405 vendicaret
1172 352 1443 422 semetipsum
1465 392 1479 418 ‚
1515 353 1589 405 sed
1624 361 1850 410 utcunCti
1885 357 1978 410 suas
2010 377 2120 428 que-

282 429 489 478 rimonias
524 424 740 476 deferrent
776 424 833 473 ad
868 424 1001 473 sedem
1034 423 1285 493 Apostolicam
1309 460 1322 472 .
1619 444 1623 448 ·

353 518 403 563 4.
438 503 519 545 Sua
554 495 747 543 Sancffitas
779 513 832 544 ex
863 496 995 562 pleno
1027 499 1200 563 pestore
1233 493 1559 561 commendavit
1594 499 1677 546 tria
1691 535 1704 559 ‚
1742 499 1924 568 nempe:
1945 505 2121 550 Concor-a

282 568 388 618 diam
423 569 522 615 inter'
549 564 702 614 clerum
735 564 958 614 saecularem
981 602 995 626 ,
1029 585 1075 612 ac
1110 562 1336 631 Regulctflem
1373 601 1387 627 ,
1416 564 1635 634 plenamque
1669 567 1891 617 ablationem
1924 576 2117 618 omnium.)

282 638 552 706 dycordiarum
565 674 579 699 ‚
614 655 661 684 ac
684 633 956 702 scandalorum
970 671 982 682 .
1020 639 1131 684 Item
1166 633 1323 682 Plenam
1357 640 1640 704 extirpationem
1673 643 1834 686 omnium
1862 643 2119 703 Novitatum

282 715 383 757 circa
416 713 685 764 venerationem
719 711 750 753 S
751 707 942 755 amasiorum
954 742 968 765 ,
1003 724 1049 751 ac
1083 711 1292 751 Sam-arum
1325 709 1563 773 Imaginum,
1598 726 1678 757 nec
1713 727 1804 758 non
1836 708 1939 757 civ-cd
1975 715 2120 757 Sacra-

281 796 447 828 mentum
482 781 707 826 Poem'temiae
720 813 734 825 .
1311 778 1313 781 ’

350 853 457 898 Haec
492 850 593 898 tria
612 846 740 896 nobis
776 845 1139 896 commendarunt
1176 849 1312 895 etiam
1346 850 1552 916 praecipui
1600 852 1784 899 Domini
1819 850 2079 900 Cardinales
2111 886 2125 910 ‚

282 918 416 987 idque
450 937 551 969 cum
586 916 752 966 summo
788 918 887 966 zelo
919 954 932 979 ‚
968 921 1011 966 &
1045 915 1222 965 affeetu.
1259 921 1317 965 Et
1346 922 1445 966 Suas
1478 918 1696 982 SanHitas‚
1732 925 1776 970 δε
1799 923 1987 970 Domini
2012 926 2123 972 Car-

281 989 449 1037 dinales
485 1005 565 1037 nos
600 1004 701 1035 cum
738 987 904 1037 honore
938 985 1217 1036 dimiserunt.
1995 1031 1998 1035 ,
2032 1025 2042 1036 .

349 1061 455 1107 Haec
491 1056 671 1125 quidem
708 1057 825 1120 gesta
859 1055 955 1107 sunt
991 1058 1078 1106 illis
1098 1094 1112 1118 ‚
1148 1056 1379 1126 postquam
1415 1061 1603 1108 Lupus
1642 1063 1688 1110 in
1724 1061 1893 1112 Urbem
1927 1078 2122 1122 venerat,

279 1133 323 1179 &
358 1131 406 1177 in
440 1130 634 1178 Patriam
669 1126 886 1178 rediverat
906 1164 937 1190 ,,
956 1130 1081 1177 annis
1117 1148 1131 1187 ς
1168 1145 1219 1177 ea
1255 1143 1404 1177 tamen
1440 1129 1512 1176 hic
1547 1131 1822 1181 antevertere
1857 1131 1998 1180 visum
2034 1132 2124 1193 est,v

279 1215 494 1268 quatenus
530 1216 629 1267 quae
663 1197 884 1267 supersunt
918 1196 1104 1247 dicenda
1137 1234 1152 1259 ,
1188 1199 1341 1248 melius
1377 1198 1652 1248 noscerentur
1681 1237 1694 1247 .
1743 1204 1900 1266 Itaque
1936 1204 1995 1249 P.÷
2022 1204 2126 1248 Lu:->

279 1289 378 1319 pus
431 1271 448 1331 (
483 1286 532 1319 ut
568 1269 624 1318 ad
661 1287 801 1318 rerum
836 1267 1035 1319 ordinem
1072 1267 1246 1318 redeam
1279 1272 1298 1332 )
1346 1269 1424 1318 etsi
1460 1266 1616 1318 affeaa
1650 1273 1738 1333 jam
1772 1285 1906 1320 aetate
1951 1274 1995 1322 &
2029 1269 2125 1318 affi-

277 1340 367 1391 duo
403 1339 641 1390 studiorum
677 1338 827 1388 labore
862 1338 1028 1389 viribus
1064 1338 1252 1388 multum
1289 1338 1461 1388 detritis
1487 1361 1501 1398 3
1539 1340 1771 1407 longinqui
1808 1355 1957 1391 tamen
1993 1342 2125 1392 itine-

277 1415 338 1463 ris
387 1409 668 1463 incommoda
703 1448 716 1471 ‚
766 1413 809 1458 δι
856 1411 1050 1478 pericula
1085 1409 1269 1478 publicae
1318 1411 1526 1460 utilitatis
1574 1409 1706 1464 causa
1739 1413 1900 1460 iterum
1947 1409 2124 1465 subired

279 1499 369 1532 non
404 1482 608 1530 extimuit
644 1517 658 1529 .
695 1483 845 1530 Grave
880 1498 958 1548 per
994 1479 1042 1530 id
1076 1497 1246 1548 tempus
1284 1483 1399 1530 inter
1435 1482 1594 1530 Galliae
1628 1485 1793 1545 Regem
1827 1519 1841 1544 ,
1879 1487 2070 1533 Batavos
2106 1503 2124 1542 ,-

279 1550 496 1621 Hispanos
531 1589 544 1613 ‚
583 1556 627 1601 δι
662 1554 908 1601 Germanos
943 1551 1122 1615 vigebat
1154 1552 1320 1600 bellum
1357 1589 1370 1613 ,
1407 1557 1451 1601 &
1487 1554 1700 1620 praecipua
1734 1570 1920 1621 quaeque
1955 1554 2123 1616 Belgii5

279 1640 331 1673 ac
367 1624 614 1672 Germaniae
650 1623 749 1671 loca
783 1622 999 1682 Gallicis,
1032 1623 1105 1672 vel
1140 1623 1416 1671 Germanicis
1451 1622 1656 1690 praesidiis
1692 1622 1948 1674 tenebantur
1972 1649 1993 1671 ,ι
2024 1628 2124 1673 ·At-:

278 1712 367 1761 que
402 1693 464 1747 ob
502 1691 549 1744 id
584 1691 723 1764 ipsum
758 1690 887 1743 valde
922 1691 1079 1741 infesta
1115 1708 1238 1743 erant
1273 1692 1491 1753 caedibu8‚
1528 1711 1579 1742 ac
1615 1695 1858 1743 latrociniis
1893 1697 2124 1744 itinera-u

282 1766 470 1814 Tutiora
506 1780 584 1831 per
620 1764 814 1812 Galliam
849 1761 1111 1812 videbantur
1145 1799 1158 1822 ‚
1207 1762 1376 1813 idcirco
1425 1764 1564 1826 Belgii
1612 1782 1692 1831 pro
1726 1768 1848 1826 Rege
1883 1765 2124 1813 Catholico

278 1834 561 1884 Gubernator
594 1870 608 1895 ,
645 1831 767 1882 miffo
801 1831 858 1881 ad
893 1837 1058 1895 Regem
1093 1832 1502 1881 Christianiffimum
1538 1832 1843 1883 Caduceatore
1867 1868 1881 1892 ‚
1917 1836 2124 1896 rogavit,¹

282 1922 331 1955 ut
367 1923 442 1974 per
477 1903 570 1953 suas
606 1902 798 1954 ditiones
835 1905 1011 1966 Legatis
1047 1904 1093 1950 in
1129 1902 1304 1953 Italiam
1340 1904 1402 1958 ire
1438 1901 1537 1951 tuto
1573 1903 1771 1951 liceret.
1810 1907 2125 1953 Verumtamen

278 1978 457 2039 negavit
493 1976 591 2023 Rex
625 2010 638 2034 ,
683 1975 881 2040 alioquin
918 1974 979 2022 ad·
1009 1990 1185 2022 omnem
1221 1974 1515 2022 Clementiam
1552 1969 1699 2040 suapte
1751 1962 1915 2021 natura)
1938 1991 2126 2042 propen-

280 2045 344 2095 sus
382 2083 394 2094 .
445 2042 639 2112 Qidam
674 2046 791 2093 enim
826 2045 939 2107 Regi
974 2042 1240 2092 calumniose
1292 2041 1534 2110 obrepserat
1569 2080 1582 2104 ‚
1632 2040 1843 2091 susurrans
1877 2045 2124 2093 Galliarum

279 2115 593 2183 tranquillitati
629 2131 718 2164 non
753 2113 956 2181 expedire
991 2151 1004 2175 ,
1043 2129 1091 2162 ut
1128 2116 1283 2177 Legati
1319 2151 1333 2174 ‚
1370 2129 1524 2181 utpote
1549 2112 1803 2180 ‘Jansenistae
1830 2149 1843 2173 ‚
1878 2116 2124 2177 Regnum...

281 2186 401 2236 suum
438 2188 651 2238 intrarent
686 2221 698 2233 .
736 2182 857 2233 Posse
890 2187 1008 2234 enim
1040 2184 1119 2232 'eos
1154 2201 1254 2232 cum
1291 2182 1501 2250 ejusmodi
1538 2183 1685 2232 farinae
1721 2183 1973 2236 hominibus
1995 2221 2008 2246 ‚
2044 2186 2124 2251 qui

283 2256 536 2308 Edicitorum
571 2258 810 2318 Regiorum
845 2271 965 2304 metu
1001 2258 1048 2303 in
1083 2255 1233 2303 Gallia
1269 2262 1375 2305 tunc'
1409 2252 1688 2322 quiescebant
1724 2292 1738 2316 ,
1784 2257 2123 2305 communicatis

279 2328 492 2388 consiliis,
527 2343 595 2381 res
630 2343 765 2376 novas
803 2327 976 2374 moliri.
1015 2327 1133 2394 Qia
1168 2325 1274 2375 vero
1300 2326 1595 2388 Regnantium
1631 2340 1798 2373 mentes
1823 2362 1837 2386 ‚
1854 2387 1857 2389 -
1873 2325 1984 2373 Belli
2018 2342 2125 2392 prae-

280 2396 428 2450 sertim
465 2413 661 2464 tempore
696 2433 709 2456 ,
757 2394 1064 2463 suspicionibus
1103 2391 1229 2445 facile
1267 2394 1495 2458 indulgent
1531 2432 1544 2456 ‚
1574 2411 1668 2463 ‘per
1702 2396 1954 2443 Gallicanas
1989 2394 2124 2444 ditio-'

283 2485 359 2518 nes
398 2469 460 2517 ire
496 2466 733 2529 negabatur
754 2502 766 2513 .
803 2470 960 2533 Itaque
996 2463 1177 2533 represso
1212 2468 1370 2515 itinere
1406 2483 1484 2533 per
1520 2466 1804 2514 Germaniam
1841 2466 2124 2533 Superiorem,

282 2541 510 2587 Bavariam
529 2573 542 2598 ,
578 2541 622 2587 &
656 2537 903 2597 Noricum,
939 2550 1072 2602 atque
1105 2535 1234 2585 adeo
1254 2554 1331 2604 per
1366 2533 1511 2587 inseffa
1547 2536 1763 2584 militibus
1798 2537 1955 2585 itinera
1978 2572 1991 2596 ,
2027 2552 2125 2604 per-

282 2626 372 2676 que
409 2606 499 2676 ipsa
533 2609 851 2658 Germanorum
887 2606 1071 2666 stativa,
1108 2610 1266 2655 Lupo
1302 2624 1402 2656 cum
1439 2607 1637 2669 Collegis
1673 2624 1763 2655 non
1798 2606 1884 2656 sine
1914 2607 2022 2656 vitae
2057 2604 2126 2654 di-

285 2678 481 2728 scrimine
516 2676 802 2742 gradiendum
840 2676 922 2725 fuit
958 2697 971 2735 3
1008 2676 1294 2726 nihilominus
1330 2713 1343 2738 ,
1389 2681 1492 2725 Deo
1527 2675 1638 2726 bene
1673 2681 1851 2743 juvante
1887 2712 1901 2737 ,
1951 2677 2126 2724 Italiam

284 2767 360 2816 per
395 2747 677 2799 Tridentinas
713 2749 847 2815 Alpes
877 2744 1058 2814 *sospites
1095 2742 1310 2796 intrarunt
1342 2744 1359 2795 .’
1391 2750 1589 2810 Longum
1625 2783 1639 2808 ,
1673 2764 1726 2796 ac
1761 2745 2125 2815 supervacaneum

285 2834 438 2886 putem
474 2836 711 2868 memorare
738 2854 751 2878 ,
786 2818 952 2884 quanta
988 2819 1196 2866 Italorum
1235 2818 1527 2881 gratulatione
1562 2833 1765 2886 exceptus
1792 2817 1931 2866 suerit
1965 2853 1980 2865 .
2014 2817 2126 2875 Satis

288 2887 490 2949 constat>
526 2888 648 2954 quod
683 2889 947 2939 Florentiam
984 2886 1221 2937 transeunti
1258 2886 1443 2937 Cosmus
1469 2892 1546 2936 III.
1586 2894 1756 2951 Magnae
1791 2889 1973 2937 Etruriae
2007 2890 2125 2944 Dux,

288 2958 458 3007 nullum
492 2957 753 3007 Officiorum
788 2955 940 3023 genus*
962 2957 1150 3008 omiserit
1185 2995 1199 3020 ‚
1259 2957 1501 3026 quo'suam
1538 2962 1782 3023 ergaeum'
1809 2958 2127 3007 voluntatem...

289 3026 530 3077 declararet
565 3064 578 3076 .
629 3030 814 3077 Felicem
849 3028 1085 3079 aduentum
1136 3031 1375 3092 gratulatus
1422 3032 1463 3078 ei
1499 3029 1561 3079 est
1594 3029 1607 3090 ,”
1656 3027 1922 3096 amplissima·
1944 3026 2127 3075 Xeniass.

290 3096 420 3149 mislt'
441 3134 456 3158 ,
490 3096 736 3157 Rhedain‚‚
772 3116 859 3163 qua
893 3118 985 3169 perr
1005 3099 1173 3150 Urbem
1209 3101 1435 3153 veheretur
1468 3136 1482 3159 ,
1520 3105 1563 3149 &
1598 3102 1829 3149 Lefficam
1849 3133 1869 3157 ,
1909 3094 2001 3164 qua
2034 3098 2126 3144 Ro-

293 3185 410 3216 mam
447 3166 578 3234 usque
614 3182 854 3236 portaretur
889 3207 901 3230 ,
937 3170 1030 3219 dari
1068 3169 1180 3236 jussit
1211 3206 1224 3217 .
1265 3173 1426 3237 Neque
1461 3173 1515 3219 iis
1551 3185 1780 3221 contentus
1798 3204 1811 3228 ,
1849 3167 1975 3216 illum
2009 3163 2126 3233 apud

292 3237 334 3286 se
369 3235 558 3293 habendi
568 3256 572 3261 ’
591 3236 774 3304 cupidus
800 3274 814 3299 ,
851 3256 924 3305 per
959 3242 1084 3291 C.V.
1121 3238 1324 3287 Amo-aium
1360 3240 1652 3307 Maglz'abecum
1685 3275 1699 3300 ,
1735 3240 1806 3286 cui
1842 3236 2022 3305 propter
2059 3237 2125 3284 in-

291 3307 464 3356 finitam
492 3309 731 3356 lectionem
767 3310 1107 3380 acerrimumque
1141 3309 1370 3376 judiciums
1388 3312 1459 3360 vel
1495 3311 1871 3379 ipsisLitterarum
1919 3308 2125 3355 Distato÷

289 3392 364 3430 res
397 3375 545 3426 Fasces
578 3379 741 3439 ingenii
776 3375 1028 3429 submittere
1063 3376 1228 3442 solent-3
1264 3383 1406 3443 Regio
1440 3377 1653 3448 stipendio
1683 3378 1765 3427 fibi
1791 3377 2012 3426 auth'orari
2048 3393 2126 3425 vo-

295 3447 376 3500 luit
411 3484 425 3494 ·
478 3451 539 3500 Et
575 3448 678 3499 licet
713 3451 760 3496 P.
797 3451 833 3499 L
852 3465 992 3497 up-us
1028 3486 1040 3510 ,
1091 3454 1369 3518 pecuniarum
1406 3452 1563 3505 electus
1589 3448 1925 3517 contemptor-5
1975 3445 2129 3495 condi.-

1842 3534 1844 3537 ·
1890 3534 2060 3568 tionem
