<?xml version="1.0" encoding="UTF-8"?>
<!DOCTYPE html PUBLIC "-//W3C//DTD XHTML 1.0 Transitional//EN"
    "http://www.w3.org/TR/xhtml1/DTD/xhtml1-transitional.dtd">
<html xmlns="http://www.w3.org/1999/xhtml" xml:lang="en" lang="en">
 <head>
  <title>
</title>
<meta http-equiv="Content-Type" content="text/html;charset=utf-8" />
  <meta name='ocr-system' content='tesseract 3.04.00' />
  <meta name='ocr-capabilities' content='ocr_page ocr_carea ocr_par ocr_line ocrx_word'/>
</head>
<body>
  <div class='ocr_page' id='page_1' title='image "./operaomniastudio01lupuuoft_0054.png"; bbox 0 0 2346 3776; ppageno 0'>
   <div class='ocr_carea' id='block_1_1' title="bbox 195 459 312 500">
    <p class='ocr_par' dir='ltr' id='par_1_1' title="bbox 195 459 312 500">
     <span class='ocr_line' id='line_1_1' title="bbox 195 459 312 500; baseline 0.017 -9"><span class='ocrx_word' id='word_1_1' title='bbox 195 459 277 500; x_wconf 82' lang='lat' dir='ltr'>Epist.</span> <span class='ocrx_word' id='word_1_2' title='bbox 281 468 312 499; x_wconf 79' lang='lat'>31</span> 
     </span>
    </p>
   </div>
   <div class='ocr_carea' id='block_1_2' title="bbox 194 1788 314 1878">
    <p class='ocr_par' dir='ltr' id='par_1_2' title="bbox 194 1788 314 1878">
     <span class='ocr_line' id='line_1_2' title="bbox 197 1788 313 1825; baseline 0 -7"><span class='ocrx_word' id='word_1_3' title='bbox 197 1788 259 1822; x_wconf 74' lang='lat' dir='ltr'>Lib.</span> <span class='ocrx_word' id='word_1_4' title='bbox 290 1801 313 1825; x_wconf 83' lang='lat'>5.</span> 
     </span>
     <span class='ocr_line' id='line_1_3' title="bbox 194 1829 314 1878; baseline -0.008 -16"><span class='ocrx_word' id='word_1_5' title='bbox 194 1829 271 1878; x_wconf 65' lang='lat' dir='ltr'>epist-</span> <span class='ocrx_word' id='word_1_6' title='bbox 279 1835 314 1864; x_wconf 83' lang='lat'>60</span> 
     </span>
    </p>
   </div>
   <div class='ocr_carea' id='block_1_3' title="bbox 332 104 1212 169">
    <p class='ocr_par' dir='ltr' id='par_1_3' title="bbox 332 104 1212 169">
     <span class='ocr_line' id='line_1_4' title="bbox 332 104 1212 169; baseline -0.019 -2"><span class='ocrx_word' id='word_1_7' title='bbox 332 127 379 167; x_wconf 68' lang='grc' dir='ltr'>ἰε</span> <span class='ocrx_word' id='word_1_8' title='bbox 776 104 1212 169; x_wconf 67' lang='lat' dir='ltr'>D1ssan²rAT1o</span> 
     </span>
    </p>
   </div>
   <div class='ocr_carea' id='block_1_4' title="bbox 321 184 1215 1279">
    <p class='ocr_par' dir='ltr' id='par_1_4' title="bbox 321 184 1215 1279">
     <span class='ocr_line' id='line_1_5' title="bbox 373 184 1202 233; baseline -0.01 -7"><span class='ocrx_word' id='word_1_9' title='bbox 373 192 418 226; x_wconf 87' lang='lat' dir='ltr'>Et</span> <span class='ocrx_word' id='word_1_10' title='bbox 441 197 483 226; x_wconf 63' lang='lat' dir='ltr'>eat</span> <span class='ocrx_word' id='word_1_11' title='bbox 503 187 568 225; x_wconf 82' lang='lat' dir='ltr'>hoe</span> <span class='ocrx_word' id='word_1_12' title='bbox 580 184 750 233; x_wconf 74' lang='lat' dir='ltr'>-prin&#39;cipio</span> <span class='ocrx_word' id='word_1_13' title='bbox 770 187 921 222; x_wconf 80' lang='lat' dir='ltr'>dixerunt</span> <span class='ocrx_word' id='word_1_14' title='bbox 941 186 982 222; x_wconf 90' lang='lat' dir='ltr'>de</span> <span class='ocrx_word' id='word_1_15' title='bbox 1002 187 1155 220; x_wconf 87' lang='lat' dir='ltr'>Romana</span> <span class='ocrx_word' id='word_1_16' title='bbox 1166 196 1202 218; x_wconf 87' lang='lat' dir='ltr'>ac</span> 
     </span>
     <span class='ocr_line' id='line_1_6' title="bbox 326 234 1202 277; baseline -0.01 0"><span class='ocrx_word' id='word_1_17' title='bbox 326 241 557 277; x_wconf 80' lang='lat' dir='ltr'>Alexandrina</span> <span class='ocrx_word' id='word_1_18' title='bbox 580 239 724 274; x_wconf 78' lang='lat' dir='ltr'>Ecclesia</span> <span class='ocrx_word' id='word_1_19' title='bbox 745 239 928 272; x_wconf 78' lang='lat' dir='ltr'>Dioscorus</span> <span class='ocrx_word' id='word_1_20' title='bbox 949 238 983 271; x_wconf 91' lang='lat'>&amp;</span> <span class='ocrx_word' id='word_1_21' title='bbox 1008 234 1202 271; x_wconf 81' lang='lat' dir='ltr'>Cheraemon</span> 
     </span>
     <span class='ocr_line' id='line_1_7' title="bbox 326 285 1205 336; baseline -0.011 -8"><span class='ocrx_word' id='word_1_22' title='bbox 326 291 528 336; x_wconf 84' lang='lat' dir='ltr'>Apocrisarii</span> <span class='ocrx_word' id='word_1_23' title='bbox 542 303 549 323; x_wconf 88' lang='lat'>:</span> <span class='ocrx_word' id='word_1_24' title='bbox 576 298 650 327; x_wconf 82' lang='lat' dir='ltr'>Non</span> <span class='ocrx_word' id='word_1_25' title='bbox 654 287 748 332; x_wconf 73' lang='lat' dir='ltr'>solum</span> <span class='ocrx_word' id='word_1_26' title='bbox 761 287 855 329; x_wconf 84' lang='lat' dir='ltr'>fidem</span> <span class='ocrx_word' id='word_1_27' title='bbox 863 288 973 321; x_wconf 73' lang='lat' dir='ltr'>ret‘lam</span> <span class='ocrx_word' id='word_1_28' title='bbox 991 288 1026 320; x_wconf 65' lang='grc' dir='ltr'>Θ·</span> <span class='ocrx_word' id='word_1_29' title='bbox 1035 285 1205 319; x_wconf 62' lang='lat' dir='ltr'>ibnmacula-</span> 
     </span>
     <span class='ocr_line' id='line_1_8' title="bbox 327 335 1210 384; baseline -0.011 -8"><span class='ocrx_word' id='word_1_30' title='bbox 327 352 392 376; x_wconf 78' lang='lat' dir='ltr'>tam</span> <span class='ocrx_word' id='word_1_31' title='bbox 402 367 413 383; x_wconf 92' lang='lat'>‚</span> <span class='ocrx_word' id='word_1_32' title='bbox 434 339 493 384; x_wconf 84' lang='lat' dir='ltr'>sed</span> <span class='ocrx_word' id='word_1_33' title='bbox 501 346 591 374; x_wconf 84' lang='lat' dir='ltr'>etiam</span> <span class='ocrx_word' id='word_1_34' title='bbox 609 346 642 373; x_wconf 85' lang='lat' dir='ltr'>in</span> <span class='ocrx_word' id='word_1_35' title='bbox 662 340 768 371; x_wconf 87' lang='lat' dir='ltr'>divino</span> <span class='ocrx_word' id='word_1_36' title='bbox 787 337 944 377; x_wconf 69' lang='lat' dir='ltr'>Ministerio</span> <span class='ocrx_word' id='word_1_37' title='bbox 959 335 1077 379; x_wconf 82' lang='lat' dir='ltr'><em>semper</em></span> <span class='ocrx_word' id='word_1_38' title='bbox 1100 346 1210 368; x_wconf 82' lang='lat' dir='ltr'>eoncor-</span> 
     </span>
     <span class='ocr_line' id='line_1_9' title="bbox 325 385 1208 434; baseline -0.01 -7"><span class='ocrx_word' id='word_1_39' title='bbox 325 389 627 434; x_wconf 74' lang='lat' dir='ltr'>diamservaverunt.</span> <span class='ocrx_word' id='word_1_40' title='bbox 656 388 804 431; x_wconf 86' lang='lat' dir='ltr'>Exponit</span> <span class='ocrx_word' id='word_1_41' title='bbox 815 388 849 421; x_wconf 87' lang='lat' dir='ltr'>in</span> <span class='ocrx_word' id='word_1_42' title='bbox 869 388 988 422; x_wconf 84' lang='lat' dir='ltr'>Literis</span> <span class='ocrx_word' id='word_1_43' title='bbox 1011 386 1051 419; x_wconf 86' lang='lat' dir='ltr'>ad</span> <span class='ocrx_word' id='word_1_44' title='bbox 1070 385 1208 419; x_wconf 92' lang='lat' dir='ltr'>Diosco-</span> 
     </span>
     <span class='ocr_line' id='line_1_10' title="bbox 326 435 1209 483; baseline -0.009 -7"><span class='ocrx_word' id='word_1_45' title='bbox 326 453 401 483; x_wconf 78' lang='lat' dir='ltr'>rum</span> <span class='ocrx_word' id='word_1_46' title='bbox 413 439 620 476; x_wconf 80' lang='lat' dir='ltr'>Alexandriae</span> <span class='ocrx_word' id='word_1_47' title='bbox 632 435 858 471; x_wconf 76' lang='lat' dir='ltr'>patriarcham</span> <span class='ocrx_word' id='word_1_48' title='bbox 868 447 1008 482; x_wconf 82' lang='lat' dir='ltr'>magnus</span> <span class='ocrx_word' id='word_1_49' title='bbox 1018 435 1062 469; x_wconf 82' lang='lat' dir='ltr'>Pa</span> <span class='ocrx_word' id='word_1_50' title='bbox 1068 447 1107 480; x_wconf 82' lang='lat' dir='ltr'>pa</span> <span class='ocrx_word' id='word_1_51' title='bbox 1118 436 1188 470; x_wconf 90' lang='lat' dir='ltr'>Leo</span> <span class='ocrx_word' id='word_1_52' title='bbox 1198 447 1209 467; x_wconf 90' lang='lat'>.·</span> 
     </span>
     <span class='ocr_line' id='line_1_11' title="bbox 329 486 1209 533; baseline -0.009 -7"><span class='ocrx_word' id='word_1_53' title='bbox 329 495 426 527; x_wconf 83' lang='lat' dir='ltr'>Unum</span> <span class='ocrx_word' id='word_1_54' title='bbox 438 503 490 524; x_wconf 83' lang='lat' dir='ltr'>nos</span> <span class='ocrx_word' id='word_1_55' title='bbox 497 488 610 533; x_wconf 87' lang='lat' dir='ltr'>sentire</span> <span class='ocrx_word' id='word_1_56' title='bbox 620 495 733 530; x_wconf 78' lang='lat' dir='ltr'><em>oportet</em></span> <span class='ocrx_word' id='word_1_57' title='bbox 742 489 776 522; x_wconf 66' lang='grc' dir='ltr'>(ἓν</span> <span class='ocrx_word' id='word_1_58' title='bbox 784 499 870 531; x_wconf 86' lang='lat' dir='ltr'>agere</span> <span class='ocrx_word' id='word_1_59' title='bbox 878 513 889 529; x_wconf 90' lang='lat'>,</span> <span class='ocrx_word' id='word_1_60' title='bbox 915 496 948 520; x_wconf 88' lang='lat' dir='ltr'>ut</span> <span class='ocrx_word' id='word_1_61' title='bbox 958 493 990 519; x_wconf 90' lang='lat' dir='ltr'>in</span> <span class='ocrx_word' id='word_1_62' title='bbox 1003 486 1086 519; x_wconf 87' lang='lat' dir='ltr'>nobis</span> <span class='ocrx_word' id='word_1_63' title='bbox 1098 496 1209 528; x_wconf 85' lang='lat' dir='ltr'>quoque</span> 
     </span>
     <span class='ocr_line' id='line_1_12' title="bbox 327 535 1210 582; baseline -0.007 -8"><span class='ocrx_word' id='word_1_64' title='bbox 327 552 422 579; x_wconf 78' lang='lat' dir='ltr'>unum</span> <span class='ocrx_word' id='word_1_65' title='bbox 433 552 479 573; x_wconf 92' lang='lat' dir='ltr'>cor</span> <span class='ocrx_word' id='word_1_66' title='bbox 490 539 541 582; x_wconf 83' lang='lat' dir='ltr'>effe</span> <span class='ocrx_word' id='word_1_67' title='bbox 551 540 586 576; x_wconf 56' lang='grc' dir='ltr'><strong>Φ</strong></span> <span class='ocrx_word' id='word_1_68' title='bbox 605 545 709 571; x_wconf 85' lang='lat' dir='ltr'>anima</span> <span class='ocrx_word' id='word_1_69' title='bbox 726 537 934 579; x_wconf 81' lang='lat' dir='ltr'><em>comprobetur.</em></span> <span class='ocrx_word' id='word_1_70' title='bbox 963 540 1040 570; x_wconf 83' lang='lat' dir='ltr'>Cum</span> <span class='ocrx_word' id='word_1_71' title='bbox 1057 542 1135 569; x_wconf 83' lang='lat' dir='ltr'>enim</span> <span class='ocrx_word' id='word_1_72' title='bbox 1146 535 1210 568; x_wconf 88' lang='lat' dir='ltr'>bea-</span> 
     </span>
     <span class='ocr_line' id='line_1_13' title="bbox 329 585 1211 632; baseline -0.007 -9"><span class='ocrx_word' id='word_1_73' title='bbox 329 585 451 632; x_wconf 61' lang='lat' dir='ltr'>eiffimus</span> <span class='ocrx_word' id='word_1_74' title='bbox 463 593 573 627; x_wconf 87' lang='lat' dir='ltr'>Petrus</span> <span class='ocrx_word' id='word_1_75' title='bbox 585 587 778 631; x_wconf 77' lang='lat' dir='ltr'>Apostolorum</span> <span class='ocrx_word' id='word_1_76' title='bbox 788 589 808 620; x_wconf 77' lang='grc' dir='ltr'><em>ἃ</em></span> <span class='ocrx_word' id='word_1_77' title='bbox 818 591 942 620; x_wconf 88' lang='lat' dir='ltr'>Domino</span> <span class='ocrx_word' id='word_1_78' title='bbox 961 592 1104 628; x_wconf 83' lang='lat' dir='ltr'>acceperit</span> <span class='ocrx_word' id='word_1_79' title='bbox 1124 587 1211 619; x_wconf 86' lang='lat' dir='ltr'>Prin—</span> 
     </span>
     <span class='ocr_line' id='line_1_14' title="bbox 333 634 1212 682; baseline -0.009 -8"><span class='ocrx_word' id='word_1_80' title='bbox 333 634 467 682; x_wconf 55' lang='lat' dir='ltr'>fcipatum</span> <span class='ocrx_word' id='word_1_81' title='bbox 476 664 487 681; x_wconf 88' lang='lat'>,</span> <span class='ocrx_word' id='word_1_82' title='bbox 499 640 534 674; x_wconf 68' lang='grc'>6·</span> <span class='ocrx_word' id='word_1_83' title='bbox 543 643 680 672; x_wconf 84' lang='lat' dir='ltr'>Romana</span> <span class='ocrx_word' id='word_1_84' title='bbox 690 641 721 673; x_wconf 85' lang='lat' dir='ltr'>E</span> <span class='ocrx_word' id='word_1_85' title='bbox 723 636 817 679; x_wconf 77' lang='lat' dir='ltr'>oclefia</span> <span class='ocrx_word' id='word_1_86' title='bbox 827 643 859 670; x_wconf 83' lang='lat' dir='ltr'>in</span> <span class='ocrx_word' id='word_1_87' title='bbox 870 639 934 678; x_wconf 78' lang='lat' dir='ltr'>eius</span> <span class='ocrx_word' id='word_1_88' title='bbox 940 644 1120 678; x_wconf 82' lang='lat' dir='ltr'>permaneat</span> <span class='ocrx_word' id='word_1_89' title='bbox 1130 634 1212 675; x_wconf 81' lang='lat' dir='ltr'>Insti-</span> 
     </span>
     <span class='ocr_line' id='line_1_15' title="bbox 337 684 1212 731; baseline -0.01 -6"><span class='ocrx_word' id='word_1_90' title='bbox 337 697 412 725; x_wconf 82' lang='lat' dir='ltr'>tutis</span> <span class='ocrx_word' id='word_1_91' title='bbox 425 714 436 730; x_wconf 88' lang='lat'>,</span> <span class='ocrx_word' id='word_1_92' title='bbox 455 689 543 731; x_wconf 84' lang='lat' dir='ltr'>nefas</span> <span class='ocrx_word' id='word_1_93' title='bbox 555 689 592 730; x_wconf 83' lang='lat' dir='ltr'>est</span> <span class='ocrx_word' id='word_1_94' title='bbox 603 690 721 722; x_wconf 85' lang='lat' dir='ltr'>credere</span> <span class='ocrx_word' id='word_1_95' title='bbox 730 713 740 729; x_wconf 86' lang='lat'>‚</span> <span class='ocrx_word' id='word_1_96' title='bbox 752 689 832 730; x_wconf 83' lang='lat' dir='ltr'>quod</span> <span class='ocrx_word' id='word_1_97' title='bbox 833 686 958 730; x_wconf 62' lang='lat' dir='ltr'>sandius</span> <span class='ocrx_word' id='word_1_98' title='bbox 967 684 1135 728; x_wconf 88' lang='lat' dir='ltr'>Discipulus</span> <span class='ocrx_word' id='word_1_99' title='bbox 1146 687 1212 725; x_wconf 82' lang='lat' dir='ltr'>ejus</span> 
     </span>
     <span class='ocr_line' id='line_1_16' title="bbox 326 736 1213 782; baseline -0.008 -9"><span class='ocrx_word' id='word_1_100' title='bbox 326 742 452 779; x_wconf 74' lang='lat' dir='ltr'>Marcus</span> <span class='ocrx_word' id='word_1_101' title='bbox 466 764 476 780; x_wconf 96' lang='lat'>‚</span> <span class='ocrx_word' id='word_1_102' title='bbox 489 746 541 782; x_wconf 89' lang='lat' dir='ltr'>qui</span> <span class='ocrx_word' id='word_1_103' title='bbox 554 740 790 773; x_wconf 71' lang='lat' dir='ltr'>Alexandrinam</span> <span class='ocrx_word' id='word_1_104' title='bbox 795 743 915 779; x_wconf 86' lang='lat' dir='ltr'>primus</span> <span class='ocrx_word' id='word_1_105' title='bbox 918 736 1102 780; x_wconf 84' lang='lat' dir='ltr'>gubernavit</span> <span class='ocrx_word' id='word_1_106' title='bbox 1114 737 1145 766; x_wconf 90' lang='grc' dir='ltr'><strong><em>Ε</em></strong></span> <span class='ocrx_word' id='word_1_107' title='bbox 1147 736 1213 767; x_wconf 85' lang='lat' dir='ltr'>ccle-</span> 
     </span>
     <span class='ocr_line' id='line_1_17' title="bbox 321 784 1213 836; baseline -0.007 -14"><span class='ocrx_word' id='word_1_108' title='bbox 321 788 398 836; x_wconf 76' lang='lat' dir='ltr'>fiam</span> <span class='ocrx_word' id='word_1_109' title='bbox 409 813 420 830; x_wconf 93' lang='lat'>‚</span> <span class='ocrx_word' id='word_1_110' title='bbox 445 790 516 824; x_wconf 85' lang='lat' dir='ltr'>aliis</span> <span class='ocrx_word' id='word_1_111' title='bbox 527 790 636 833; x_wconf 65' lang='lat' dir='ltr'>regulis</span> <span class='ocrx_word' id='word_1_112' title='bbox 649 789 854 821; x_wconf 84' lang='lat' dir='ltr'>Traditionum</span> <span class='ocrx_word' id='word_1_113' title='bbox 870 785 994 829; x_wconf 78' lang='lat' dir='ltr'>sicarum</span> <span class='ocrx_word' id='word_1_114' title='bbox 1016 788 1144 818; x_wconf 80' lang='lat' dir='ltr'>Decreta</span> <span class='ocrx_word' id='word_1_115' title='bbox 1159 784 1213 827; x_wconf 81' lang='lat' dir='ltr'>fir-</span> 
     </span>
     <span class='ocr_line' id='line_1_18' title="bbox 327 834 1212 880; baseline -0.007 -7"><span class='ocrx_word' id='word_1_116' title='bbox 327 845 463 878; x_wconf 80' lang='lat' dir='ltr'>maverit</span> <span class='ocrx_word' id='word_1_117' title='bbox 473 863 483 880; x_wconf 92' lang='lat'>,</span> <span class='ocrx_word' id='word_1_118' title='bbox 511 838 642 880; x_wconf 84' lang='lat' dir='ltr'>cumfine</span> <span class='ocrx_word' id='word_1_119' title='bbox 653 838 742 871; x_wconf 88' lang='lat' dir='ltr'>dubio</span> <span class='ocrx_word' id='word_1_120' title='bbox 751 839 789 870; x_wconf 84' lang='lat' dir='ltr'>de</span> <span class='ocrx_word' id='word_1_121' title='bbox 799 837 898 872; x_wconf 86' lang='lat' dir='ltr'>eodem</span> <span class='ocrx_word' id='word_1_122' title='bbox 900 834 990 875; x_wconf 87' lang='lat' dir='ltr'>fonte</span> <span class='ocrx_word' id='word_1_123' title='bbox 999 840 1114 879; x_wconf 69' lang='lat' dir='ltr'>gratiae</span> <span class='ocrx_word' id='word_1_124' title='bbox 1135 846 1212 867; x_wconf 86' lang='lat' dir='ltr'>unus</span> 
     </span>
     <span class='ocr_line' id='line_1_19' title="bbox 326 883 1215 937; baseline -0.007 -14"><span class='ocrx_word' id='word_1_125' title='bbox 326 886 457 937; x_wconf 68' lang='lat' dir='ltr'>spiritus</span> <span class='ocrx_word' id='word_1_126' title='bbox 465 889 585 931; x_wconf 78' lang='lat' dir='ltr'>fuerit,</span> <span class='ocrx_word' id='word_1_127' title='bbox 612 890 648 922; x_wconf 64' lang='lat' dir='ltr'>&lt;St</span> <span class='ocrx_word' id='word_1_128' title='bbox 666 886 811 929; x_wconf 79' lang='lat' dir='ltr'><em>Discipuli</em></span> <span class='ocrx_word' id='word_1_129' title='bbox 828 886 863 919; x_wconf 63' lang='grc' dir='ltr'>ό·</span> <span class='ocrx_word' id='word_1_130' title='bbox 879 883 1013 929; x_wconf 81' lang='lat' dir='ltr'>Magistri</span> <span class='ocrx_word' id='word_1_131' title='bbox 1024 909 1035 926; x_wconf 93' lang='lat'>‚</span> <span class='ocrx_word' id='word_1_132' title='bbox 1060 897 1112 918; x_wconf 88' lang='lat' dir='ltr'>nec</span> <span class='ocrx_word' id='word_1_133' title='bbox 1129 886 1215 918; x_wconf 84' lang='lat' dir='ltr'>aliud</span> 
     </span>
     <span class='ocr_line' id='line_1_20' title="bbox 328 935 1213 978; baseline -0.005 -6"><span class='ocrx_word' id='word_1_134' title='bbox 328 940 499 974; x_wconf 84' lang='lat' dir='ltr'>ordinatus</span> <span class='ocrx_word' id='word_1_135' title='bbox 511 939 630 971; x_wconf 78' lang='lat' dir='ltr'>tradere</span> <span class='ocrx_word' id='word_1_136' title='bbox 635 941 768 978; x_wconf 82' lang='lat' dir='ltr'>potuerit</span> <span class='ocrx_word' id='word_1_137' title='bbox 777 960 788 977; x_wconf 91' lang='lat'><strong>,</strong></span> <span class='ocrx_word' id='word_1_138' title='bbox 801 946 892 978; x_wconf 80' lang='lat' dir='ltr'>quam</span> <span class='ocrx_word' id='word_1_139' title='bbox 900 936 980 978; x_wconf 83' lang='lat' dir='ltr'>quod</span> <span class='ocrx_word' id='word_1_140' title='bbox 986 935 1024 967; x_wconf 85' lang='lat' dir='ltr'>ab</span> <span class='ocrx_word' id='word_1_141' title='bbox 1036 937 1213 968; x_wconf 71' lang='lat' dir='ltr'>ordinatore</span> 
     </span>
     <span class='ocr_line' id='line_1_21' title="bbox 329 985 1213 1032; baseline -0.003 -11"><span class='ocrx_word' id='word_1_142' title='bbox 329 987 470 1032; x_wconf 76' lang='lat' dir='ltr'>sufiepit.</span> <span class='ocrx_word' id='word_1_143' title='bbox 498 991 571 1022; x_wconf 88' lang='lat' dir='ltr'>Non</span> <span class='ocrx_word' id='word_1_144' title='bbox 581 989 647 1030; x_wconf 74' lang='lat' dir='ltr'>ergo</span> <span class='ocrx_word' id='word_1_145' title='bbox 653 992 791 1028; x_wconf 85' lang='lat' dir='ltr'>patimur</span> <span class='ocrx_word' id='word_1_146' title='bbox 804 1009 815 1026; x_wconf 94' lang='lat'>‚</span> <span class='ocrx_word' id='word_1_147' title='bbox 840 994 874 1019; x_wconf 82' lang='lat' dir='ltr'>ut</span> <span class='ocrx_word' id='word_1_148' title='bbox 893 996 958 1019; x_wconf 89' lang='lat' dir='ltr'>cum</span> <span class='ocrx_word' id='word_1_149' title='bbox 980 991 1069 1018; x_wconf 88' lang='lat' dir='ltr'>unius</span> <span class='ocrx_word' id='word_1_150' title='bbox 1090 997 1142 1018; x_wconf 89' lang='lat' dir='ltr'>nos</span> <span class='ocrx_word' id='word_1_151' title='bbox 1163 985 1213 1028; x_wconf 83' lang='lat' dir='ltr'>effe</span> 
     </span>
     <span class='ocr_line' id='line_1_22' title="bbox 328 1033 1214 1079; baseline -0.001 -9"><span class='ocrx_word' id='word_1_152' title='bbox 328 1033 458 1078; x_wconf 39' lang='lat' dir='ltr'>‘corporis</span> <span class='ocrx_word' id='word_1_153' title='bbox 468 1038 503 1071; x_wconf 61' lang='grc' dir='ltr'>(θ’</span> <span class='ocrx_word' id='word_1_154' title='bbox 510 1036 586 1079; x_wconf 86' lang='lat' dir='ltr'>fidei</span> <span class='ocrx_word' id='word_1_155' title='bbox 591 1036 749 1079; x_wconf 84' lang='lat' dir='ltr'>fateamur</span> <span class='ocrx_word' id='word_1_156' title='bbox 761 1059 771 1075; x_wconf 88' lang='lat'><strong>,</strong></span> <span class='ocrx_word' id='word_1_157' title='bbox 797 1040 829 1068; x_wconf 87' lang='lat' dir='ltr'>in</span> <span class='ocrx_word' id='word_1_158' title='bbox 839 1036 937 1077; x_wconf 76' lang='lat' dir='ltr'>aliquo</span> <span class='ocrx_word' id='word_1_159' title='bbox 947 1034 1144 1079; x_wconf 83' lang='lat' dir='ltr'><em>discrepemus</em></span> <span class='ocrx_word' id='word_1_160' title='bbox 1159 1060 1169 1076; x_wconf 87' lang='grc'>,</span> <span class='ocrx_word' id='word_1_161' title='bbox 1179 1037 1214 1068; x_wconf 68' lang='grc' dir='ltr'>ό·</span> 
     </span>
     <span class='ocr_line' id='line_1_23' title="bbox 325 1084 1207 1129; baseline -0.001 -10"><span class='ocrx_word' id='word_1_162' title='bbox 325 1087 388 1120; x_wconf 83' lang='lat' dir='ltr'>alia</span> <span class='ocrx_word' id='word_1_163' title='bbox 396 1086 529 1119; x_wconf 67' lang='lat' dir='ltr'>Moris</span> <span class='ocrx_word' id='word_1_164' title='bbox 542 1109 553 1126; x_wconf 89' lang='lat'><em>,</em></span> <span class='ocrx_word' id='word_1_165' title='bbox 578 1087 640 1119; x_wconf 84' lang='lat' dir='ltr'>alia</span> <span class='ocrx_word' id='word_1_166' title='bbox 653 1084 796 1129; x_wconf 79' lang='lat' dir='ltr'><em>Discipuli</em></span> <span class='ocrx_word' id='word_1_167' title='bbox 806 1084 945 1125; x_wconf 82' lang='lat' dir='ltr'>Instituta</span> <span class='ocrx_word' id='word_1_168' title='bbox 956 1087 1136 1119; x_wconf 82' lang='lat' dir='ltr'>videantur.</span> <span class='ocrx_word' id='word_1_169' title='bbox 1164 1086 1207 1118; x_wconf 87' lang='lat' dir='ltr'>Et</span> 
     </span>
     <span class='ocr_line' id='line_1_24' title="bbox 326 1135 1213 1178; baseline -0.002 -8"><span class='ocrx_word' id='word_1_170' title='bbox 326 1136 429 1178; x_wconf 74' lang='lat' dir='ltr'>infra3</span> <span class='ocrx_word' id='word_1_171' title='bbox 456 1137 594 1169; x_wconf 66' lang='lat' dir='ltr'>studiose*</span> <span class='ocrx_word' id='word_1_172' title='bbox 604 1136 798 1169; x_wconf 72' lang='lat' dir='ltr'>Dilellionem</span> <span class='ocrx_word' id='word_1_173' title='bbox 809 1145 893 1168; x_wconf 84' lang='lat' dir='ltr'>tuam</span> <span class='ocrx_word' id='word_1_174' title='bbox 905 1135 1141 1177; x_wconf 67' lang='lat' dir='ltr'>&amp;familiariter</span> <span class='ocrx_word' id='word_1_175' title='bbox 1160 1137 1213 1168; x_wconf 74' lang='lat' dir='ltr'>ad-</span> 
     </span>
     <span class='ocr_line' id='line_1_25' title="bbox 324 1184 1213 1229; baseline -0.001 -10"><span class='ocrx_word' id='word_1_176' title='bbox 324 1197 476 1224; x_wconf 77' lang='lat' dir='ltr'><em>monemus</em></span> <span class='ocrx_word' id='word_1_177' title='bbox 486 1210 498 1227; x_wconf 91' lang='lat'><strong>,</strong></span> <span class='ocrx_word' id='word_1_178' title='bbox 523 1195 558 1222; x_wconf 86' lang='lat' dir='ltr'>ut</span> <span class='ocrx_word' id='word_1_179' title='bbox 569 1187 650 1228; x_wconf 88' lang='lat' dir='ltr'>quod</span> <span class='ocrx_word' id='word_1_180' title='bbox 656 1185 759 1228; x_wconf 81' lang='lat' dir='ltr'>nostrae</span> <span class='ocrx_word' id='word_1_181' title='bbox 772 1184 986 1229; x_wconf 75' lang='lat' dir='ltr'>conficetudini</span> <span class='ocrx_word' id='word_1_182' title='bbox 997 1197 1034 1219; x_wconf 82' lang='lat' dir='ltr'>ex</span> <span class='ocrx_word' id='word_1_183' title='bbox 1038 1186 1144 1227; x_wconf 79' lang='lat' dir='ltr'>forma</span> <span class='ocrx_word' id='word_1_184' title='bbox 1154 1188 1213 1218; x_wconf 81' lang='lat' dir='ltr'>Pa-</span> 
     </span>
     <span class='ocr_line' id='line_1_26' title="bbox 325 1234 1212 1279; baseline -0.003 -8"><span class='ocrx_word' id='word_1_185' title='bbox 325 1245 420 1271; x_wconf 80' lang='lat' dir='ltr'>ternae</span> <span class='ocrx_word' id='word_1_186' title='bbox 430 1237 614 1270; x_wconf 75' lang='lat' dir='ltr'>Traditionis</span> <span class='ocrx_word' id='word_1_187' title='bbox 628 1234 738 1279; x_wconf 82' lang='lat' dir='ltr'><em>insedit</em></span> <span class='ocrx_word' id='word_1_188' title='bbox 748 1260 760 1276; x_wconf 91' lang='lat'>‚</span> <span class='ocrx_word' id='word_1_189' title='bbox 786 1245 839 1268; x_wconf 83' lang='lat' dir='ltr'>tua</span> <span class='ocrx_word' id='word_1_190' title='bbox 852 1245 963 1276; x_wconf 87' lang='lat' dir='ltr'>quoque</span> <span class='ocrx_word' id='word_1_191' title='bbox 975 1246 1046 1268; x_wconf 84' lang='lat' dir='ltr'>cura</span> <span class='ocrx_word' id='word_1_192' title='bbox 1056 1247 1112 1268; x_wconf 86' lang='lat' dir='ltr'>non</span> <span class='ocrx_word' id='word_1_193' title='bbox 1125 1237 1212 1279; x_wconf 82' lang='lat' dir='ltr'>negli-</span> 
     </span>
    </p>
   </div>
   <div class='ocr_carea' id='block_1_5' title="bbox 323 1284 1223 1330">
    <p class='ocr_par' dir='ltr' id='par_1_5' title="bbox 323 1284 1223 1330">
     <span class='ocr_line' id='line_1_27' title="bbox 323 1284 1223 1330; baseline -0.001 -12"><span class='ocrx_word' id='word_1_194' title='bbox 323 1295 383 1330; x_wconf 86' lang='lat' dir='ltr'>gat</span> <span class='ocrx_word' id='word_1_195' title='bbox 391 1310 401 1326; x_wconf 88' lang='lat'>‚</span> <span class='ocrx_word' id='word_1_196' title='bbox 420 1295 455 1319; x_wconf 88' lang='lat' dir='ltr'>ut</span> <span class='ocrx_word' id='word_1_197' title='bbox 458 1294 517 1328; x_wconf 87' lang='lat' dir='ltr'>per</span> <span class='ocrx_word' id='word_1_198' title='bbox 525 1291 623 1318; x_wconf 82' lang='lat' dir='ltr'>omnia</span> <span class='ocrx_word' id='word_1_199' title='bbox 636 1286 718 1318; x_wconf 83' lang='lat' dir='ltr'>nobis</span> <span class='ocrx_word' id='word_1_200' title='bbox 730 1286 764 1318; x_wconf 63' lang='grc' dir='ltr'>Θ</span> <span class='ocrx_word' id='word_1_201' title='bbox 765 1285 829 1327; x_wconf 84' lang='lat' dir='ltr'>fide</span> <span class='ocrx_word' id='word_1_202' title='bbox 839 1286 874 1318; x_wconf 62' lang='grc' dir='ltr'>(θ’</span> <span class='ocrx_word' id='word_1_203' title='bbox 881 1284 997 1317; x_wconf 67' lang='lat' dir='ltr'>ambus</span> <span class='ocrx_word' id='word_1_204' title='bbox 1009 1297 1209 1329; x_wconf 83' lang='lat' dir='ltr'><em>congruamus.</em></span> <span class='ocrx_word' id='word_1_205' title='bbox 1222 1291 1223 1295; x_wconf 78' lang='grc'>’</span> 
     </span>
    </p>
   </div>
   <div class='ocr_carea' id='block_1_6' title="bbox 323 1334 1222 3274">
    <p class='ocr_par' dir='ltr' id='par_1_6' title="bbox 323 1334 1218 2379">
     <span class='ocr_line' id='line_1_28' title="bbox 328 1334 1214 1378; baseline 0 -10"><span class='ocrx_word' id='word_1_206' title='bbox 328 1338 454 1377; x_wconf 84' lang='lat' dir='ltr'>Propter</span> <span class='ocrx_word' id='word_1_207' title='bbox 467 1337 548 1378; x_wconf 87' lang='lat' dir='ltr'>quod</span> <span class='ocrx_word' id='word_1_208' title='bbox 556 1341 699 1369; x_wconf 83' lang='lat' dir='ltr'>remeanti</span> <span class='ocrx_word' id='word_1_209' title='bbox 704 1335 767 1377; x_wconf 84' lang='lat' dir='ltr'>filio</span> <span class='ocrx_word' id='word_1_210' title='bbox 790 1334 880 1375; x_wconf 79' lang='lat' dir='ltr'>nostro</span> <span class='ocrx_word' id='word_1_211' title='bbox 901 1336 1057 1375; x_wconf 80' lang='lat' dir='ltr'>Poffidom&#39;o</span> <span class='ocrx_word' id='word_1_212' title='bbox 1075 1335 1152 1370; x_wconf 85' lang='lat' dir='ltr'>hanc</span> <span class='ocrx_word' id='word_1_213' title='bbox 1171 1337 1214 1368; x_wconf 83' lang='lat' dir='ltr'>ad</span> 
     </span>
     <span class='ocr_line' id='line_1_29' title="bbox 328 1385 1211 1427; baseline 0 -8"><span class='ocrx_word' id='word_1_214' title='bbox 328 1388 569 1419; x_wconf 82' lang='lat' dir='ltr'>Fraterm&#39;tatem</span> <span class='ocrx_word' id='word_1_215' title='bbox 581 1396 664 1419; x_wconf 84' lang='lat' dir='ltr'>tuam</span> <span class='ocrx_word' id='word_1_216' title='bbox 673 1385 820 1427; x_wconf 79' lang='lat' dir='ltr'>epistolam</span> <span class='ocrx_word' id='word_1_217' title='bbox 833 1386 969 1425; x_wconf 73' lang='lat' dir='ltr'>dedimus</span> <span class='ocrx_word' id='word_1_218' title='bbox 974 1385 1191 1427; x_wconf 80' lang='lat' dir='ltr'><em>perferendam</em></span> <span class='ocrx_word' id='word_1_219' title='bbox 1202 1410 1211 1425; x_wconf 91' lang='lat'>,</span> 
     </span>
     <span class='ocr_line' id='line_1_30' title="bbox 329 1434 1213 1478; baseline 0.001 -10"><span class='ocrx_word' id='word_1_220' title='bbox 329 1440 380 1477; x_wconf 87' lang='lat' dir='ltr'>qui</span> <span class='ocrx_word' id='word_1_221' title='bbox 402 1434 506 1475; x_wconf 72' lang='lat' dir='ltr'>nostr-is</span> <span class='ocrx_word' id='word_1_222' title='bbox 528 1435 751 1477; x_wconf 72' lang='lat' dir='ltr'>Proceffionibus</span> <span class='ocrx_word' id='word_1_223' title='bbox 772 1444 861 1477; x_wconf 77' lang='lat' dir='ltr'>atque</span> <span class='ocrx_word' id='word_1_224' title='bbox 884 1436 1129 1470; x_wconf 62' lang='lat' dir='ltr'>ordinationibus</span> <span class='ocrx_word' id='word_1_225' title='bbox 1146 1436 1213 1478; x_wconf 90' lang='lat' dir='ltr'>fre-</span> 
     </span>
     <span class='ocr_line' id='line_1_31' title="bbox 329 1484 1212 1530; baseline 0.002 -13"><span class='ocrx_word' id='word_1_226' title='bbox 329 1494 454 1527; x_wconf 80' lang='lat' dir='ltr'>quenter</span> <span class='ocrx_word' id='word_1_227' title='bbox 464 1484 605 1527; x_wconf 77' lang='lat' dir='ltr'><em>interfuit</em></span> <span class='ocrx_word' id='word_1_228' title='bbox 617 1510 628 1526; x_wconf 91' lang='lat'>‚</span> <span class='ocrx_word' id='word_1_229' title='bbox 653 1487 783 1520; x_wconf 71' lang='lat' dir='ltr'>&amp;toties</span> <span class='ocrx_word' id='word_1_230' title='bbox 805 1487 850 1518; x_wconf 84' lang='lat' dir='ltr'>ad</span> <span class='ocrx_word' id='word_1_231' title='bbox 866 1497 917 1519; x_wconf 89' lang='lat' dir='ltr'>nos</span> <span class='ocrx_word' id='word_1_232' title='bbox 938 1487 1035 1530; x_wconf 83' lang='lat' dir='ltr'>missus</span> <span class='ocrx_word' id='word_1_233' title='bbox 1047 1510 1057 1526; x_wconf 89' lang='lat'>,</span> <span class='ocrx_word' id='word_1_234' title='bbox 1083 1488 1159 1528; x_wconf 86' lang='lat' dir='ltr'>quid</span> <span class='ocrx_word' id='word_1_235' title='bbox 1181 1493 1212 1519; x_wconf 88' lang='lat' dir='ltr'>in</span> 
     </span>
     <span class='ocr_line' id='line_1_32' title="bbox 329 1534 1212 1582; baseline 0.003 -15"><span class='ocrx_word' id='word_1_236' title='bbox 329 1534 463 1571; x_wconf 86' lang='lat' dir='ltr'>omnibus</span> <span class='ocrx_word' id='word_1_237' title='bbox 477 1535 641 1578; x_wconf 80' lang='lat' dir='ltr'>Apostolicae</span> <span class='ocrx_word' id='word_1_238' title='bbox 651 1538 736 1571; x_wconf 81' lang='lat' dir='ltr'>Sedis</span> <span class='ocrx_word' id='word_1_239' title='bbox 747 1537 926 1570; x_wconf 58' lang='lat' dir='ltr'>auctoritate</span> <span class='ocrx_word' id='word_1_240' title='bbox 937 1546 1116 1578; x_wconf 87' lang='lat' dir='ltr'>teneremus,</span> <span class='ocrx_word' id='word_1_241' title='bbox 1127 1550 1162 1582; x_wconf 84' lang='lat' dir='ltr'>ag</span> <span class='ocrx_word' id='word_1_242' title='bbox 1167 1549 1212 1570; x_wconf 63' lang='lat' dir='ltr'>no</span> 
     </span>
     <span class='ocr_line' id='line_1_33' title="bbox 323 1585 1212 1633; baseline 0.004 -15"><span class='ocrx_word' id='word_1_243' title='bbox 323 1590 386 1618; x_wconf 39' lang='lat' dir='ltr'>fvit.</span> <span class='ocrx_word' id='word_1_244' title='bbox 414 1585 522 1620; x_wconf 61' lang='lat' dir='ltr'>Saniti</span> <span class='ocrx_word' id='word_1_245' title='bbox 532 1585 622 1621; x_wconf 88' lang='lat' dir='ltr'>Petri</span> <span class='ocrx_word' id='word_1_246' title='bbox 635 1599 672 1621; x_wconf 86' lang='lat' dir='ltr'>ac</span> <span class='ocrx_word' id='word_1_247' title='bbox 684 1588 781 1621; x_wconf 63' lang='lat' dir='ltr'>saneti</span> <span class='ocrx_word' id='word_1_248' title='bbox 796 1587 906 1622; x_wconf 86' lang='lat' dir='ltr'>Marci</span> <span class='ocrx_word' id='word_1_249' title='bbox 922 1587 1150 1633; x_wconf 86' lang='lat' dir='ltr'>Magisterium</span> <span class='ocrx_word' id='word_1_250' title='bbox 1174 1601 1212 1623; x_wconf 89' lang='lat' dir='ltr'>ac</span> 
     </span>
     <span class='ocr_line' id='line_1_34' title="bbox 329 1632 1212 1681; baseline 0.005 -13"><span class='ocrx_word' id='word_1_251' title='bbox 329 1635 596 1679; x_wconf 81' lang='lat' dir='ltr'>Discipulatum,</span> <span class='ocrx_word' id='word_1_252' title='bbox 620 1650 658 1672; x_wconf 83' lang='lat' dir='ltr'>ac</span> <span class='ocrx_word' id='word_1_253' title='bbox 680 1638 714 1673; x_wconf 89' lang='lat' dir='ltr'>in</span> <span class='ocrx_word' id='word_1_254' title='bbox 733 1638 806 1681; x_wconf 87' lang='lat' dir='ltr'>ipfis</span> <span class='ocrx_word' id='word_1_255' title='bbox 826 1637 997 1672; x_wconf 87' lang='lat' dir='ltr'>fundatam</span> <span class='ocrx_word' id='word_1_256' title='bbox 1019 1632 1212 1676; x_wconf 72' lang='lat' dir='ltr'>Alexandri-</span> 
     </span>
     <span class='ocr_line' id='line_1_35' title="bbox 332 1686 1214 1732; baseline 0.003 -13"><span class='ocrx_word' id='word_1_257' title='bbox 332 1695 411 1719; x_wconf 88' lang='lat' dir='ltr'>nam</span> <span class='ocrx_word' id='word_1_258' title='bbox 421 1686 597 1721; x_wconf 87' lang='lat' dir='ltr'>Ecclefiam</span> <span class='ocrx_word' id='word_1_259' title='bbox 617 1686 728 1725; x_wconf 86' lang='lat' dir='ltr'>laudat</span> <span class='ocrx_word' id='word_1_260' title='bbox 748 1688 783 1725; x_wconf 86' lang='lat' dir='ltr'>in</span> <span class='ocrx_word' id='word_1_261' title='bbox 805 1688 925 1722; x_wconf 70' lang='lat' dir='ltr'>Litoris</span> <span class='ocrx_word' id='word_1_262' title='bbox 945 1688 987 1723; x_wconf 91' lang='lat' dir='ltr'>ad</span> <span class='ocrx_word' id='word_1_263' title='bbox 998 1688 1064 1732; x_wconf 89' lang='lat' dir='ltr'>ejus</span> <span class='ocrx_word' id='word_1_264' title='bbox 1079 1689 1214 1724; x_wconf 86' lang='lat' dir='ltr'>Patriar-</span> 
     </span>
     <span class='ocr_line' id='line_1_36' title="bbox 329 1734 1212 1784; baseline 0.005 -15"><span class='ocrx_word' id='word_1_265' title='bbox 329 1734 427 1770; x_wconf 90' lang='lat' dir='ltr'>cham</span> <span class='ocrx_word' id='word_1_266' title='bbox 437 1737 619 1782; x_wconf 84' lang='lat' dir='ltr'>Eulogium</span> <span class='ocrx_word' id='word_1_267' title='bbox 632 1738 733 1772; x_wconf 88' lang='lat' dir='ltr'>etiam</span> <span class='ocrx_word' id='word_1_268' title='bbox 743 1749 883 1784; x_wconf 87' lang='lat' dir='ltr'>magnus</span> <span class='ocrx_word' id='word_1_269' title='bbox 893 1740 1075 1784; x_wconf 85' lang='lat' dir='ltr'>Gregorius</span> <span class='ocrx_word' id='word_1_270' title='bbox 1097 1740 1212 1774; x_wconf 60' lang='lat' dir='ltr'>Ponti&gt;</span> 
     </span>
     <span class='ocr_line' id='line_1_37' title="bbox 334 1786 1214 1833; baseline 0.003 -13"><span class='ocrx_word' id='word_1_271' title='bbox 334 1786 387 1829; x_wconf 63' lang='lat' dir='ltr'>fex</span> <span class='ocrx_word' id='word_1_272' title='bbox 402 1811 413 1833; x_wconf 55' lang='lat'>3</span> <span class='ocrx_word' id='word_1_273' title='bbox 438 1797 536 1830; x_wconf 85' lang='lat' dir='ltr'>atque</span> <span class='ocrx_word' id='word_1_274' title='bbox 554 1787 723 1833; x_wconf 86' lang='lat' dir='ltr'>adjungit:</span> <span class='ocrx_word' id='word_1_275' title='bbox 752 1791 803 1822; x_wconf 77' lang='lat' dir='ltr'>Ad</span> <span class='ocrx_word' id='word_1_276' title='bbox 819 1789 895 1823; x_wconf 75' lang='lat' dir='ltr'>hanc</span> <span class='ocrx_word' id='word_1_277' title='bbox 915 1797 1061 1825; x_wconf 80' lang='lat' dir='ltr'>unitatem</span> <span class='ocrx_word' id='word_1_278' title='bbox 1085 1793 1214 1824; x_wconf 84' lang='lat' dir='ltr'>cordium</span> 
     </span>
     <span class='ocr_line' id='line_1_38' title="bbox 332 1836 1216 1884; baseline 0 -13"><span class='ocrx_word' id='word_1_279' title='bbox 332 1843 428 1875; x_wconf 74' lang='lat' dir='ltr'>etiam</span> <span class='ocrx_word' id='word_1_280' title='bbox 437 1836 544 1878; x_wconf 78' lang='lat' dir='ltr'>vestrae</span> <span class='ocrx_word' id='word_1_281' title='bbox 554 1838 731 1873; x_wconf 53' lang='lat' dir='ltr'>suminam</span> <span class='ocrx_word' id='word_1_282' title='bbox 741 1845 855 1873; x_wconf 74' lang='lat' dir='ltr'>meritis</span> <span class='ocrx_word' id='word_1_283' title='bbox 867 1842 994 1884; x_wconf 76' lang='lat' dir='ltr'><em>ligamur</em></span> <span class='ocrx_word' id='word_1_284' title='bbox 1002 1865 1012 1882; x_wconf 90' lang='lat'>,</span> <span class='ocrx_word' id='word_1_285' title='bbox 1032 1852 1103 1883; x_wconf 86' lang='lat' dir='ltr'>quos</span> <span class='ocrx_word' id='word_1_286' title='bbox 1114 1840 1216 1873; x_wconf 72' lang='lat' dir='ltr'>Aulio-</span> 
     </span>
     <span class='ocr_line' id='line_1_39' title="bbox 332 1885 1215 1933; baseline 0.001 -13"><span class='ocrx_word' id='word_1_287' title='bbox 332 1893 376 1924; x_wconf 83' lang='lat' dir='ltr'>ris</span> <span class='ocrx_word' id='word_1_288' title='bbox 381 1885 409 1930; x_wconf 88' lang='lat' dir='ltr'><em>f</em></span> <span class='ocrx_word' id='word_1_289' title='bbox 401 1893 432 1921; x_wconf 85' lang='lat' dir='ltr'>ui</span> <span class='ocrx_word' id='word_1_290' title='bbox 437 1885 598 1930; x_wconf 56' lang='lat' dir='ltr'>sulubriter</span> <span class='ocrx_word' id='word_1_291' title='bbox 604 1887 692 1930; x_wconf 82' lang='lat' dir='ltr'>sequi</span> <span class='ocrx_word' id='word_1_292' title='bbox 703 1888 844 1928; x_wconf 75' lang='lat' dir='ltr'>Instituta</span> <span class='ocrx_word' id='word_1_293' title='bbox 853 1889 1045 1932; x_wconf 55' lang='lat' dir='ltr'>cognoscimus*</span> <span class='ocrx_word' id='word_1_294' title='bbox 1057 1914 1067 1929; x_wconf 92' lang='lat'>,</span> <span class='ocrx_word' id='word_1_295' title='bbox 1092 1891 1126 1923; x_wconf 64' lang='grc' dir='ltr'>δ’</span> <span class='ocrx_word' id='word_1_296' title='bbox 1140 1886 1215 1933; x_wconf 73' lang='lat' dir='ltr'>J&#39;em-</span> 
     </span>
     <span class='ocr_line' id='line_1_40' title="bbox 326 1935 1216 1983; baseline 0.001 -12"><span class='ocrx_word' id='word_1_297' title='bbox 326 1945 384 1982; x_wconf 80' lang='lat' dir='ltr'>per</span> <span class='ocrx_word' id='word_1_298' title='bbox 394 1937 441 1974; x_wconf 79' lang='lat' dir='ltr'>ad</span> <span class='ocrx_word' id='word_1_299' title='bbox 450 1936 585 1981; x_wconf 83' lang='lat' dir='ltr'>Magistri</span> <span class='ocrx_word' id='word_1_300' title='bbox 590 1935 641 1980; x_wconf 82' lang='lat' dir='ltr'>sui</span> <span class='ocrx_word' id='word_1_301' title='bbox 645 1945 794 1981; x_wconf 87' lang='lat' dir='ltr'>gremium</span> <span class='ocrx_word' id='word_1_302' title='bbox 806 1963 816 1979; x_wconf 95' lang='lat'>,</span> <span class='ocrx_word' id='word_1_303' title='bbox 843 1940 921 1972; x_wconf 86' lang='lat' dir='ltr'>unde</span> <span class='ocrx_word' id='word_1_304' title='bbox 932 1940 976 1972; x_wconf 83' lang='lat' dir='ltr'>illi</span> <span class='ocrx_word' id='word_1_305' title='bbox 981 1938 1216 1983; x_wconf 85' lang='lat' dir='ltr'>praedicatiosa-</span> 
     </span>
     <span class='ocr_line' id='line_1_41' title="bbox 331 1986 1210 2031; baseline -0.001 -11"><span class='ocrx_word' id='word_1_306' title='bbox 331 1989 407 2025; x_wconf 81' lang='lat' dir='ltr'>lutis</span> <span class='ocrx_word' id='word_1_307' title='bbox 417 1996 523 2023; x_wconf 77' lang='lat' dir='ltr'>exorta</span> <span class='ocrx_word' id='word_1_308' title='bbox 533 1986 571 2027; x_wconf 83' lang='lat' dir='ltr'>est</span> <span class='ocrx_word' id='word_1_309' title='bbox 581 2011 592 2027; x_wconf 89' lang='lat'>,</span> <span class='ocrx_word' id='word_1_310' title='bbox 617 1997 681 2020; x_wconf 85' lang='lat' dir='ltr'>tota</span> <span class='ocrx_word' id='word_1_311' title='bbox 687 1986 722 2030; x_wconf 83' lang='lat' dir='ltr'>se</span> <span class='ocrx_word' id='word_1_312' title='bbox 737 1988 868 2029; x_wconf 87' lang='lat' dir='ltr'>conferre</span> <span class='ocrx_word' id='word_1_313' title='bbox 885 1990 1039 2022; x_wconf 81' lang='lat' dir='ltr'>devotione</span> <span class='ocrx_word' id='word_1_314' title='bbox 1054 1988 1210 2031; x_wconf 81' lang='lat' dir='ltr'>sentimus.</span> 
     </span>
     <span class='ocr_line' id='line_1_42' title="bbox 332 2035 1215 2074; baseline 0 -3"><span class='ocrx_word' id='word_1_315' title='bbox 332 2035 486 2074; x_wconf 79' lang='lat' dir='ltr'>Affirmat</span> <span class='ocrx_word' id='word_1_316' title='bbox 496 2036 685 2070; x_wconf 86' lang='lat' dir='ltr'>Romanam</span> <span class='ocrx_word' id='word_1_317' title='bbox 697 2048 734 2070; x_wconf 90' lang='lat' dir='ltr'>ac</span> <span class='ocrx_word' id='word_1_318' title='bbox 757 2036 1017 2072; x_wconf 78' lang='lat' dir='ltr'>Alexandrinam</span> <span class='ocrx_word' id='word_1_319' title='bbox 1041 2037 1215 2071; x_wconf 84' lang='lat' dir='ltr'>Ecclefiam</span> 
     </span>
     <span class='ocr_line' id='line_1_43' title="bbox 332 2085 1216 2127; baseline 0.001 -7"><span class='ocrx_word' id='word_1_320' title='bbox 332 2097 403 2124; x_wconf 85' lang='lat' dir='ltr'>non</span> <span class='ocrx_word' id='word_1_321' title='bbox 414 2085 587 2120; x_wconf 83' lang='lat' dir='ltr'>dumtaxat</span> <span class='ocrx_word' id='word_1_322' title='bbox 600 2085 714 2120; x_wconf 86' lang='lat' dir='ltr'>eadem</span> <span class='ocrx_word' id='word_1_323' title='bbox 727 2086 810 2127; x_wconf 85' lang='lat' dir='ltr'>fide,</span> <span class='ocrx_word' id='word_1_324' title='bbox 836 2087 899 2122; x_wconf 42' lang='lat' dir='ltr'>sed„</span> <span class='ocrx_word' id='word_1_325' title='bbox 910 2087 945 2123; x_wconf 72' lang='grc' dir='ltr'>δε</span> <span class='ocrx_word' id='word_1_326' title='bbox 964 2087 1079 2122; x_wconf 89' lang='lat' dir='ltr'>iisdem</span> <span class='ocrx_word' id='word_1_327' title='bbox 1105 2087 1216 2121; x_wconf 86' lang='lat' dir='ltr'>Sacro-</span> 
     </span>
     <span class='ocr_line' id='line_1_44' title="bbox 334 2135 1218 2180; baseline 0.002 -11"><span class='ocrx_word' id='word_1_328' title='bbox 334 2147 407 2173; x_wconf 85' lang='lat' dir='ltr'>rum</span> <span class='ocrx_word' id='word_1_329' title='bbox 419 2135 552 2170; x_wconf 83' lang='lat' dir='ltr'>Ritibus</span> <span class='ocrx_word' id='word_1_330' title='bbox 563 2135 676 2170; x_wconf 80' lang='lat' dir='ltr'>vixisse</span> <span class='ocrx_word' id='word_1_331' title='bbox 687 2137 809 2180; x_wconf 84' lang='lat' dir='ltr'>semper</span> <span class='ocrx_word' id='word_1_332' title='bbox 820 2161 830 2176; x_wconf 92' lang='lat'><strong>,</strong></span> <span class='ocrx_word' id='word_1_333' title='bbox 857 2148 894 2170; x_wconf 84' lang='lat' dir='ltr'>ac</span> <span class='ocrx_word' id='word_1_334' title='bbox 904 2136 1021 2171; x_wconf 85' lang='lat' dir='ltr'>debere</span> <span class='ocrx_word' id='word_1_335' title='bbox 1032 2138 1153 2180; x_wconf 88' lang='lat' dir='ltr'>semper</span> <span class='ocrx_word' id='word_1_336' title='bbox 1172 2138 1218 2171; x_wconf 88' lang='lat' dir='ltr'>vi-</span> 
     </span>
     <span class='ocr_line' id='line_1_45' title="bbox 334 2184 1216 2226; baseline 0 -5"><span class='ocrx_word' id='word_1_337' title='bbox 334 2197 416 2221; x_wconf 86' lang='lat' dir='ltr'>vere.</span> <span class='ocrx_word' id='word_1_338' title='bbox 444 2186 488 2219; x_wconf 91' lang='lat' dir='ltr'>Et</span> <span class='ocrx_word' id='word_1_339' title='bbox 500 2184 585 2220; x_wconf 74' lang='lat' dir='ltr'>certe</span> <span class='ocrx_word' id='word_1_340' title='bbox 595 2186 639 2219; x_wconf 88' lang='lat' dir='ltr'>ita</span> <span class='ocrx_word' id='word_1_341' title='bbox 660 2186 730 2220; x_wconf 84' lang='lat' dir='ltr'>fuit.</span> <span class='ocrx_word' id='word_1_342' title='bbox 758 2187 852 2220; x_wconf 90' lang='lat' dir='ltr'><em>Licet</em></span> <span class='ocrx_word' id='word_1_343' title='bbox 871 2185 936 2220; x_wconf 83' lang='lat' dir='ltr'>haec</span> <span class='ocrx_word' id='word_1_344' title='bbox 963 2187 1061 2221; x_wconf 91' lang='lat' dir='ltr'>fuerit</span> <span class='ocrx_word' id='word_1_345' title='bbox 1082 2187 1193 2221; x_wconf 79' lang='lat' dir='ltr'>Graeca</span> <span class='ocrx_word' id='word_1_346' title='bbox 1206 2211 1216 2226; x_wconf 91' lang='lat'>‚</span> 
     </span>
     <span class='ocr_line' id='line_1_46' title="bbox 335 2234 1218 2284; baseline 0.002 -15"><span class='ocrx_word' id='word_1_347' title='bbox 335 2237 460 2279; x_wconf 83' lang='lat' dir='ltr'>semper</span> <span class='ocrx_word' id='word_1_348' title='bbox 469 2234 585 2270; x_wconf 91' lang='lat' dir='ltr'>habuit</span> <span class='ocrx_word' id='word_1_349' title='bbox 597 2235 703 2279; x_wconf 89' lang='lat' dir='ltr'>plures</span> <span class='ocrx_word' id='word_1_350' title='bbox 714 2236 813 2270; x_wconf 82' lang='lat' dir='ltr'><strong>Ritus</strong></span> <span class='ocrx_word' id='word_1_351' title='bbox 824 2236 1004 2270; x_wconf 88' lang='lat' dir='ltr'>Romanos.</span> <span class='ocrx_word' id='word_1_352' title='bbox 1016 2237 1118 2284; x_wconf 82' lang='lat' dir='ltr'>Qod</span> <span class='ocrx_word' id='word_1_353' title='bbox 1130 2249 1218 2271; x_wconf 88' lang='lat' dir='ltr'>nem-</span> 
     </span>
     <span class='ocr_line' id='line_1_47' title="bbox 334 2283 1217 2330; baseline 0.001 -11"><span class='ocrx_word' id='word_1_354' title='bbox 334 2285 374 2329; x_wconf 74' lang='lat' dir='ltr'>pe</span> <span class='ocrx_word' id='word_1_355' title='bbox 388 2283 449 2319; x_wconf 90' lang='lat' dir='ltr'>hos</span> <span class='ocrx_word' id='word_1_356' title='bbox 460 2284 478 2320; x_wconf 72' lang='grc' dir='ltr'>ὲ</span> <span class='ocrx_word' id='word_1_357' title='bbox 490 2286 598 2320; x_wconf 66' lang='grc' dir='ltr'>ῐεῃέὶο</span> <span class='ocrx_word' id='word_1_358' title='bbox 612 2285 710 2320; x_wconf 90' lang='lat' dir='ltr'>Petro</span> <span class='ocrx_word' id='word_1_359' title='bbox 718 2286 886 2330; x_wconf 71' lang='lat' dir='ltr'>accepisset</span> <span class='ocrx_word' id='word_1_360' title='bbox 907 2286 1042 2322; x_wconf 89' lang='lat' dir='ltr'>Marcus</span> <span class='ocrx_word' id='word_1_361' title='bbox 1051 2311 1062 2329; x_wconf 80' lang='lat'>‚</span> <span class='ocrx_word' id='word_1_362' title='bbox 1087 2287 1121 2321; x_wconf 88' lang='lat'>&amp;</span> <span class='ocrx_word' id='word_1_363' title='bbox 1142 2285 1217 2320; x_wconf 86' lang='lat' dir='ltr'>Ale-</span> 
     </span>
     <span class='ocr_line' id='line_1_48' title="bbox 336 2333 669 2379; baseline 0 -11"><span class='ocrx_word' id='word_1_364' title='bbox 336 2333 478 2379; x_wconf 74' lang='lat' dir='ltr'>xandriae</span> <span class='ocrx_word' id='word_1_365' title='bbox 489 2334 563 2378; x_wconf 91' lang='lat' dir='ltr'>plan</span> <span class='ocrx_word' id='word_1_366' title='bbox 568 2336 669 2371; x_wconf 72' lang='lat' dir='ltr'>tasset.</span> 
     </span>
    </p>

    <p class='ocr_par' dir='ltr' id='par_1_7' title="bbox 335 2383 1222 3274">
     <span class='ocr_line' id='line_1_49' title="bbox 386 2383 1216 2431; baseline 0.004 -14"><span class='ocrx_word' id='word_1_367' title='bbox 386 2383 491 2418; x_wconf 77' lang='lat' dir='ltr'>Porro</span> <span class='ocrx_word' id='word_1_368' title='bbox 501 2384 732 2420; x_wconf 86' lang='lat' dir='ltr'>Patriarchalis</span> <span class='ocrx_word' id='word_1_369' title='bbox 744 2385 889 2421; x_wconf 82' lang='lat' dir='ltr'>Potestas</span> <span class='ocrx_word' id='word_1_370' title='bbox 899 2386 1041 2421; x_wconf 85' lang='lat' dir='ltr'>consistit</span> <span class='ocrx_word' id='word_1_371' title='bbox 1048 2387 1216 2431; x_wconf 79' lang='lat' dir='ltr'>praesertim</span> 
     </span>
     <span class='ocr_line' id='line_1_50' title="bbox 339 2433 1217 2480; baseline 0.002 -12"><span class='ocrx_word' id='word_1_372' title='bbox 339 2435 374 2469; x_wconf 90' lang='lat' dir='ltr'>in</span> <span class='ocrx_word' id='word_1_373' title='bbox 387 2433 533 2468; x_wconf 90' lang='lat' dir='ltr'>duobus:</span> <span class='ocrx_word' id='word_1_374' title='bbox 545 2434 583 2468; x_wconf 91' lang='lat' dir='ltr'>In</span> <span class='ocrx_word' id='word_1_375' title='bbox 597 2435 836 2480; x_wconf 87' lang='lat' dir='ltr'>Episcoporum</span> <span class='ocrx_word' id='word_1_376' title='bbox 847 2437 1147 2471; x_wconf 86' lang='lat' dir='ltr'>consecrationibus</span> <span class='ocrx_word' id='word_1_377' title='bbox 1158 2461 1169 2477; x_wconf 87' lang='lat'>‚</span> <span class='ocrx_word' id='word_1_378' title='bbox 1181 2448 1217 2470; x_wconf 92' lang='lat' dir='ltr'>ac</span> 
     </span>
     <span class='ocr_line' id='line_1_51' title="bbox 335 2483 1217 2529; baseline 0.001 -11"><span class='ocrx_word' id='word_1_379' title='bbox 335 2484 373 2518; x_wconf 86' lang='lat' dir='ltr'>in</span> <span class='ocrx_word' id='word_1_380' title='bbox 386 2483 683 2518; x_wconf 76' lang='lat' dir='ltr'>Ecclefiasticarum</span> <span class='ocrx_word' id='word_1_381' title='bbox 693 2486 1006 2528; x_wconf 80' lang='lat' dir='ltr'>causarumjudiciis.</span> <span class='ocrx_word' id='word_1_382' title='bbox 1030 2487 1126 2521; x_wconf 70' lang='lat' dir='ltr'>Circa</span> <span class='ocrx_word' id='word_1_383' title='bbox 1143 2487 1217 2529; x_wconf 88' lang='lat' dir='ltr'>Epi-</span> 
     </span>
     <span class='ocr_line' id='line_1_52' title="bbox 336 2534 1218 2577; baseline 0.005 -11"><span class='ocrx_word' id='word_1_384' title='bbox 336 2535 511 2577; x_wconf 86' lang='lat' dir='ltr'>scoporum</span> <span class='ocrx_word' id='word_1_385' title='bbox 531 2534 792 2569; x_wconf 79' lang='lat' dir='ltr'>consecrationes</span> <span class='ocrx_word' id='word_1_386' title='bbox 813 2534 1058 2572; x_wconf 80' lang='lat' dir='ltr'>Alexandrinus</span> <span class='ocrx_word' id='word_1_387' title='bbox 1083 2536 1218 2570; x_wconf 89' lang='lat' dir='ltr'>Patriar-</span> 
     </span>
     <span class='ocr_line' id='line_1_53' title="bbox 338 2581 1216 2628; baseline 0.005 -12"><span class='ocrx_word' id='word_1_388' title='bbox 338 2581 402 2617; x_wconf 87' lang='lat' dir='ltr'>cha</span> <span class='ocrx_word' id='word_1_389' title='bbox 415 2594 470 2627; x_wconf 89' lang='lat' dir='ltr'>per</span> <span class='ocrx_word' id='word_1_390' title='bbox 480 2594 617 2619; x_wconf 86' lang='lat' dir='ltr'>ornnem</span> <span class='ocrx_word' id='word_1_391' title='bbox 630 2582 869 2628; x_wconf 84' lang='lat' dir='ltr'>AEgyptiacam</span> <span class='ocrx_word' id='word_1_392' title='bbox 881 2586 1057 2620; x_wconf 79' lang='lat' dir='ltr'>Dioecefim</span> <span class='ocrx_word' id='word_1_393' title='bbox 1069 2585 1169 2620; x_wconf 89' lang='lat' dir='ltr'>habet</span> <span class='ocrx_word' id='word_1_394' title='bbox 1179 2598 1216 2620; x_wconf 91' lang='lat' dir='ltr'>ac</span> 
     </span>
     <span class='ocr_line' id='line_1_54' title="bbox 339 2631 1216 2679; baseline 0.001 -13"><span class='ocrx_word' id='word_1_395' title='bbox 339 2634 463 2676; x_wconf 83' lang='lat' dir='ltr'>semper</span> <span class='ocrx_word' id='word_1_396' title='bbox 473 2631 588 2667; x_wconf 87' lang='lat' dir='ltr'>habuit</span> <span class='ocrx_word' id='word_1_397' title='bbox 611 2632 849 2678; x_wconf 68' lang='lat' dir='ltr'>Austoritatem</span> <span class='ocrx_word' id='word_1_398' title='bbox 871 2634 971 2679; x_wconf 74' lang='lat' dir='ltr'>longe</span> <span class='ocrx_word' id='word_1_399' title='bbox 983 2636 1216 2678; x_wconf 84' lang='lat' dir='ltr'>ampliffimam.</span> 
     </span>
     <span class='ocr_line' id='line_1_55' title="bbox 339 2682 1219 2727; baseline 0.001 -10"><span class='ocrx_word' id='word_1_400' title='bbox 339 2682 463 2717; x_wconf 88' lang='lat' dir='ltr'>Nullus</span> <span class='ocrx_word' id='word_1_401' title='bbox 475 2682 547 2719; x_wconf 81' lang='lat' dir='ltr'>istic</span> <span class='ocrx_word' id='word_1_402' title='bbox 559 2683 775 2727; x_wconf 89' lang='lat' dir='ltr'>Metropolita</span> <span class='ocrx_word' id='word_1_403' title='bbox 795 2685 976 2719; x_wconf 84' lang='lat' dir='ltr'>consecrari</span> <span class='ocrx_word' id='word_1_404' title='bbox 995 2685 1012 2718; x_wconf 73' lang='lat' dir='ltr'>a</span> <span class='ocrx_word' id='word_1_405' title='bbox 1032 2686 1095 2720; x_wconf 89' lang='lat' dir='ltr'>suis</span> <span class='ocrx_word' id='word_1_406' title='bbox 1108 2686 1219 2719; x_wconf 78' lang='lat' dir='ltr'>Suffla-</span> 
     </span>
     <span class='ocr_line' id='line_1_56' title="bbox 339 2732 1217 2779; baseline 0.002 -13"><span class='ocrx_word' id='word_1_407' title='bbox 339 2733 452 2777; x_wconf 88' lang='lat' dir='ltr'>ganeis</span> <span class='ocrx_word' id='word_1_408' title='bbox 465 2756 476 2774; x_wconf 91' lang='lat'>,</span> <span class='ocrx_word' id='word_1_409' title='bbox 487 2742 543 2767; x_wconf 87' lang='lat' dir='ltr'>aut</span> <span class='ocrx_word' id='word_1_410' title='bbox 554 2732 639 2776; x_wconf 84' lang='lat' dir='ltr'>ipsos</span> <span class='ocrx_word' id='word_1_411' title='bbox 650 2735 837 2768; x_wconf 84' lang='lat' dir='ltr'>consecrare</span> <span class='ocrx_word' id='word_1_412' title='bbox 848 2735 955 2779; x_wconf 89' lang='lat' dir='ltr'>potuit</span> <span class='ocrx_word' id='word_1_413' title='bbox 963 2759 974 2774; x_wconf 88' lang='lat'>‚</span> <span class='ocrx_word' id='word_1_414' title='bbox 1001 2735 1055 2769; x_wconf 91' lang='lat' dir='ltr'>sed</span> <span class='ocrx_word' id='word_1_415' title='bbox 1066 2736 1217 2770; x_wconf 89' lang='lat' dir='ltr'>omnium</span> 
     </span>
     <span class='ocr_line' id='line_1_57' title="bbox 341 2782 1218 2826; baseline 0.003 -10"><span class='ocrx_word' id='word_1_416' title='bbox 341 2783 376 2816; x_wconf 74' lang='grc' dir='ltr'>δε</span> <span class='ocrx_word' id='word_1_417' title='bbox 385 2782 675 2826; x_wconf 85' lang='lat' dir='ltr'>Metropolitarum</span> <span class='ocrx_word' id='word_1_418' title='bbox 700 2784 733 2818; x_wconf 89' lang='lat'>&amp;</span> <span class='ocrx_word' id='word_1_419' title='bbox 751 2783 1009 2821; x_wconf 78' lang='lat' dir='ltr'>provincialium</span> <span class='ocrx_word' id='word_1_420' title='bbox 1020 2785 1218 2819; x_wconf 88' lang='lat' dir='ltr'>Antistitum</span> 
     </span>
     <span class='ocr_line' id='line_1_58' title="bbox 342 2833 1219 2876; baseline 0.003 -11"><span class='ocrx_word' id='word_1_421' title='bbox 342 2833 543 2867; x_wconf 86' lang='lat' dir='ltr'>consecratio</span> <span class='ocrx_word' id='word_1_422' title='bbox 557 2833 713 2876; x_wconf 73' lang='lat' dir='ltr'>privative</span> <span class='ocrx_word' id='word_1_423' title='bbox 732 2834 884 2876; x_wconf 68' lang='lat' dir='ltr'>spectavit</span> <span class='ocrx_word' id='word_1_424' title='bbox 906 2834 947 2870; x_wconf 87' lang='lat' dir='ltr'>ad</span> <span class='ocrx_word' id='word_1_425' title='bbox 966 2834 1073 2869; x_wconf 87' lang='lat' dir='ltr'>solum</span> <span class='ocrx_word' id='word_1_426' title='bbox 1081 2834 1219 2869; x_wconf 86' lang='lat' dir='ltr'>Patriar-</span> 
     </span>
     <span class='ocr_line' id='line_1_59' title="bbox 343 2879 1219 2928; baseline 0.005 -14"><span class='ocrx_word' id='word_1_427' title='bbox 343 2879 449 2914; x_wconf 86' lang='lat' dir='ltr'>cham.</span> <span class='ocrx_word' id='word_1_428' title='bbox 477 2883 582 2917; x_wconf 88' lang='lat' dir='ltr'>Lucet</span> <span class='ocrx_word' id='word_1_429' title='bbox 594 2881 658 2916; x_wconf 91' lang='lat' dir='ltr'>hoc</span> <span class='ocrx_word' id='word_1_430' title='bbox 668 2894 710 2917; x_wconf 84' lang='lat' dir='ltr'>ex</span> <span class='ocrx_word' id='word_1_431' title='bbox 730 2883 863 2918; x_wconf 88' lang='lat' dir='ltr'>Meletii</span> <span class='ocrx_word' id='word_1_432' title='bbox 884 2884 1121 2928; x_wconf 86' lang='lat' dir='ltr'>Lycopolitani</span> <span class='ocrx_word' id='word_1_433' title='bbox 1143 2885 1219 2928; x_wconf 88' lang='lat' dir='ltr'>Epi-</span> 
     </span>
     <span class='ocr_line' id='line_1_60' title="bbox 345 2930 1219 2973; baseline 0.003 -9"><span class='ocrx_word' id='word_1_434' title='bbox 345 2931 435 2973; x_wconf 88' lang='lat' dir='ltr'>scopi</span> <span class='ocrx_word' id='word_1_435' title='bbox 448 2930 591 2971; x_wconf 79' lang='lat' dir='ltr'>audacia,</span> <span class='ocrx_word' id='word_1_436' title='bbox 602 2941 759 2967; x_wconf 87' lang='lat' dir='ltr'>attentata</span> <span class='ocrx_word' id='word_1_437' title='bbox 769 2933 919 2969; x_wconf 74' lang='lat' dir='ltr'>adversus</span> <span class='ocrx_word' id='word_1_438' title='bbox 929 2935 1073 2972; x_wconf 66' lang='lat' dir='ltr'>sanetum</span> <span class='ocrx_word' id='word_1_439' title='bbox 1084 2935 1219 2968; x_wconf 88' lang='lat' dir='ltr'>Petrum</span> 
     </span>
     <span class='ocr_line' id='line_1_61' title="bbox 346 2978 1219 3027; baseline 0.006 -14"><span class='ocrx_word' id='word_1_440' title='bbox 346 2978 568 3015; x_wconf 72' lang='lat' dir='ltr'>patriarcham</span> <span class='ocrx_word' id='word_1_441' title='bbox 577 3004 587 3019; x_wconf 90' lang='lat'>‚</span> <span class='ocrx_word' id='word_1_442' title='bbox 612 2982 644 3019; x_wconf 71' lang='grc' dir='ltr'>ὅς</span> <span class='ocrx_word' id='word_1_443' title='bbox 651 2994 707 3024; x_wconf 84' lang='lat' dir='ltr'>per</span> <span class='ocrx_word' id='word_1_444' title='bbox 717 2983 751 3019; x_wconf 88' lang='lat' dir='ltr'>N</span> <span class='ocrx_word' id='word_1_445' title='bbox 754 2986 888 3017; x_wconf 80' lang='lat' dir='ltr'>icaenam</span> <span class='ocrx_word' id='word_1_446' title='bbox 901 2983 1076 3027; x_wconf 84' lang='lat' dir='ltr'>synodum</span> <span class='ocrx_word' id='word_1_447' title='bbox 1086 2984 1219 3018; x_wconf 84' lang='lat' dir='ltr'>damna·</span> 
     </span>
     <span class='ocr_line' id='line_1_62' title="bbox 345 3027 1221 3077; baseline 0.008 -15"><span class='ocrx_word' id='word_1_448' title='bbox 345 3037 389 3062; x_wconf 87' lang='lat' dir='ltr'>ta.</span> <span class='ocrx_word' id='word_1_449' title='bbox 416 3027 572 3064; x_wconf 86' lang='lat' dir='ltr'>Meletius</span> <span class='ocrx_word' id='word_1_450' title='bbox 581 3040 647 3064; x_wconf 87' lang='lat' dir='ltr'>erat</span> <span class='ocrx_word' id='word_1_451' title='bbox 656 3030 850 3067; x_wconf 87' lang='lat' dir='ltr'>Thebaidos</span> <span class='ocrx_word' id='word_1_452' title='bbox 860 3034 1085 3077; x_wconf 88' lang='lat' dir='ltr'>Metropolita:</span> <span class='ocrx_word' id='word_1_453' title='bbox 1098 3035 1141 3068; x_wconf 84' lang='lat' dir='ltr'>Et</span> <span class='ocrx_word' id='word_1_454' title='bbox 1153 3045 1221 3068; x_wconf 90' lang='lat' dir='ltr'>om-</span> 
     </span>
     <span class='ocr_line' id='line_1_63' title="bbox 346 3077 1222 3128; baseline 0.009 -18"><span class='ocrx_word' id='word_1_455' title='bbox 346 3078 399 3115; x_wconf 81' lang='lat' dir='ltr'>nis</span> <span class='ocrx_word' id='word_1_456' title='bbox 410 3077 544 3115; x_wconf 82' lang='lat' dir='ltr'>audacia</span> <span class='ocrx_word' id='word_1_457' title='bbox 556 3077 622 3120; x_wconf 78' lang='lat' dir='ltr'>ejus</span> <span class='ocrx_word' id='word_1_458' title='bbox 634 3080 736 3114; x_wconf 83' lang='lat' dir='ltr'>fuitin</span> <span class='ocrx_word' id='word_1_459' title='bbox 744 3095 784 3117; x_wconf 90' lang='lat' dir='ltr'>eo</span> <span class='ocrx_word' id='word_1_460' title='bbox 807 3083 906 3127; x_wconf 85' lang='lat' dir='ltr'>posita</span> <span class='ocrx_word' id='word_1_461' title='bbox 927 3108 938 3124; x_wconf 96' lang='lat'>,</span> <span class='ocrx_word' id='word_1_462' title='bbox 964 3084 1053 3128; x_wconf 92' lang='lat' dir='ltr'>quod</span> <span class='ocrx_word' id='word_1_463' title='bbox 1077 3085 1137 3118; x_wconf 80' lang='lat' dir='ltr'>suae</span> <span class='ocrx_word' id='word_1_464' title='bbox 1151 3095 1222 3127; x_wconf 86' lang='lat' dir='ltr'>pro-</span> 
     </span>
     <span class='ocr_line' id='line_1_64' title="bbox 347 3124 1220 3175; baseline 0.01 -16"><span class='ocrx_word' id='word_1_465' title='bbox 347 3124 462 3163; x_wconf 80' lang='lat' dir='ltr'>vinciae</span> <span class='ocrx_word' id='word_1_466' title='bbox 484 3128 667 3170; x_wconf 83' lang='lat' dir='ltr'>Episcopos</span> <span class='ocrx_word' id='word_1_467' title='bbox 688 3141 755 3164; x_wconf 89' lang='lat' dir='ltr'>non</span> <span class='ocrx_word' id='word_1_468' title='bbox 782 3133 966 3175; x_wconf 70' lang='lat' dir='ltr'>permisisset</span> <span class='ocrx_word' id='word_1_469' title='bbox 986 3135 1096 3168; x_wconf 73' lang='lat' dir='ltr'>saneto</span> <span class='ocrx_word' id='word_1_470' title='bbox 1121 3133 1220 3168; x_wconf 87' lang='lat' dir='ltr'>Petro</span> 
     </span>
     <span class='ocr_line' id='line_1_65' title="bbox 347 3176 1221 3221; baseline 0.003 -6"><span class='ocrx_word' id='word_1_471' title='bbox 347 3176 582 3215; x_wconf 72' lang='lat' dir='ltr'>consecrandos</span> <span class='ocrx_word' id='word_1_472' title='bbox 594 3202 604 3217; x_wconf 82' lang='lat'><em>‚</em></span> <span class='ocrx_word' id='word_1_473' title='bbox 632 3177 685 3212; x_wconf 80' lang='lat' dir='ltr'>sed</span> <span class='ocrx_word' id='word_1_474' title='bbox 707 3180 847 3221; x_wconf 86' lang='lat' dir='ltr'>ipsorum</span> <span class='ocrx_word' id='word_1_475' title='bbox 865 3185 1146 3218; x_wconf 87' lang='lat' dir='ltr'>consecrationem</span> <span class='ocrx_word' id='word_1_476' title='bbox 1164 3184 1221 3219; x_wconf 87' lang='lat' dir='ltr'>suo</span> 
     </span>
     <span class='ocr_line' id='line_1_66' title="bbox 347 3225 1222 3274; baseline 0.009 -16"><span class='ocrx_word' id='word_1_477' title='bbox 347 3226 599 3269; x_wconf 84' lang='lat' dir='ltr'>Metropolitico</span> <span class='ocrx_word' id='word_1_478' title='bbox 611 3225 671 3269; x_wconf 83' lang='lat' dir='ltr'>juri</span> <span class='ocrx_word' id='word_1_479' title='bbox 681 3227 869 3274; x_wconf 81' lang='lat' dir='ltr'>adrogaffet.</span> <span class='ocrx_word' id='word_1_480' title='bbox 881 3234 943 3267; x_wconf 84' lang='lat' dir='ltr'>Rei</span> <span class='ocrx_word' id='word_1_481' title='bbox 953 3234 1065 3268; x_wconf 86' lang='lat' dir='ltr'>seriem</span> <span class='ocrx_word' id='word_1_482' title='bbox 1077 3235 1134 3268; x_wconf 87' lang='lat' dir='ltr'>suo</span> <span class='ocrx_word' id='word_1_483' title='bbox 1147 3233 1222 3267; x_wconf 90' lang='lat' dir='ltr'>loco</span> 
     </span>
    </p>
   </div>
   <div class='ocr_carea' id='block_1_7' title="bbox 350 3275 1224 3377">
    <p class='ocr_par' dir='ltr' id='par_1_8' title="bbox 350 3275 1224 3377">
     <span class='ocr_line' id='line_1_67' title="bbox 350 3275 1224 3327; baseline 0.011 -20"><span class='ocrx_word' id='word_1_484' title='bbox 350 3286 522 3318; x_wconf 78' lang='lat' dir='ltr'>exponam.</span> <span class='ocrx_word' id='word_1_485' title='bbox 550 3275 653 3323; x_wconf 83' lang='lat' dir='ltr'>Qod</span> <span class='ocrx_word' id='word_1_486' title='bbox 664 3278 814 3312; x_wconf 90' lang='lat' dir='ltr'>omnium</span> <span class='ocrx_word' id='word_1_487' title='bbox 827 3280 861 3313; x_wconf 88' lang='lat' dir='ltr'>in</span> <span class='ocrx_word' id='word_1_488' title='bbox 875 3282 1027 3326; x_wconf 86' lang='lat' dir='ltr'>AEgypto</span> <span class='ocrx_word' id='word_1_489' title='bbox 1048 3284 1224 3327; x_wconf 79' lang='lat' dir='ltr'>Episcopo-</span> 
     </span>
     <span class='ocr_line' id='line_1_68' title="bbox 351 3325 1223 3377; baseline 0.008 -20"><span class='ocrx_word' id='word_1_490' title='bbox 351 3335 423 3363; x_wconf 78' lang='lat' dir='ltr'>rum</span> <span class='ocrx_word' id='word_1_491' title='bbox 434 3326 635 3364; x_wconf 82' lang='lat' dir='ltr'>consecratio</span> <span class='ocrx_word' id='word_1_492' title='bbox 647 3325 686 3359; x_wconf 90' lang='lat' dir='ltr'>ad</span> <span class='ocrx_word' id='word_1_493' title='bbox 698 3327 803 3363; x_wconf 87' lang='lat' dir='ltr'>solum</span> <span class='ocrx_word' id='word_1_494' title='bbox 822 3328 1041 3367; x_wconf 87' lang='lat' dir='ltr'>Patriarcham</span> <span class='ocrx_word' id='word_1_495' title='bbox 1067 3330 1223 3377; x_wconf 72' lang='lat' dir='ltr'>privative</span> 
     </span>
    </p>
   </div>
   <div class='ocr_carea' id='block_1_8' title="bbox 352 3373 1226 3469">
    <p class='ocr_par' dir='ltr' id='par_1_9' title="bbox 352 3373 1226 3469">
     <span class='ocr_line' id='line_1_69' title="bbox 352 3373 1226 3422; baseline 0.011 -16"><span class='ocrx_word' id='word_1_496' title='bbox 352 3374 470 3416; x_wconf 59' lang='lat' dir='ltr'>spectet</span> <span class='ocrx_word' id='word_1_497' title='bbox 481 3398 491 3415; x_wconf 93' lang='lat'>,</span> <span class='ocrx_word' id='word_1_498' title='bbox 516 3373 632 3414; x_wconf 70' lang='lat' dir='ltr'>diserte</span> <span class='ocrx_word' id='word_1_499' title='bbox 642 3376 778 3410; x_wconf 87' lang='lat' dir='ltr'>affirmat</span> <span class='ocrx_word' id='word_1_500' title='bbox 790 3377 918 3412; x_wconf 86' lang='lat' dir='ltr'>laudata</span> <span class='ocrx_word' id='word_1_501' title='bbox 930 3380 1080 3422; x_wconf 90' lang='lat' dir='ltr'>Synodus</span> <span class='ocrx_word' id='word_1_502' title='bbox 1090 3383 1124 3417; x_wconf 92' lang='lat' dir='ltr'>in</span> <span class='ocrx_word' id='word_1_503' title='bbox 1138 3382 1226 3417; x_wconf 89' lang='lat' dir='ltr'>Lite-</span> 
     </span>
     <span class='ocr_line' id='line_1_70' title="bbox 354 3422 1224 3469; baseline 0.011 -12"><span class='ocrx_word' id='word_1_504' title='bbox 354 3423 397 3457; x_wconf 86' lang='lat' dir='ltr'>ris</span> <span class='ocrx_word' id='word_1_505' title='bbox 409 3422 449 3457; x_wconf 88' lang='lat' dir='ltr'>ad</span> <span class='ocrx_word' id='word_1_506' title='bbox 461 3424 639 3457; x_wconf 84' lang='lat' dir='ltr'>Ecclefiam</span> <span class='ocrx_word' id='word_1_507' title='bbox 651 3424 862 3469; x_wconf 83' lang='lat' dir='ltr'>AEgyptiacae</span> <span class='ocrx_word' id='word_1_508' title='bbox 873 3429 1068 3465; x_wconf 84' lang='lat' dir='ltr'>Dioeceseos.</span> <span class='ocrx_word' id='word_1_509' title='bbox 1095 3434 1139 3466; x_wconf 89' lang='lat' dir='ltr'>Et</span> <span class='ocrx_word' id='word_1_510' title='bbox 1161 3431 1224 3466; x_wconf 88' lang='lat' dir='ltr'>huc</span> 
     </span>
    </p>
   </div>
   <div class='ocr_carea' id='block_1_9' title="bbox 1215 184 1236 859">
    <p class='ocr_par' dir='ltr' id='par_1_10' title="bbox 1215 184 1236 859">
     <span class='ocr_line' id='line_1_71' title="bbox 1215 184 1236 859; baseline 0 2917"><span class='ocrx_word' id='word_1_511' title='bbox 1215 184 1236 859; x_wconf 95' lang='lat' dir='ltr'> </span> 
     </span>
    </p>
   </div>
   <div class='ocr_carea' id='block_1_10' title="bbox 1212 955 1250 3251">
    <p class='ocr_par' dir='ltr' id='par_1_11' title="bbox 1212 955 1250 3251">
     <span class='ocr_line' id='line_1_72' title="bbox 1212 955 1250 3251; baseline 0 0"><span class='ocrx_word' id='word_1_512' title='bbox 1212 955 1250 3251; x_wconf 95' lang='lat' dir='ltr'> </span> 
     </span>
    </p>
   </div>
   <div class='ocr_carea' id='block_1_11' title="bbox 1262 96 1757 153">
    <p class='ocr_par' dir='ltr' id='par_1_12' title="bbox 1262 96 1757 153">
     <span class='ocr_line' id='line_1_73' title="bbox 1262 96 1757 153; baseline -0.006 -2"><span class='ocrx_word' id='word_1_513' title='bbox 1262 96 1688 153; x_wconf 63' lang='lat' dir='ltr'>PnooM‘tAms:</span> <span class='ocrx_word' id='word_1_514' title='bbox 1753 104 1757 109; x_wconf 38' lang='lat' dir='ltr'><em>f</em></span> 
     </span>
    </p>
   </div>
   <div class='ocr_carea' id='block_1_12' title="bbox 1268 180 2207 2628">
    <p class='ocr_par' dir='ltr' id='par_1_13' title="bbox 1268 180 2207 1581">
     <span class='ocr_line' id='line_1_74' title="bbox 1275 180 2145 228; baseline 0.007 -12"><span class='ocrx_word' id='word_1_515' title='bbox 1275 181 1457 228; x_wconf 72' lang='lat' dir='ltr'>Tyrannos</span> <span class='ocrx_word' id='word_1_516' title='bbox 1474 186 1654 228; x_wconf 72' lang='lat' dir='ltr'>Imperator</span> <span class='ocrx_word' id='word_1_517' title='bbox 1671 180 1885 219; x_wconf 76' lang='lat' dir='ltr'>Constantius</span> <span class='ocrx_word' id='word_1_518' title='bbox 1902 194 1910 217; x_wconf 73' lang='grc' dir='ltr'>ε</span> <span class='ocrx_word' id='word_1_519' title='bbox 1938 181 2145 222; x_wconf 69' lang='lat' dir='ltr'>Frmne&#39;n&#39;tium</span> 
     </span>
     <span class='ocr_line' id='line_1_75' title="bbox 1268 232 2146 280; baseline 0.005 -13"><span class='ocrx_word' id='word_1_520' title='bbox 1268 232 1444 278; x_wconf 66' lang='lat' dir='ltr'>Epistopum</span> <span class='ocrx_word' id='word_1_521' title='bbox 1465 236 1682 277; x_wconf 76' lang='lat' dir='ltr'>quamprimum</span> <span class='ocrx_word' id='word_1_522' title='bbox 1701 241 1733 268; x_wconf 85' lang='lat' dir='ltr'>in</span> <span class='ocrx_word' id='word_1_523' title='bbox 1754 238 1918 280; x_wconf 77' lang='lat' dir='ltr'>AEgyptum</span> <span class='ocrx_word' id='word_1_524' title='bbox 1935 237 2077 271; x_wconf 75' lang='lat' dir='ltr'>dimittite</span> <span class='ocrx_word' id='word_1_525' title='bbox 2101 240 2146 272; x_wconf 79' lang='lat' dir='ltr'>ad</span> 
     </span>
     <span class='ocr_line' id='line_1_76' title="bbox 1271 279 2146 331; baseline 0.003 -14"><span class='ocrx_word' id='word_1_526' title='bbox 1271 285 1541 324; x_wconf 58' lang='lat' dir='ltr'>Venerabiliffimum</span> <span class='ocrx_word' id='word_1_527' title='bbox 1560 287 1717 328; x_wconf 73' lang='lat' dir='ltr'>Georgium</span> <span class='ocrx_word' id='word_1_528' title='bbox 1727 299 1745 326; x_wconf 53' lang='lat'>‚*</span> <span class='ocrx_word' id='word_1_529' title='bbox 1765 286 1800 318; x_wconf 59' lang='grc' dir='ltr'>(ν</span> <span class='ocrx_word' id='word_1_530' title='bbox 1821 287 1895 319; x_wconf 81' lang='lat' dir='ltr'>alios</span> <span class='ocrx_word' id='word_1_531' title='bbox 1911 295 1968 328; x_wconf 88' lang='lat' dir='ltr'>per</span> <span class='ocrx_word' id='word_1_532' title='bbox 1980 279 2146 331; x_wconf 66' lang='lat' dir='ltr'>AEgyptum</span> 
     </span>
     <span class='ocr_line' id='line_1_77' title="bbox 1279 333 2207 380; baseline 0.005 -14"><span class='ocrx_word' id='word_1_533' title='bbox 1279 333 1435 378; x_wconf 63' lang='lat' dir='ltr'>Epist-opos</span> <span class='ocrx_word' id='word_1_534' title='bbox 1449 358 1459 374; x_wconf 90' lang='lat'>‚</span> <span class='ocrx_word' id='word_1_535' title='bbox 1483 337 1575 377; x_wconf 80' lang='lat' dir='ltr'>quiin</span> <span class='ocrx_word' id='word_1_536' title='bbox 1584 336 1722 367; x_wconf 82' lang='lat' dir='ltr'>creandis</span> <span class='ocrx_word' id='word_1_537' title='bbox 1735 347 1769 368; x_wconf 86' lang='lat' dir='ltr'>ac</span> <span class='ocrx_word' id='word_1_538' title='bbox 1777 336 1979 376; x_wconf 67' lang='lat' dir='ltr'>diiudicandis</span> <span class='ocrx_word' id='word_1_539' title='bbox 1989 336 2146 380; x_wconf 72' lang='lat' dir='ltr'>Epifiopis</span> <span class='ocrx_word' id='word_1_540' title='bbox 2203 369 2207 372; x_wconf 82' lang='grc'>,</span> 
     </span>
     <span class='ocr_line' id='line_1_78' title="bbox 1271 381 2146 427; baseline 0.005 -11"><span class='ocrx_word' id='word_1_541' title='bbox 1271 381 1638 426; x_wconf 71' lang='lat' dir='ltr'>sumnam-authoritatem</span> <span class='ocrx_word' id='word_1_542' title='bbox 1647 383 1764 418; x_wconf 84' lang='lat' dir='ltr'>habent.</span> <span class='ocrx_word' id='word_1_543' title='bbox 1791 384 1884 420; x_wconf 86' lang='lat' dir='ltr'>Audi</span> <span class='ocrx_word' id='word_1_544' title='bbox 1896 388 2026 422; x_wconf 87' lang='lat' dir='ltr'>causam</span> <span class='ocrx_word' id='word_1_545' title='bbox 2041 390 2146 427; x_wconf 76' lang='lat' dir='ltr'>:Scitis</span> 
     </span>
     <span class='ocr_line' id='line_1_79' title="bbox 1273 433 2148 478; baseline 0.002 -11"><span class='ocrx_word' id='word_1_546' title='bbox 1273 435 1307 467; x_wconf 59' lang='grc' dir='ltr'>(εἰ</span> <span class='ocrx_word' id='word_1_547' title='bbox 1317 434 1487 474; x_wconf 79' lang='lat' dir='ltr'>meministis</span> <span class='ocrx_word' id='word_1_548' title='bbox 1500 438 1709 467; x_wconf 86' lang='lat' dir='ltr'>Frumentium</span> <span class='ocrx_word' id='word_1_549' title='bbox 1717 433 1757 466; x_wconf 83' lang='lat' dir='ltr'>ab</span> <span class='ocrx_word' id='word_1_550' title='bbox 1765 434 2046 478; x_wconf 58' lang='lat' dir='ltr'>Arbanafiohomine</span> <span class='ocrx_word' id='word_1_551' title='bbox 2057 443 2148 470; x_wconf 87' lang='lat' dir='ltr'>omni-</span> 
     </span>
     <span class='ocr_line' id='line_1_80' title="bbox 1274 482 2150 530; baseline 0.003 -14"><span class='ocrx_word' id='word_1_552' title='bbox 1274 484 1329 517; x_wconf 87' lang='lat' dir='ltr'>bus</span> <span class='ocrx_word' id='word_1_553' title='bbox 1340 486 1427 518; x_wconf 81' lang='lat' dir='ltr'>malis</span> <span class='ocrx_word' id='word_1_554' title='bbox 1436 484 1557 518; x_wconf 83' lang='lat' dir='ltr'>obnoxio</span> <span class='ocrx_word' id='word_1_555' title='bbox 1569 490 1601 517; x_wconf 89' lang='lat' dir='ltr'>in</span> <span class='ocrx_word' id='word_1_556' title='bbox 1623 482 1700 516; x_wconf 80' lang='lat' dir='ltr'>hunc</span> <span class='ocrx_word' id='word_1_557' title='bbox 1717 486 1848 518; x_wconf 83' lang='lat' dir='ltr'>ordinem</span> <span class='ocrx_word' id='word_1_558' title='bbox 1867 493 1944 519; x_wconf 65' lang='grc' dir='ltr'><em>ὀἰνα-</em></span> <span class='ocrx_word' id='word_1_559' title='bbox 1963 487 2014 530; x_wconf 76' lang='lat' dir='ltr'>effe</span> <span class='ocrx_word' id='word_1_560' title='bbox 2033 496 2150 530; x_wconf 78' lang='lat' dir='ltr'>coapta-</span> 
     </span>
     <span class='ocr_line' id='line_1_81' title="bbox 1272 533 2151 579; baseline 0.006 -13"><span class='ocrx_word' id='word_1_561' title='bbox 1272 544 1343 567; x_wconf 88' lang='lat' dir='ltr'>tum.</span> <span class='ocrx_word' id='word_1_562' title='bbox 1364 535 1579 569; x_wconf 79' lang='lat' dir='ltr'>‹Frumentius</span> <span class='ocrx_word' id='word_1_563' title='bbox 1588 533 1718 569; x_wconf 73' lang='lat' dir='ltr'>fuerata</span> <span class='ocrx_word' id='word_1_564' title='bbox 1730 544 1852 579; x_wconf 75' lang='lat' dir='ltr'>magno</span> <span class='ocrx_word' id='word_1_565' title='bbox 1873 535 2052 571; x_wconf 78' lang='lat' dir='ltr'>Athanasio</span> <span class='ocrx_word' id='word_1_566' title='bbox 2074 548 2151 571; x_wconf 89' lang='lat' dir='ltr'>con-</span> 
     </span>
     <span class='ocr_line' id='line_1_82' title="bbox 1273 584 2152 630; baseline 0.005 -13"><span class='ocrx_word' id='word_1_567' title='bbox 1273 585 1410 619; x_wconf 83' lang='lat' dir='ltr'>secratus</span> <span class='ocrx_word' id='word_1_568' title='bbox 1431 585 1614 630; x_wconf 85' lang='lat' dir='ltr'>Episcopus</span> <span class='ocrx_word' id='word_1_569' title='bbox 1634 596 1641 616; x_wconf 89' lang='lat'><strong>:</strong></span> <span class='ocrx_word' id='word_1_570' title='bbox 1679 584 1772 618; x_wconf 90' lang='lat' dir='ltr'>Hinc</span> <span class='ocrx_word' id='word_1_571' title='bbox 1794 585 1902 627; x_wconf 84' lang='lat' dir='ltr'>ipsum</span> <span class='ocrx_word' id='word_1_572' title='bbox 1934 586 2152 621; x_wconf 87' lang='lat' dir='ltr'>Constantius</span> 
     </span>
     <span class='ocr_line' id='line_1_83' title="bbox 1273 633 2151 682; baseline 0.005 -15"><span class='ocrx_word' id='word_1_573' title='bbox 1273 633 1407 668; x_wconf 82' lang='lat' dir='ltr'>mandat</span> <span class='ocrx_word' id='word_1_574' title='bbox 1415 634 1532 670; x_wconf 84' lang='lat' dir='ltr'>deduci</span> <span class='ocrx_word' id='word_1_575' title='bbox 1553 634 1812 675; x_wconf 84' lang='lat' dir='ltr'>Alexandriam,</span> <span class='ocrx_word' id='word_1_576' title='bbox 1838 644 1874 668; x_wconf 91' lang='lat' dir='ltr'>ut</span> <span class='ocrx_word' id='word_1_577' title='bbox 1895 636 2043 682; x_wconf 85' lang='lat' dir='ltr'>Georgio</span> <span class='ocrx_word' id='word_1_578' title='bbox 2066 637 2151 680; x_wconf 86' lang='lat' dir='ltr'>Cap-</span> 
     </span>
     <span class='ocr_line' id='line_1_84' title="bbox 1274 683 2151 728; baseline 0.003 -10"><span class='ocrx_word' id='word_1_579' title='bbox 1274 684 1391 728; x_wconf 90' lang='lat' dir='ltr'>padoci</span> <span class='ocrx_word' id='word_1_580' title='bbox 1402 709 1413 725; x_wconf 91' lang='lat'><strong>,</strong></span> <span class='ocrx_word' id='word_1_581' title='bbox 1425 695 1523 728; x_wconf 87' lang='lat' dir='ltr'>quem</span> <span class='ocrx_word' id='word_1_582' title='bbox 1533 686 1568 720; x_wconf 87' lang='lat' dir='ltr'>in</span> <span class='ocrx_word' id='word_1_583' title='bbox 1581 683 1835 719; x_wconf 87' lang='lat' dir='ltr'>Patriarehalem</span> <span class='ocrx_word' id='word_1_584' title='bbox 1846 684 1994 719; x_wconf 85' lang='lat' dir='ltr'>damnati</span> <span class='ocrx_word' id='word_1_585' title='bbox 2006 685 2151 721; x_wconf 86' lang='lat' dir='ltr'>Athana·</span> 
     </span>
     <span class='ocr_line' id='line_1_85' title="bbox 1274 732 2153 778; baseline 0.001 -10"><span class='ocrx_word' id='word_1_586' title='bbox 1274 734 1306 768; x_wconf 89' lang='lat' dir='ltr'>sii</span> <span class='ocrx_word' id='word_1_587' title='bbox 1319 732 1502 769; x_wconf 89' lang='lat' dir='ltr'>Thronum</span> <span class='ocrx_word' id='word_1_588' title='bbox 1512 735 1682 770; x_wconf 85' lang='lat' dir='ltr'>intruserat</span> <span class='ocrx_word' id='word_1_589' title='bbox 1702 734 1886 769; x_wconf 82' lang='lat' dir='ltr'>Eusebiana</span> <span class='ocrx_word' id='word_1_590' title='bbox 1907 735 2030 776; x_wconf 54' lang='lat' dir='ltr'>faetida</span> <span class='ocrx_word' id='word_1_591' title='bbox 2056 735 2153 778; x_wconf 79' lang='lat' dir='ltr'>profi·</span> 
     </span>
     <span class='ocr_line' id='line_1_86' title="bbox 1274 779 2153 830; baseline 0.001 -13"><span class='ocrx_word' id='word_1_592' title='bbox 1274 793 1382 819; x_wconf 80' lang='lat' dir='ltr'>teatur</span> <span class='ocrx_word' id='word_1_593' title='bbox 1393 785 1426 819; x_wconf 90' lang='lat'>&amp;</span> <span class='ocrx_word' id='word_1_594' title='bbox 1443 786 1667 820; x_wconf 86' lang='lat' dir='ltr'>communicet</span> <span class='ocrx_word' id='word_1_595' title='bbox 1678 810 1689 827; x_wconf 92' lang='lat'><strong>,</strong></span> <span class='ocrx_word' id='word_1_596' title='bbox 1713 795 1770 820; x_wconf 90' lang='lat' dir='ltr'>aut</span> <span class='ocrx_word' id='word_1_597' title='bbox 1790 795 1958 830; x_wconf 89' lang='lat' dir='ltr'>tamquam</span> <span class='ocrx_word' id='word_1_598' title='bbox 1977 779 2153 829; x_wconf 72' lang='lat' dir='ltr'>perduellis</span> 
     </span>
     <span class='ocr_line' id='line_1_87' title="bbox 1274 833 2153 880; baseline 0.003 -13"><span class='ocrx_word' id='word_1_599' title='bbox 1274 833 1475 878; x_wconf 80' lang='lat' dir='ltr'>degradetur.</span> <span class='ocrx_word' id='word_1_600' title='bbox 1502 833 1733 870; x_wconf 83' lang='lat' dir='ltr'>Auxumitana</span> <span class='ocrx_word' id='word_1_601' title='bbox 1743 836 1858 870; x_wconf 88' lang='lat' dir='ltr'>civitas</span> <span class='ocrx_word' id='word_1_602' title='bbox 1867 847 2075 880; x_wconf 81' lang='lat' dir='ltr'>nequaquam</span> <span class='ocrx_word' id='word_1_603' title='bbox 2089 836 2153 870; x_wconf 83' lang='lat' dir='ltr'>fuit</span> 
     </span>
     <span class='ocr_line' id='line_1_88' title="bbox 1275 883 2153 932; baseline 0.001 -13"><span class='ocrx_word' id='word_1_604' title='bbox 1275 884 1308 916; x_wconf 83' lang='lat' dir='ltr'>in</span> <span class='ocrx_word' id='word_1_605' title='bbox 1320 883 1469 929; x_wconf 84' lang='lat' dir='ltr'>Augusta</span> <span class='ocrx_word' id='word_1_606' title='bbox 1478 883 1656 920; x_wconf 80' lang='lat' dir='ltr'>Provincia</span> <span class='ocrx_word' id='word_1_607' title='bbox 1666 909 1677 926; x_wconf 86' lang='lat'><strong>,</strong></span> <span class='ocrx_word' id='word_1_608' title='bbox 1703 885 1807 920; x_wconf 72' lang='lat' dir='ltr'>immo</span> <span class='ocrx_word' id='word_1_609' title='bbox 1819 896 1924 930; x_wconf 89' lang='lat' dir='ltr'>neque</span> <span class='ocrx_word' id='word_1_610' title='bbox 1935 887 1968 920; x_wconf 90' lang='lat' dir='ltr'>in</span> <span class='ocrx_word' id='word_1_611' title='bbox 1983 885 2153 932; x_wconf 86' lang='lat' dir='ltr'>AEgypto:</span> 
     </span>
     <span class='ocr_line' id='line_1_89' title="bbox 1275 932 2155 980; baseline 0.003 -13"><span class='ocrx_word' id='word_1_612' title='bbox 1275 932 1486 979; x_wconf 74' lang='lat' dir='ltr'>Estabyffinae</span> <span class='ocrx_word' id='word_1_613' title='bbox 1495 934 1678 980; x_wconf 77' lang='lat' dir='ltr'>AEthiopiae</span> <span class='ocrx_word' id='word_1_614' title='bbox 1687 936 1810 970; x_wconf 87' lang='lat' dir='ltr'>civitas.</span> <span class='ocrx_word' id='word_1_615' title='bbox 1838 938 1883 971; x_wconf 92' lang='lat' dir='ltr'>Et</span> <span class='ocrx_word' id='word_1_616' title='bbox 1904 935 1983 971; x_wconf 91' lang='lat' dir='ltr'>hinc</span> <span class='ocrx_word' id='word_1_617' title='bbox 2006 948 2061 980; x_wconf 87' lang='lat' dir='ltr'>per</span> <span class='ocrx_word' id='word_1_618' title='bbox 2083 936 2155 978; x_wconf 83' lang='lat' dir='ltr'>ejus</span> 
     </span>
     <span class='ocr_line' id='line_1_90' title="bbox 1275 983 2154 1031; baseline 0.005 -15"><span class='ocrx_word' id='word_1_619' title='bbox 1275 984 1340 1017; x_wconf 91' lang='lat' dir='ltr'>loci</span> <span class='ocrx_word' id='word_1_620' title='bbox 1351 983 1533 1026; x_wconf 77' lang='lat' dir='ltr'>Tyrannos</span> <span class='ocrx_word' id='word_1_621' title='bbox 1543 985 1662 1031; x_wconf 83' lang='lat' dir='ltr'>quibus</span> <span class='ocrx_word' id='word_1_622' title='bbox 1672 987 1823 1030; x_wconf 87' lang='lat' dir='ltr'>scriptam</span> <span class='ocrx_word' id='word_1_623' title='bbox 1832 986 1851 1020; x_wconf 77' lang='lat' dir='ltr'>a</span> <span class='ocrx_word' id='word_1_624' title='bbox 1865 985 2065 1021; x_wconf 86' lang='lat' dir='ltr'>Constantio</span> <span class='ocrx_word' id='word_1_625' title='bbox 2078 985 2154 1030; x_wconf 83' lang='lat' dir='ltr'>Epi-</span> 
     </span>
     <span class='ocr_line' id='line_1_91' title="bbox 1275 1033 2156 1081; baseline 0.007 -15"><span class='ocrx_word' id='word_1_626' title='bbox 1275 1033 1389 1067; x_wconf 82' lang='lat' dir='ltr'>stolam</span> <span class='ocrx_word' id='word_1_627' title='bbox 1402 1034 1540 1069; x_wconf 73' lang='lat' dir='ltr'>affirmat</span> <span class='ocrx_word' id='word_1_628' title='bbox 1549 1037 1674 1070; x_wconf 71' lang='lat' dir='ltr'>sanstus</span> <span class='ocrx_word' id='word_1_629' title='bbox 1686 1035 1883 1071; x_wconf 85' lang='lat' dir='ltr'>Athanasius</span> <span class='ocrx_word' id='word_1_630' title='bbox 1892 1061 1902 1078; x_wconf 90' lang='lat'>‚</span> <span class='ocrx_word' id='word_1_631' title='bbox 1922 1036 2156 1081; x_wconf 88' lang='lat' dir='ltr'>intelliguntur</span> 
     </span>
     <span class='ocr_line' id='line_1_92' title="bbox 1277 1082 2154 1133; baseline 0.005 -17"><span class='ocrx_word' id='word_1_632' title='bbox 1277 1083 1405 1117; x_wconf 84' lang='lat' dir='ltr'>Barbari</span> <span class='ocrx_word' id='word_1_633' title='bbox 1416 1082 1585 1127; x_wconf 84' lang='lat' dir='ltr'>Principes</span> <span class='ocrx_word' id='word_1_634' title='bbox 1597 1085 1730 1119; x_wconf 70' lang='lat' dir='ltr'>istarum</span> <span class='ocrx_word' id='word_1_635' title='bbox 1747 1087 1948 1133; x_wconf 85' lang='lat' dir='ltr'>Regionum.</span> <span class='ocrx_word' id='word_1_636' title='bbox 1975 1087 2020 1120; x_wconf 89' lang='lat' dir='ltr'>Et</span> <span class='ocrx_word' id='word_1_637' title='bbox 2037 1096 2154 1121; x_wconf 87' lang='lat' dir='ltr'>tamen</span> 
     </span>
     <span class='ocr_line' id='line_1_93' title="bbox 1276 1133 2156 1176; baseline 0.003 -9"><span class='ocrx_word' id='word_1_638' title='bbox 1276 1133 1366 1167; x_wconf 82' lang='lat' dir='ltr'>istius</span> <span class='ocrx_word' id='word_1_639' title='bbox 1403 1133 1544 1170; x_wconf 85' lang='lat' dir='ltr'>civitatis</span> <span class='ocrx_word' id='word_1_640' title='bbox 1581 1133 1782 1176; x_wconf 84' lang='lat' dir='ltr'>Episcopum</span> <span class='ocrx_word' id='word_1_641' title='bbox 1802 1137 2003 1171; x_wconf 65' lang='lat' dir='ltr'>consecravit</span> <span class='ocrx_word' id='word_1_642' title='bbox 2029 1137 2156 1171; x_wconf 67' lang='lat' dir='ltr'>sanstus</span> 
     </span>
     <span class='ocr_line' id='line_1_94' title="bbox 1277 1182 2157 1226; baseline 0.005 -10"><span class='ocrx_word' id='word_1_643' title='bbox 1277 1182 1488 1222; x_wconf 85' lang='lat' dir='ltr'>Athanasius,</span> <span class='ocrx_word' id='word_1_644' title='bbox 1515 1183 1550 1216; x_wconf 68' lang='grc' dir='ltr'>ὃς</span> <span class='ocrx_word' id='word_1_645' title='bbox 1559 1194 1617 1226; x_wconf 90' lang='lat' dir='ltr'>pro</span> <span class='ocrx_word' id='word_1_646' title='bbox 1629 1182 1819 1226; x_wconf 87' lang='lat' dir='ltr'>accipienda</span> <span class='ocrx_word' id='word_1_647' title='bbox 1830 1183 2096 1219; x_wconf 78' lang='lat' dir='ltr'>Consecrationis</span> <span class='ocrx_word' id='word_1_648' title='bbox 2104 1187 2157 1220; x_wconf 70' lang='lat' dir='ltr'>ra-</span> 
     </span>
     <span class='ocr_line' id='line_1_95' title="bbox 1275 1229 2159 1274; baseline 0.002 -7"><span class='ocrx_word' id='word_1_649' title='bbox 1275 1234 1455 1267; x_wconf 76' lang='lat' dir='ltr'>tificatione</span> <span class='ocrx_word' id='word_1_650' title='bbox 1465 1232 1645 1274; x_wconf 85' lang='lat' dir='ltr'>Imperator</span> <span class='ocrx_word' id='word_1_651' title='bbox 1655 1232 1871 1267; x_wconf 81' lang='lat' dir='ltr'>Constantius</span> <span class='ocrx_word' id='word_1_652' title='bbox 1890 1234 1977 1269; x_wconf 83' lang='lat' dir='ltr'>misit</span> <span class='ocrx_word' id='word_1_653' title='bbox 1996 1233 2037 1269; x_wconf 89' lang='lat' dir='ltr'>ad</span> <span class='ocrx_word' id='word_1_654' title='bbox 2059 1229 2159 1269; x_wconf 62' lang='lat' dir='ltr'>Pst&#39;u‘ss</span> 
     </span>
     <span class='ocr_line' id='line_1_96' title="bbox 1275 1280 2158 1331; baseline 0.001 -14"><span class='ocrx_word' id='word_1_655' title='bbox 1275 1280 1538 1327; x_wconf 87' lang='lat' dir='ltr'>dopatriarcham</span> <span class='ocrx_word' id='word_1_656' title='bbox 1549 1280 1733 1326; x_wconf 85' lang='lat' dir='ltr'>Georgium</span> <span class='ocrx_word' id='word_1_657' title='bbox 1748 1294 1755 1314; x_wconf 90' lang='lat'>:</span> <span class='ocrx_word' id='word_1_658' title='bbox 1767 1282 1870 1331; x_wconf 69' lang='lat' dir='ltr'>Quod</span> <span class='ocrx_word' id='word_1_659' title='bbox 1881 1283 1999 1328; x_wconf 73' lang='lat' dir='ltr'>nempe</span> <span class='ocrx_word' id='word_1_660' title='bbox 2012 1283 2158 1318; x_wconf 83' lang='lat' dir='ltr'>Alexan-</span> 
     </span>
     <span class='ocr_line' id='line_1_97' title="bbox 1275 1329 2159 1378; baseline 0.001 -11"><span class='ocrx_word' id='word_1_661' title='bbox 1275 1331 1546 1368; x_wconf 75' lang='lat' dir='ltr'>driaePatriarcha</span> <span class='ocrx_word' id='word_1_662' title='bbox 1556 1332 1591 1366; x_wconf 88' lang='lat' dir='ltr'>in</span> <span class='ocrx_word' id='word_1_663' title='bbox 1605 1329 1731 1365; x_wconf 65' lang='lat' dir='ltr'>cunetis</span> <span class='ocrx_word' id='word_1_664' title='bbox 1752 1343 1822 1366; x_wconf 88' lang='lat' dir='ltr'>non</span> <span class='ocrx_word' id='word_1_665' title='bbox 1843 1332 2079 1368; x_wconf 68' lang='lat' dir='ltr'>tantummodi:</span> <span class='ocrx_word' id='word_1_666' title='bbox 2100 1345 2159 1378; x_wconf 73' lang='lat' dir='ltr'>pet</span> 
     </span>
     <span class='ocr_line' id='line_1_98' title="bbox 1276 1381 2157 1430; baseline 0.003 -14"><span class='ocrx_word' id='word_1_667' title='bbox 1276 1383 1466 1430; x_wconf 85' lang='lat' dir='ltr'>AEgyptum</span> <span class='ocrx_word' id='word_1_668' title='bbox 1476 1407 1486 1422; x_wconf 93' lang='lat'>,</span> <span class='ocrx_word' id='word_1_669' title='bbox 1498 1381 1550 1416; x_wconf 86' lang='lat' dir='ltr'>sed</span> <span class='ocrx_word' id='word_1_670' title='bbox 1560 1382 1594 1416; x_wconf 75' lang='grc' dir='ltr'>δε</span> <span class='ocrx_word' id='word_1_671' title='bbox 1603 1394 1659 1425; x_wconf 89' lang='lat' dir='ltr'>per</span> <span class='ocrx_word' id='word_1_672' title='bbox 1671 1393 1806 1416; x_wconf 85' lang='lat' dir='ltr'>omnem</span> <span class='ocrx_word' id='word_1_673' title='bbox 1818 1382 2030 1427; x_wconf 83' lang='lat' dir='ltr'>AEthiopiam</span> <span class='ocrx_word' id='word_1_674' title='bbox 2043 1385 2157 1419; x_wconf 85' lang='lat' dir='ltr'>conso·</span> 
     </span>
     <span class='ocr_line' id='line_1_99' title="bbox 1275 1430 2157 1478; baseline -0.001 -9"><span class='ocrx_word' id='word_1_675' title='bbox 1275 1434 1403 1469; x_wconf 82' lang='lat' dir='ltr'>crandis</span> <span class='ocrx_word' id='word_1_676' title='bbox 1422 1434 1522 1468; x_wconf 88' lang='lat' dir='ltr'>etiam</span> <span class='ocrx_word' id='word_1_677' title='bbox 1543 1432 1808 1468; x_wconf 85' lang='lat' dir='ltr'>Provincialibus</span> <span class='ocrx_word' id='word_1_678' title='bbox 1830 1433 1999 1478; x_wconf 88' lang='lat' dir='ltr'>Episcopis</span> <span class='ocrx_word' id='word_1_679' title='bbox 2022 1430 2157 1468; x_wconf 85' lang='lat' dir='ltr'>haberet</span> 
     </span>
     <span class='ocr_line' id='line_1_100' title="bbox 1276 1481 2156 1528; baseline 0.001 -10"><span class='ocrx_word' id='word_1_680' title='bbox 1276 1487 1434 1520; x_wconf 87' lang='lat' dir='ltr'>summam</span> <span class='ocrx_word' id='word_1_681' title='bbox 1445 1496 1483 1520; x_wconf 90' lang='lat' dir='ltr'>ac</span> <span class='ocrx_word' id='word_1_682' title='bbox 1493 1495 1628 1520; x_wconf 87' lang='lat' dir='ltr'>omnem</span> <span class='ocrx_word' id='word_1_683' title='bbox 1641 1486 1875 1519; x_wconf 62' lang='lat' dir='ltr'>auctoritatem.</span> <span class='ocrx_word' id='word_1_684' title='bbox 1903 1484 2005 1519; x_wconf 81' lang='lat' dir='ltr'>Extat</span> <span class='ocrx_word' id='word_1_685' title='bbox 2016 1481 2156 1528; x_wconf 69' lang='lat' dir='ltr'>epistola</span> 
     </span>
     <span class='ocr_line' id='line_1_101' title="bbox 1276 1534 1928 1581; baseline -0.002 -11"><span class='ocrx_word' id='word_1_686' title='bbox 1276 1536 1309 1570; x_wconf 85' lang='lat' dir='ltr'>in</span> <span class='ocrx_word' id='word_1_687' title='bbox 1323 1536 1422 1580; x_wconf 88' lang='lat' dir='ltr'>priori</span> <span class='ocrx_word' id='word_1_688' title='bbox 1433 1535 1602 1581; x_wconf 84' lang='lat' dir='ltr'>Apologia</span> <span class='ocrx_word' id='word_1_689' title='bbox 1613 1535 1734 1569; x_wconf 87' lang='lat' dir='ltr'>laudati</span> <span class='ocrx_word' id='word_1_690' title='bbox 1747 1534 1928 1574; x_wconf 84' lang='lat' dir='ltr'>Athanasii.</span> 
     </span>
    </p>

    <p class='ocr_par' dir='ltr' id='par_1_14' title="bbox 1276 1583 2172 2628">
     <span class='ocr_line' id='line_1_102' title="bbox 1324 1583 2155 1632; baseline -0.006 -10"><span class='ocrx_word' id='word_1_691' title='bbox 1324 1588 1377 1622; x_wconf 86' lang='lat' dir='ltr'>Ex</span> <span class='ocrx_word' id='word_1_692' title='bbox 1389 1587 1504 1621; x_wconf 78' lang='lat' dir='ltr'>eadem</span> <span class='ocrx_word' id='word_1_693' title='bbox 1526 1585 1655 1632; x_wconf 79' lang='lat' dir='ltr'>Regula</span> <span class='ocrx_word' id='word_1_694' title='bbox 1677 1585 1834 1619; x_wconf 88' lang='lat' dir='ltr'>Arsenius</span> <span class='ocrx_word' id='word_1_695' title='bbox 1852 1585 2100 1629; x_wconf 85' lang='lat' dir='ltr'>Hypselitarum</span> <span class='ocrx_word' id='word_1_696' title='bbox 2118 1583 2155 1618; x_wconf 84' lang='lat' dir='ltr'>in</span> 
     </span>
     <span class='ocr_line' id='line_1_103' title="bbox 1277 1634 2156 1682; baseline -0.007 -10"><span class='ocrx_word' id='word_1_697' title='bbox 1277 1638 1518 1682; x_wconf 85' lang='lat' dir='ltr'>Lycopolitana</span> <span class='ocrx_word' id='word_1_698' title='bbox 1537 1636 1733 1671; x_wconf 88' lang='lat' dir='ltr'>Thebaidos</span> <span class='ocrx_word' id='word_1_699' title='bbox 1753 1634 1927 1671; x_wconf 88' lang='lat' dir='ltr'>Provincia</span> <span class='ocrx_word' id='word_1_700' title='bbox 1950 1635 2132 1679; x_wconf 87' lang='lat' dir='ltr'>Episcopus</span> <span class='ocrx_word' id='word_1_701' title='bbox 2144 1658 2156 1674; x_wconf 89' lang='lat'>,</span> 
     </span>
     <span class='ocr_line' id='line_1_104' title="bbox 1277 1685 2163 1735; baseline -0.005 -13"><span class='ocrx_word' id='word_1_702' title='bbox 1277 1687 1379 1723; x_wconf 87' lang='lat' dir='ltr'>homo</span> <span class='ocrx_word' id='word_1_703' title='bbox 1391 1687 1564 1722; x_wconf 84' lang='lat' dir='ltr'>Meletiani</span> <span class='ocrx_word' id='word_1_704' title='bbox 1593 1685 1794 1729; x_wconf 86' lang='lat' dir='ltr'>schismatis,</span> <span class='ocrx_word' id='word_1_705' title='bbox 1820 1687 1900 1722; x_wconf 90' lang='lat' dir='ltr'>dum</span> <span class='ocrx_word' id='word_1_706' title='bbox 1923 1686 1963 1720; x_wconf 79' lang='lat' dir='ltr'>ad</span> <span class='ocrx_word' id='word_1_707' title='bbox 1976 1685 2163 1735; x_wconf 56' lang='lat' dir='ltr'>Ecclefiaq</span> 
     </span>
     <span class='ocr_line' id='line_1_105' title="bbox 1276 1732 2158 1783; baseline -0.005 -10"><span class='ocrx_word' id='word_1_708' title='bbox 1276 1739 1370 1773; x_wconf 89' lang='lat' dir='ltr'>rediit</span> <span class='ocrx_word' id='word_1_709' title='bbox 1383 1764 1393 1779; x_wconf 90' lang='lat'>,</span> <span class='ocrx_word' id='word_1_710' title='bbox 1420 1739 1599 1773; x_wconf 86' lang='lat' dir='ltr'>solemnem</span> <span class='ocrx_word' id='word_1_711' title='bbox 1608 1737 1804 1772; x_wconf 56' lang='lat' dir='ltr'>obedientiae</span> <span class='ocrx_word' id='word_1_712' title='bbox 1820 1737 2049 1780; x_wconf 75' lang='lat' dir='ltr'>professionem</span> <span class='ocrx_word' id='word_1_713' title='bbox 2070 1732 2158 1783; x_wconf 58' lang='lat' dir='ltr'>misit</span> 
     </span>
     <span class='ocr_line' id='line_1_106' title="bbox 1277 1780 2157 1830; baseline -0.008 -7"><span class='ocrx_word' id='word_1_714' title='bbox 1277 1789 1316 1823; x_wconf 83' lang='lat' dir='ltr'>ad</span> <span class='ocrx_word' id='word_1_715' title='bbox 1329 1788 1543 1823; x_wconf 76' lang='lat' dir='ltr'>Athanasium</span> <span class='ocrx_word' id='word_1_716' title='bbox 1556 1812 1567 1826; x_wconf 94' lang='lat'>,</span> <span class='ocrx_word' id='word_1_717' title='bbox 1591 1800 1630 1821; x_wconf 81' lang='lat' dir='ltr'>ac</span> <span class='ocrx_word' id='word_1_718' title='bbox 1642 1788 1697 1830; x_wconf 86' lang='lat' dir='ltr'>ipsi</span> <span class='ocrx_word' id='word_1_719' title='bbox 1705 1787 1797 1820; x_wconf 89' lang='lat' dir='ltr'>dedit</span> <span class='ocrx_word' id='word_1_720' title='bbox 1818 1785 1904 1819; x_wconf 83' lang='lat' dir='ltr'>hanc</span> <span class='ocrx_word' id='word_1_721' title='bbox 1925 1780 2157 1829; x_wconf 78' lang='lat' dir='ltr'>Epigraphen:</span> 
     </span>
     <span class='ocr_line' id='line_1_107' title="bbox 1278 1832 2157 1879; baseline -0.006 -9"><span class='ocrx_word' id='word_1_722' title='bbox 1278 1837 1432 1878; x_wconf 79' lang='lat' dir='ltr'>Athanafio</span> <span class='ocrx_word' id='word_1_723' title='bbox 1444 1837 1597 1877; x_wconf 81' lang='lat' dir='ltr'>beanffimo</span> <span class='ocrx_word' id='word_1_724' title='bbox 1607 1836 1742 1879; x_wconf 80' lang='lat' dir='ltr'>Pontifici</span> <span class='ocrx_word' id='word_1_725' title='bbox 1753 1834 1892 1879; x_wconf 79' lang='lat' dir='ltr'>Arsenius</span> <span class='ocrx_word' id='word_1_726' title='bbox 1905 1832 2071 1876; x_wconf 60' lang='lat' dir='ltr'>Epist-opus</span> <span class='ocrx_word' id='word_1_727' title='bbox 2081 1837 2157 1866; x_wconf 84' lang='lat' dir='ltr'>civi-</span> 
     </span>
     <span class='ocr_line' id='line_1_108' title="bbox 1278 1882 2164 1934; baseline -0.008 -13"><span class='ocrx_word' id='word_1_728' title='bbox 1278 1894 1351 1921; x_wconf 77' lang='lat' dir='ltr'>tatis</span> <span class='ocrx_word' id='word_1_729' title='bbox 1364 1885 1600 1931; x_wconf 52' lang='lat' dir='ltr'>affilitarum,</span> <span class='ocrx_word' id='word_1_730' title='bbox 1627 1892 1673 1919; x_wconf 81' lang='lat' dir='ltr'>cui</span> <span class='ocrx_word' id='word_1_731' title='bbox 1695 1886 1857 1927; x_wconf 83' lang='lat' dir='ltr'>aliquando</span> <span class='ocrx_word' id='word_1_732' title='bbox 1860 1882 1991 1927; x_wconf 82' lang='lat' dir='ltr'>praefuit</span> <span class='ocrx_word' id='word_1_733' title='bbox 2007 1883 2164 1934; x_wconf 53' lang='lat' dir='ltr'>Meletius3</span> 
     </span>
     <span class='ocr_line' id='line_1_109' title="bbox 1279 1932 2158 1984; baseline -0.008 -13"><span class='ocrx_word' id='word_1_734' title='bbox 1279 1937 1563 1984; x_wconf 75' lang='lat' dir='ltr'>Qualemcumque</span> <span class='ocrx_word' id='word_1_735' title='bbox 1573 1934 1702 1969; x_wconf 87' lang='lat' dir='ltr'>Meletii</span> <span class='ocrx_word' id='word_1_736' title='bbox 1715 1933 1951 1968; x_wconf 80' lang='lat' dir='ltr'>Praefidentiam</span> <span class='ocrx_word' id='word_1_737' title='bbox 1968 1932 2158 1967; x_wconf 85' lang='lat' dir='ltr'>nullatenus</span> 
     </span>
     <span class='ocr_line' id='line_1_110' title="bbox 1278 1982 2164 2033; baseline -0.006 -13"><span class='ocrx_word' id='word_1_738' title='bbox 1278 1987 1411 2020; x_wconf 85' lang='lat' dir='ltr'>damnat</span> <span class='ocrx_word' id='word_1_739' title='bbox 1433 1997 1440 2017; x_wconf 89' lang='lat'>:</span> <span class='ocrx_word' id='word_1_740' title='bbox 1468 1984 1626 2019; x_wconf 82' lang='lat' dir='ltr'>Meletius</span> <span class='ocrx_word' id='word_1_741' title='bbox 1637 1985 1728 2018; x_wconf 91' lang='lat' dir='ltr'>enim</span> <span class='ocrx_word' id='word_1_742' title='bbox 1740 1982 1882 2019; x_wconf 66' lang='lat' dir='ltr'>omnine&gt;</span> <span class='ocrx_word' id='word_1_743' title='bbox 1892 1985 1998 2018; x_wconf 90' lang='lat' dir='ltr'>fuerat</span> <span class='ocrx_word' id='word_1_744' title='bbox 2007 1993 2104 2024; x_wconf 40' lang='lat' dir='ltr'>verus,</span> <span class='ocrx_word' id='word_1_745' title='bbox 2116 1992 2164 2033; x_wconf 27' lang='lat' dir='ltr'>acm</span> 
     </span>
     <span class='ocr_line' id='line_1_111' title="bbox 1279 2033 2157 2080; baseline -0.003 -12"><span class='ocrx_word' id='word_1_746' title='bbox 1279 2036 1445 2080; x_wconf 88' lang='lat' dir='ltr'>legitimus</span> <span class='ocrx_word' id='word_1_747' title='bbox 1456 2035 1547 2068; x_wconf 90' lang='lat' dir='ltr'>istius</span> <span class='ocrx_word' id='word_1_748' title='bbox 1559 2034 1740 2069; x_wconf 86' lang='lat' dir='ltr'>Provinciae</span> <span class='ocrx_word' id='word_1_749' title='bbox 1749 2033 1976 2079; x_wconf 86' lang='lat' dir='ltr'>Metropolita.</span> <span class='ocrx_word' id='word_1_750' title='bbox 2004 2034 2157 2069; x_wconf 84' lang='lat' dir='ltr'>Damnat</span> 
     </span>
     <span class='ocr_line' id='line_1_112' title="bbox 1278 2082 2156 2129; baseline -0.003 -11"><span class='ocrx_word' id='word_1_751' title='bbox 1278 2085 1487 2120; x_wconf 77' lang='lat' dir='ltr'>Praefidentiae</span> <span class='ocrx_word' id='word_1_752' title='bbox 1495 2084 1679 2125; x_wconf 76' lang='lat' dir='ltr'>excessum,</span> <span class='ocrx_word' id='word_1_753' title='bbox 1705 2096 1772 2129; x_wconf 90' lang='lat' dir='ltr'>quo</span> <span class='ocrx_word' id='word_1_754' title='bbox 1789 2086 1864 2119; x_wconf 91' lang='lat' dir='ltr'>suos</span> <span class='ocrx_word' id='word_1_755' title='bbox 1885 2082 2156 2128; x_wconf 84' lang='lat' dir='ltr'>Comprovincia-</span> 
     </span>
     <span class='ocr_line' id='line_1_113' title="bbox 1278 2133 2172 2180; baseline -0.004 -10"><span class='ocrx_word' id='word_1_756' title='bbox 1278 2136 1324 2170; x_wconf 92' lang='lat' dir='ltr'>les</span> <span class='ocrx_word' id='word_1_757' title='bbox 1347 2136 1528 2180; x_wconf 90' lang='lat' dir='ltr'>Episcopos</span> <span class='ocrx_word' id='word_1_758' title='bbox 1537 2135 1724 2170; x_wconf 87' lang='lat' dir='ltr'>consecrare</span> <span class='ocrx_word' id='word_1_759' title='bbox 1739 2135 1975 2179; x_wconf 59' lang='lat' dir='ltr'>praesumpserat</span> <span class='ocrx_word' id='word_1_760' title='bbox 1994 2158 2005 2174; x_wconf 91' lang='lat'><strong>,</strong></span> <span class='ocrx_word' id='word_1_761' title='bbox 2030 2133 2063 2167; x_wconf 74' lang='grc' dir='ltr'>δε</span> <span class='ocrx_word' id='word_1_762' title='bbox 2083 2143 2172 2176; x_wconf 89' lang='lat' dir='ltr'>pro--</span> 
     </span>
     <span class='ocr_line' id='line_1_114' title="bbox 1279 2182 2154 2234; baseline -0.005 -14"><span class='ocrx_word' id='word_1_763' title='bbox 1279 2187 1389 2220; x_wconf 90' lang='lat' dir='ltr'>fitetur</span> <span class='ocrx_word' id='word_1_764' title='bbox 1409 2185 1495 2219; x_wconf 89' lang='lat' dir='ltr'>istud</span> <span class='ocrx_word' id='word_1_765' title='bbox 1519 2185 1570 2234; x_wconf 71' lang='lat' dir='ltr'>jus</span> <span class='ocrx_word' id='word_1_766' title='bbox 1590 2197 1679 2219; x_wconf 90' lang='lat' dir='ltr'>nunc</span> <span class='ocrx_word' id='word_1_767' title='bbox 1690 2186 1826 2228; x_wconf 69' lang='lat' dir='ltr'>speEbre</span> <span class='ocrx_word' id='word_1_768' title='bbox 1849 2183 1890 2219; x_wconf 87' lang='lat' dir='ltr'>ad</span> <span class='ocrx_word' id='word_1_769' title='bbox 1911 2182 2154 2222; x_wconf 74' lang='lat' dir='ltr'>Athanasium,</span> 
     </span>
     <span class='ocr_line' id='line_1_115' title="bbox 1278 2233 2158 2278; baseline -0.003 -9"><span class='ocrx_word' id='word_1_770' title='bbox 1278 2236 1311 2269; x_wconf 87' lang='lat'>&amp;</span> <span class='ocrx_word' id='word_1_771' title='bbox 1329 2235 1370 2270; x_wconf 88' lang='lat' dir='ltr'>ad</span> <span class='ocrx_word' id='word_1_772' title='bbox 1389 2234 1458 2278; x_wconf 83' lang='lat' dir='ltr'>ejus</span> <span class='ocrx_word' id='word_1_773' title='bbox 1480 2236 1516 2269; x_wconf 91' lang='lat' dir='ltr'>in</span> <span class='ocrx_word' id='word_1_774' title='bbox 1542 2233 1767 2269; x_wconf 88' lang='lat' dir='ltr'>Patriarchatu</span> <span class='ocrx_word' id='word_1_775' title='bbox 1799 2234 2048 2269; x_wconf 80' lang='lat' dir='ltr'>Praedeceffores</span> <span class='ocrx_word' id='word_1_776' title='bbox 2075 2233 2158 2266; x_wconf 87' lang='lat' dir='ltr'>sem·</span> 
     </span>
     <span class='ocr_line' id='line_1_116' title="bbox 1279 2282 2158 2330; baseline -0.006 -11"><span class='ocrx_word' id='word_1_777' title='bbox 1279 2297 1334 2328; x_wconf 88' lang='lat' dir='ltr'>per</span> <span class='ocrx_word' id='word_1_778' title='bbox 1354 2286 1514 2329; x_wconf 69' lang='lat' dir='ltr'>speEtaffe.</span> <span class='ocrx_word' id='word_1_779' title='bbox 1542 2286 1636 2319; x_wconf 90' lang='lat' dir='ltr'>Hinc</span> <span class='ocrx_word' id='word_1_780' title='bbox 1660 2286 1766 2330; x_wconf 88' lang='lat' dir='ltr'>pergit</span> <span class='ocrx_word' id='word_1_781' title='bbox 1788 2285 1857 2328; x_wconf 80' lang='lat' dir='ltr'>ejus</span> <span class='ocrx_word' id='word_1_782' title='bbox 1878 2284 2015 2328; x_wconf 88' lang='lat' dir='ltr'>epistola</span> <span class='ocrx_word' id='word_1_783' title='bbox 2038 2309 2044 2315; x_wconf 89' lang='lat'><em>.</em></span> <span class='ocrx_word' id='word_1_784' title='bbox 2078 2282 2158 2315; x_wconf 78' lang='lat' dir='ltr'>&#39;Pro-</span> 
     </span>
     <span class='ocr_line' id='line_1_117' title="bbox 1278 2331 2153 2378; baseline -0.005 -10"><span class='ocrx_word' id='word_1_785' title='bbox 1278 2341 1428 2369; x_wconf 84' lang='lat' dir='ltr'>mittimus</span> <span class='ocrx_word' id='word_1_786' title='bbox 1450 2337 1528 2368; x_wconf 71' lang='lat' dir='ltr'>citrei</span> <span class='ocrx_word' id='word_1_787' title='bbox 1556 2341 1600 2369; x_wconf 84' lang='lat' dir='ltr'>tui</span> <span class='ocrx_word' id='word_1_788' title='bbox 1630 2334 1847 2377; x_wconf 70' lang='lat' dir='ltr'>Metropolitum</span> <span class='ocrx_word' id='word_1_789' title='bbox 1871 2333 2012 2378; x_wconf 73' lang='lat' dir='ltr'>Epist-opi</span> <span class='ocrx_word' id='word_1_790' title='bbox 2031 2331 2153 2376; x_wconf 69' lang='lat' dir='ltr'>senten-</span> 
     </span>
     <span class='ocr_line' id='line_1_118' title="bbox 1280 2383 2157 2429; baseline -0.003 -11"><span class='ocrx_word' id='word_1_791' title='bbox 1280 2392 1355 2420; x_wconf 79' lang='lat' dir='ltr'>tiam</span> <span class='ocrx_word' id='word_1_792' title='bbox 1366 2386 1478 2419; x_wconf 89' lang='lat' dir='ltr'>nullum</span> <span class='ocrx_word' id='word_1_793' title='bbox 1497 2387 1534 2418; x_wconf 86' lang='lat' dir='ltr'>de</span> <span class='ocrx_word' id='word_1_794' title='bbox 1545 2389 1576 2418; x_wconf 88' lang='lat' dir='ltr'>E</span> <span class='ocrx_word' id='word_1_795' title='bbox 1573 2383 1702 2428; x_wconf 84' lang='lat' dir='ltr'>piscopis</span> <span class='ocrx_word' id='word_1_796' title='bbox 1712 2395 1767 2419; x_wconf 84' lang='lat' dir='ltr'>aut</span> <span class='ocrx_word' id='word_1_797' title='bbox 1779 2386 1836 2418; x_wconf 87' lang='lat' dir='ltr'>alio</span> <span class='ocrx_word' id='word_1_798' title='bbox 1847 2388 1994 2429; x_wconf 85' lang='lat' dir='ltr'>Dogmate</span> <span class='ocrx_word' id='word_1_799' title='bbox 2010 2387 2157 2416; x_wconf 77' lang='lat' dir='ltr'>communi</span> 
     </span>
     <span class='ocr_line' id='line_1_119' title="bbox 1280 2433 2158 2477; baseline -0.003 -7"><span class='ocrx_word' id='word_1_800' title='bbox 1280 2438 1313 2470; x_wconf 59' lang='lat'>(5</span> <span class='ocrx_word' id='word_1_801' title='bbox 1336 2434 1524 2477; x_wconf 82' lang='lat' dir='ltr'>Ecclefiastico</span> <span class='ocrx_word' id='word_1_802' title='bbox 1544 2438 1703 2469; x_wconf 85' lang='lat' dir='ltr'>Decretum</span> <span class='ocrx_word' id='word_1_803' title='bbox 1723 2436 1855 2470; x_wconf 82' lang='lat' dir='ltr'>edituros</span> <span class='ocrx_word' id='word_1_804' title='bbox 1868 2459 1879 2475; x_wconf 95' lang='lat'><strong><em>,</em></strong></span> <span class='ocrx_word' id='word_1_805' title='bbox 1900 2433 1959 2477; x_wconf 85' lang='lat' dir='ltr'>sed</span> <span class='ocrx_word' id='word_1_806' title='bbox 1967 2433 2084 2477; x_wconf 81' lang='lat' dir='ltr'>ceffuros</span> <span class='ocrx_word' id='word_1_807' title='bbox 2099 2436 2158 2467; x_wconf 62' lang='lat' dir='ltr'>Cv-</span> 
     </span>
     <span class='ocr_line' id='line_1_120' title="bbox 1280 2483 2158 2528; baseline -0.003 -10"><span class='ocrx_word' id='word_1_808' title='bbox 1280 2486 1403 2519; x_wconf 81' lang='lat' dir='ltr'>nonibus</span> <span class='ocrx_word' id='word_1_809' title='bbox 1426 2495 1498 2519; x_wconf 87' lang='lat' dir='ltr'>ante</span> <span class='ocrx_word' id='word_1_810' title='bbox 1517 2483 1660 2528; x_wconf 75' lang='lat' dir='ltr'>siefieptis</span> <span class='ocrx_word' id='word_1_811' title='bbox 1687 2510 1698 2526; x_wconf 89' lang='lat'>‚</span> <span class='ocrx_word' id='word_1_812' title='bbox 1734 2487 1778 2518; x_wconf 88' lang='lat' dir='ltr'>ad</span> <span class='ocrx_word' id='word_1_813' title='bbox 1807 2485 1959 2526; x_wconf 82' lang='lat' dir='ltr'>exemplar</span> <span class='ocrx_word' id='word_1_814' title='bbox 1981 2484 2016 2517; x_wconf 58' lang='grc' dir='ltr'>Θ</span> <span class='ocrx_word' id='word_1_815' title='bbox 2040 2483 2158 2515; x_wconf 74' lang='lat' dir='ltr'>modum</span> 
     </span>
     <span class='ocr_line' id='line_1_121' title="bbox 1280 2532 2158 2579; baseline -0.005 -11"><span class='ocrx_word' id='word_1_816' title='bbox 1280 2534 1511 2579; x_wconf 72' lang='lat' dir='ltr'>Epiftoporum,</span> <span class='ocrx_word' id='word_1_817' title='bbox 1537 2539 1724 2569; x_wconf 75' lang='lat' dir='ltr'>Ammoniam·</span> <span class='ocrx_word' id='word_1_818' title='bbox 1737 2559 1747 2575; x_wconf 85' lang='lat'>‚</span> <span class='ocrx_word' id='word_1_819' title='bbox 1772 2538 1922 2575; x_wconf 80' lang='lat' dir='ltr'>Tyranni,</span> <span class='ocrx_word' id='word_1_820' title='bbox 1949 2532 2100 2575; x_wconf 83' lang='lat' dir='ltr'>Plufiani‚</span> <span class='ocrx_word' id='word_1_821' title='bbox 2123 2532 2158 2565; x_wconf 69' lang='grc' dir='ltr'>ὑ·</span> 
     </span>
     <span class='ocr_line' id='line_1_122' title="bbox 1280 2581 2159 2628; baseline -0.001 -11"><span class='ocrx_word' id='word_1_822' title='bbox 1280 2587 1455 2628; x_wconf 86' lang='lat' dir='ltr'>reliquorum</span> <span class='ocrx_word' id='word_1_823' title='bbox 1477 2584 1693 2628; x_wconf 81' lang='lat' dir='ltr'>Episcoporum.</span> <span class='ocrx_word' id='word_1_824' title='bbox 1720 2585 1953 2619; x_wconf 77' lang='lat' dir='ltr'>Profiteturac</span> <span class='ocrx_word' id='word_1_825' title='bbox 1974 2581 2112 2626; x_wconf 89' lang='lat' dir='ltr'>spondet</span> <span class='ocrx_word' id='word_1_826' title='bbox 2126 2581 2159 2616; x_wconf 83' lang='lat' dir='ltr'>se</span> 
     </span>
    </p>
   </div>
   <div class='ocr_carea' id='block_1_13' title="bbox 1282 2631 2227 2678">
    <p class='ocr_par' dir='ltr' id='par_1_15' title="bbox 1282 2631 2227 2678">
     <span class='ocr_line' id='line_1_123' title="bbox 1282 2631 2227 2678; baseline -0.003 -11"><span class='ocrx_word' id='word_1_827' title='bbox 1282 2647 1350 2668; x_wconf 92' lang='lat' dir='ltr'>non</span> <span class='ocrx_word' id='word_1_828' title='bbox 1361 2636 1594 2669; x_wconf 87' lang='lat' dir='ltr'>consensurum</span> <span class='ocrx_word' id='word_1_829' title='bbox 1606 2636 1640 2668; x_wconf 91' lang='lat' dir='ltr'>in</span> <span class='ocrx_word' id='word_1_830' title='bbox 1651 2635 1750 2668; x_wconf 87' lang='lat' dir='ltr'>ullius</span> <span class='ocrx_word' id='word_1_831' title='bbox 1761 2634 1916 2678; x_wconf 84' lang='lat' dir='ltr'>Episcopi</span> <span class='ocrx_word' id='word_1_832' title='bbox 1929 2631 2159 2667; x_wconf 87' lang='lat' dir='ltr'>Consecratio-</span> <span class='ocrx_word' id='word_1_833' title='bbox 2225 2670 2227 2672; x_wconf 33' lang='grc'>,</span> 
     </span>
    </p>
   </div>
   <div class='ocr_carea' id='block_1_14' title="bbox 1280 2680 2163 3471">
    <p class='ocr_par' dir='ltr' id='par_1_16' title="bbox 1280 2680 2163 3471">
     <span class='ocr_line' id='line_1_124' title="bbox 1281 2680 2160 2728; baseline -0.008 -9"><span class='ocrx_word' id='word_1_834' title='bbox 1281 2696 1357 2719; x_wconf 89' lang='lat' dir='ltr'>nem</span> <span class='ocrx_word' id='word_1_835' title='bbox 1369 2709 1379 2725; x_wconf 88' lang='lat'>‚</span> <span class='ocrx_word' id='word_1_836' title='bbox 1407 2685 1464 2717; x_wconf 85' lang='lat' dir='ltr'>nisi</span> <span class='ocrx_word' id='word_1_837' title='bbox 1483 2696 1582 2728; x_wconf 87' lang='lat' dir='ltr'>quem</span> <span class='ocrx_word' id='word_1_838' title='bbox 1604 2685 1786 2727; x_wconf 85' lang='lat' dir='ltr'>probaverit</span> <span class='ocrx_word' id='word_1_839' title='bbox 1805 2683 1966 2718; x_wconf 81' lang='lat' dir='ltr'>sententia</span> <span class='ocrx_word' id='word_1_840' title='bbox 1985 2680 2160 2716; x_wconf 78' lang='lat' dir='ltr'>Athanasii</span> 
     </span>
     <span class='ocr_line' id='line_1_125' title="bbox 1281 2729 2156 2778; baseline -0.008 -9"><span class='ocrx_word' id='word_1_841' title='bbox 1281 2734 1507 2778; x_wconf 88' lang='lat' dir='ltr'>Metropolitae</span> <span class='ocrx_word' id='word_1_842' title='bbox 1517 2759 1528 2774; x_wconf 90' lang='lat'>,</span> <span class='ocrx_word' id='word_1_843' title='bbox 1555 2734 1589 2768; x_wconf 88' lang='lat' dir='ltr'>id</span> <span class='ocrx_word' id='word_1_844' title='bbox 1600 2735 1645 2768; x_wconf 90' lang='lat' dir='ltr'>est</span> <span class='ocrx_word' id='word_1_845' title='bbox 1654 2759 1664 2774; x_wconf 94' lang='lat'>,</span> <span class='ocrx_word' id='word_1_846' title='bbox 1691 2735 1750 2767; x_wconf 86' lang='lat' dir='ltr'>nisi</span> <span class='ocrx_word' id='word_1_847' title='bbox 1763 2746 1861 2778; x_wconf 89' lang='lat' dir='ltr'>quem</span> <span class='ocrx_word' id='word_1_848' title='bbox 1883 2734 1949 2777; x_wconf 88' lang='lat' dir='ltr'>ipse</span> <span class='ocrx_word' id='word_1_849' title='bbox 1967 2729 2156 2766; x_wconf 87' lang='lat' dir='ltr'>Patriarcha</span> 
     </span>
     <span class='ocr_line' id='line_1_126' title="bbox 1280 2780 2157 2827; baseline -0.006 -9"><span class='ocrx_word' id='word_1_850' title='bbox 1280 2785 1516 2818; x_wconf 88' lang='lat' dir='ltr'>consecraverit</span> <span class='ocrx_word' id='word_1_851' title='bbox 1529 2809 1539 2824; x_wconf 92' lang='lat'><em>‚</em></span> <span class='ocrx_word' id='word_1_852' title='bbox 1565 2793 1621 2819; x_wconf 85' lang='lat' dir='ltr'>aut</span> <span class='ocrx_word' id='word_1_853' title='bbox 1633 2784 1753 2827; x_wconf 70' lang='lat' dir='ltr'>jusserit</span> <span class='ocrx_word' id='word_1_854' title='bbox 1761 2784 2028 2819; x_wconf 83' lang='lat' dir='ltr'>consecrandum.</span> <span class='ocrx_word' id='word_1_855' title='bbox 2055 2780 2098 2816; x_wconf 89' lang='lat' dir='ltr'>Et</span> <span class='ocrx_word' id='word_1_856' title='bbox 2109 2780 2157 2813; x_wconf 88' lang='lat' dir='ltr'>af-</span> 
     </span>
     <span class='ocr_line' id='line_1_127' title="bbox 1280 2829 2156 2877; baseline -0.006 -9"><span class='ocrx_word' id='word_1_857' title='bbox 1280 2835 1387 2868; x_wconf 84' lang='lat' dir='ltr'>firmat</span> <span class='ocrx_word' id='word_1_858' title='bbox 1397 2835 1497 2868; x_wconf 86' lang='lat' dir='ltr'>etiam</span> <span class='ocrx_word' id='word_1_859' title='bbox 1510 2835 1775 2868; x_wconf 86' lang='lat' dir='ltr'>Ammonianum</span> <span class='ocrx_word' id='word_1_860' title='bbox 1787 2860 1797 2875; x_wconf 88' lang='lat'>,</span> <span class='ocrx_word' id='word_1_861' title='bbox 1807 2834 2026 2877; x_wconf 87' lang='lat' dir='ltr'>Tyrannum,</span> <span class='ocrx_word' id='word_1_862' title='bbox 2037 2829 2156 2865; x_wconf 85' lang='lat' dir='ltr'>Plufia-</span> 
     </span>
     <span class='ocr_line' id='line_1_128' title="bbox 1281 2878 2157 2928; baseline -0.008 -10"><span class='ocrx_word' id='word_1_863' title='bbox 1281 2895 1360 2918; x_wconf 90' lang='lat' dir='ltr'>num</span> <span class='ocrx_word' id='word_1_864' title='bbox 1372 2909 1383 2924; x_wconf 89' lang='lat'>‚</span> <span class='ocrx_word' id='word_1_865' title='bbox 1401 2895 1438 2917; x_wconf 83' lang='lat' dir='ltr'>ac</span> <span class='ocrx_word' id='word_1_866' title='bbox 1449 2884 1592 2928; x_wconf 82' lang='lat' dir='ltr'>reliquos</span> <span class='ocrx_word' id='word_1_867' title='bbox 1602 2883 1620 2918; x_wconf 78' lang='grc' dir='ltr'>ὲ</span> <span class='ocrx_word' id='word_1_868' title='bbox 1631 2884 1762 2917; x_wconf 89' lang='lat' dir='ltr'>Meletii</span> <span class='ocrx_word' id='word_1_869' title='bbox 1775 2882 1946 2918; x_wconf 87' lang='lat' dir='ltr'>schismate</span> <span class='ocrx_word' id='word_1_870' title='bbox 1957 2882 1997 2920; x_wconf 87' lang='lat' dir='ltr'>ad</span> <span class='ocrx_word' id='word_1_871' title='bbox 2009 2878 2157 2914; x_wconf 84' lang='lat' dir='ltr'>Catholi-</span> 
     </span>
     <span class='ocr_line' id='line_1_129' title="bbox 1280 2930 2156 2977; baseline -0.003 -10"><span class='ocrx_word' id='word_1_872' title='bbox 1280 2945 1353 2968; x_wconf 85' lang='lat' dir='ltr'>cam</span> <span class='ocrx_word' id='word_1_873' title='bbox 1363 2934 1505 2968; x_wconf 87' lang='lat' dir='ltr'>Matrem</span> <span class='ocrx_word' id='word_1_874' title='bbox 1515 2935 1658 2968; x_wconf 87' lang='lat' dir='ltr'>reversos</span> <span class='ocrx_word' id='word_1_875' title='bbox 1669 2935 1850 2977; x_wconf 89' lang='lat' dir='ltr'>Episcopos</span> <span class='ocrx_word' id='word_1_876' title='bbox 1862 2933 1955 2968; x_wconf 87' lang='lat' dir='ltr'>fuisse</span> <span class='ocrx_word' id='word_1_877' title='bbox 1972 2930 2086 2966; x_wconf 83' lang='lat' dir='ltr'>eadem</span> <span class='ocrx_word' id='word_1_878' title='bbox 2108 2931 2156 2962; x_wconf 90' lang='lat' dir='ltr'>so-</span> 
     </span>
     <span class='ocr_line' id='line_1_130' title="bbox 1281 2981 2157 3031; baseline -0.005 -15"><span class='ocrx_word' id='word_1_879' title='bbox 1281 2984 1432 3018; x_wconf 88' lang='lat' dir='ltr'>lemniter</span> <span class='ocrx_word' id='word_1_880' title='bbox 1443 2984 1612 3027; x_wconf 73' lang='lat' dir='ltr'>professos.</span> <span class='ocrx_word' id='word_1_881' title='bbox 1631 2983 1724 3031; x_wconf 80' lang='lat' dir='ltr'>Qin</span> <span class='ocrx_word' id='word_1_882' title='bbox 1735 2985 1891 3027; x_wconf 89' lang='lat' dir='ltr'>&amp;ipsein</span> <span class='ocrx_word' id='word_1_883' title='bbox 1904 2983 2038 3018; x_wconf 78' lang='lat' dir='ltr'>Nicaena</span> <span class='ocrx_word' id='word_1_884' title='bbox 2051 2981 2157 3023; x_wconf 90' lang='lat' dir='ltr'>Syno-</span> 
     </span>
     <span class='ocr_line' id='line_1_131' title="bbox 1280 3030 2157 3068; baseline -0.006 -1"><span class='ocrx_word' id='word_1_885' title='bbox 1280 3034 1324 3067; x_wconf 90' lang='lat' dir='ltr'>do</span> <span class='ocrx_word' id='word_1_886' title='bbox 1335 3033 1493 3068; x_wconf 86' lang='lat' dir='ltr'>Meletius</span> <span class='ocrx_word' id='word_1_887' title='bbox 1504 3034 1568 3067; x_wconf 90' lang='lat' dir='ltr'>fuit</span> <span class='ocrx_word' id='word_1_888' title='bbox 1580 3035 1679 3067; x_wconf 70' lang='lat' dir='ltr'>sancti</span> <span class='ocrx_word' id='word_1_889' title='bbox 1694 3033 1863 3068; x_wconf 83' lang='lat' dir='ltr'>Athanasii</span> <span class='ocrx_word' id='word_1_890' title='bbox 1884 3030 2087 3067; x_wconf 77' lang='lat' dir='ltr'>Antecessori</span> <span class='ocrx_word' id='word_1_891' title='bbox 2098 3030 2157 3062; x_wconf 87' lang='lat' dir='ltr'>Pa-</span> 
     </span>
     <span class='ocr_line' id='line_1_132' title="bbox 1281 3079 2157 3127; baseline -0.006 -10"><span class='ocrx_word' id='word_1_892' title='bbox 1281 3082 1428 3117; x_wconf 83' lang='lat' dir='ltr'>triarchae</span> <span class='ocrx_word' id='word_1_893' title='bbox 1439 3082 1632 3118; x_wconf 83' lang='lat' dir='ltr'>Alexandro</span> <span class='ocrx_word' id='word_1_894' title='bbox 1644 3085 1803 3127; x_wconf 79' lang='lat' dir='ltr'>professus</span> <span class='ocrx_word' id='word_1_895' title='bbox 1811 3081 1924 3118; x_wconf 83' lang='lat' dir='ltr'>eadem</span> <span class='ocrx_word' id='word_1_896' title='bbox 1937 3106 1948 3123; x_wconf 86' lang='lat'>‚</span> <span class='ocrx_word' id='word_1_897' title='bbox 1969 3081 2003 3115; x_wconf 89' lang='lat'>&amp;</span> <span class='ocrx_word' id='word_1_898' title='bbox 2014 3091 2128 3114; x_wconf 84' lang='lat' dir='ltr'>omnes</span> <span class='ocrx_word' id='word_1_899' title='bbox 2139 3079 2157 3112; x_wconf 68' lang='lat' dir='ltr'>a</span> 
     </span>
     <span class='ocr_line' id='line_1_133' title="bbox 1282 3130 2158 3177; baseline -0.003 -11"><span class='ocrx_word' id='word_1_900' title='bbox 1282 3134 1313 3168; x_wconf 85' lang='lat' dir='ltr'>se</span> <span class='ocrx_word' id='word_1_901' title='bbox 1322 3135 1526 3167; x_wconf 84' lang='lat' dir='ltr'>consecratos</span> <span class='ocrx_word' id='word_1_902' title='bbox 1540 3134 1718 3177; x_wconf 87' lang='lat' dir='ltr'>Episcopos</span> <span class='ocrx_word' id='word_1_903' title='bbox 1728 3133 1776 3167; x_wconf 89' lang='lat' dir='ltr'>illi</span> <span class='ocrx_word' id='word_1_904' title='bbox 1787 3131 1931 3173; x_wconf 85' lang='lat' dir='ltr'>tradidit,</span> <span class='ocrx_word' id='word_1_905' title='bbox 1945 3130 1986 3164; x_wconf 89' lang='lat' dir='ltr'>ab</span> <span class='ocrx_word' id='word_1_906' title='bbox 2000 3131 2069 3174; x_wconf 61' lang='lat' dir='ltr'>ipso</span> <span class='ocrx_word' id='word_1_907' title='bbox 2080 3141 2158 3164; x_wconf 87' lang='lat' dir='ltr'>con-</span> 
     </span>
     <span class='ocr_line' id='line_1_134' title="bbox 1282 3179 2157 3226; baseline -0.003 -10"><span class='ocrx_word' id='word_1_908' title='bbox 1282 3183 1462 3217; x_wconf 85' lang='lat' dir='ltr'>firmandos</span> <span class='ocrx_word' id='word_1_909' title='bbox 1474 3193 1531 3217; x_wconf 81' lang='lat' dir='ltr'>aut</span> <span class='ocrx_word' id='word_1_910' title='bbox 1543 3181 1938 3226; x_wconf 79' lang='lat' dir='ltr'>abjiciendos-Synodalia</span> <span class='ocrx_word' id='word_1_911' title='bbox 1950 3180 2030 3213; x_wconf 65' lang='lat' dir='ltr'>Asta</span> <span class='ocrx_word' id='word_1_912' title='bbox 2043 3180 2100 3213; x_wconf 92' lang='lat' dir='ltr'>suo</span> <span class='ocrx_word' id='word_1_913' title='bbox 2112 3179 2157 3213; x_wconf 94' lang='lat' dir='ltr'>lo-</span> 
     </span>
     <span class='ocr_line' id='line_1_135' title="bbox 1282 3229 2156 3277; baseline -0.005 -11"><span class='ocrx_word' id='word_1_914' title='bbox 1282 3244 1322 3266; x_wconf 91' lang='lat' dir='ltr'>co</span> <span class='ocrx_word' id='word_1_915' title='bbox 1345 3243 1561 3277; x_wconf 87' lang='lat' dir='ltr'>exponentur.</span> <span class='ocrx_word' id='word_1_916' title='bbox 1576 3234 1807 3277; x_wconf 87' lang='lat' dir='ltr'>Imperatorem</span> <span class='ocrx_word' id='word_1_917' title='bbox 1818 3229 2156 3273; x_wconf 83' lang='lat' dir='ltr'>Constantium,qu0d</span> 
     </span>
     <span class='ocr_line' id='line_1_136' title="bbox 1283 3279 2163 3326; baseline -0.003 -11"><span class='ocrx_word' id='word_1_918' title='bbox 1283 3283 1412 3326; x_wconf 89' lang='lat' dir='ltr'>quosvis</span> <span class='ocrx_word' id='word_1_919' title='bbox 1423 3282 1617 3318; x_wconf 87' lang='lat' dir='ltr'>Catholicos</span> <span class='ocrx_word' id='word_1_920' title='bbox 1628 3283 1807 3326; x_wconf 88' lang='lat' dir='ltr'>Episcopos</span> <span class='ocrx_word' id='word_1_921' title='bbox 1815 3282 1956 3326; x_wconf 85' lang='lat' dir='ltr'>ejiceret,</span> <span class='ocrx_word' id='word_1_922' title='bbox 1966 3281 1998 3313; x_wconf 71' lang='grc' dir='ltr'>ὅ(</span> <span class='ocrx_word' id='word_1_923' title='bbox 2010 3279 2163 3313; x_wconf 86' lang='lat' dir='ltr'>introdu-</span> 
     </span>
     <span class='ocr_line' id='line_1_137' title="bbox 1283 3328 2162 3372; baseline -0.005 -6"><span class='ocrx_word' id='word_1_924' title='bbox 1283 3343 1368 3366; x_wconf 87' lang='lat' dir='ltr'>ceret</span> <span class='ocrx_word' id='word_1_925' title='bbox 1378 3331 1520 3368; x_wconf 87' lang='lat' dir='ltr'>Arianos</span> <span class='ocrx_word' id='word_1_926' title='bbox 1527 3343 1583 3367; x_wconf 86' lang='lat' dir='ltr'>aut</span> <span class='ocrx_word' id='word_1_927' title='bbox 1592 3332 1869 3372; x_wconf 78' lang='lat' dir='ltr'>Meletianos,effe</span> <span class='ocrx_word' id='word_1_928' title='bbox 1880 3328 2162 3370; x_wconf 87' lang='lat' dir='ltr'>Anti-Christum,</span> 
     </span>
     <span class='ocr_line' id='line_1_138' title="bbox 1285 3379 2161 3420; baseline -0.003 -5"><span class='ocrx_word' id='word_1_929' title='bbox 1285 3388 1339 3416; x_wconf 82' lang='lat' dir='ltr'>aut</span> <span class='ocrx_word' id='word_1_930' title='bbox 1348 3383 1434 3416; x_wconf 80' lang='lat' dir='ltr'>certe</span> <span class='ocrx_word' id='word_1_931' title='bbox 1440 3381 1663 3418; x_wconf 87' lang='lat' dir='ltr'>Anti-Christi</span> <span class='ocrx_word' id='word_1_932' title='bbox 1672 3379 2111 3420; x_wconf 81' lang='lat' dir='ltr'>Praecursorem‚demonstrat</span> <span class='ocrx_word' id='word_1_933' title='bbox 2124 3380 2161 3413; x_wconf 86' lang='lat' dir='ltr'>in</span> 
     </span>
     <span class='ocr_line' id='line_1_139' title="bbox 1289 3429 2159 3471; baseline 0.001 -8"><span class='ocrx_word' id='word_1_934' title='bbox 1289 3432 1406 3466; x_wconf 88' lang='lat' dir='ltr'>Literis</span> <span class='ocrx_word' id='word_1_935' title='bbox 1417 3432 1458 3467; x_wconf 89' lang='lat' dir='ltr'>ad</span> <span class='ocrx_word' id='word_1_936' title='bbox 1469 3435 1545 3468; x_wconf 90' lang='lat' dir='ltr'>suos</span> <span class='ocrx_word' id='word_1_937' title='bbox 1555 3430 1743 3466; x_wconf 91' lang='lat' dir='ltr'>Monachos</span> <span class='ocrx_word' id='word_1_938' title='bbox 1754 3433 1878 3466; x_wconf 67' lang='lat' dir='ltr'>sanetus</span> <span class='ocrx_word' id='word_1_939' title='bbox 1891 3429 2087 3464; x_wconf 86' lang='lat' dir='ltr'>Athanasius</span> <span class='ocrx_word' id='word_1_940' title='bbox 2100 3454 2110 3471; x_wconf 91' lang='lat'>,</span> <span class='ocrx_word' id='word_1_941' title='bbox 2121 3440 2159 3464; x_wconf 85' lang='lat' dir='ltr'>ac</span> 
     </span>
    </p>
   </div>
   <div class='ocr_carea' id='block_1_15' title="bbox 353 3472 2171 3528">
    <p class='ocr_par' dir='ltr' id='par_1_17' title="bbox 353 3472 2171 3528">
     <span class='ocr_line' id='line_1_140' title="bbox 353 3472 2171 3528; baseline -0.001 -15"><span class='ocrx_word' id='word_1_942' title='bbox 353 3472 496 3513; x_wconf 75' lang='lat' dir='ltr'>omnino</span> <span class='ocrx_word' id='word_1_943' title='bbox 506 3474 643 3523; x_wconf 81' lang='lat' dir='ltr'>respexit</span> <span class='ocrx_word' id='word_1_944' title='bbox 653 3475 688 3508; x_wconf 89' lang='lat' dir='ltr'>in</span> <span class='ocrx_word' id='word_1_945' title='bbox 699 3475 797 3515; x_wconf 77' lang='lat' dir='ltr'>literis</span> <span class='ocrx_word' id='word_1_946' title='bbox 806 3477 847 3512; x_wconf 89' lang='lat' dir='ltr'>ad</span> <span class='ocrx_word' id='word_1_947' title='bbox 860 3478 1082 3526; x_wconf 70' lang='lat' dir='ltr'>Auxumitane</span> <span class='ocrx_word' id='word_1_948' title='bbox 1088 3483 1227 3519; x_wconf 76' lang='lat' dir='ltr'>civitatis</span> <span class='ocrx_word' id='word_1_949' title='bbox 1290 3482 1412 3528; x_wconf 83' lang='lat' dir='ltr'>pergit:</span> <span class='ocrx_word' id='word_1_950' title='bbox 1437 3485 1526 3518; x_wconf 75' lang='lat' dir='ltr'>senes</span> <span class='ocrx_word' id='word_1_951' title='bbox 1537 3506 1548 3524; x_wconf 90' lang='lat'><strong>,</strong></span> <span class='ocrx_word' id='word_1_952' title='bbox 1572 3488 1624 3526; x_wconf 81' lang='lat' dir='ltr'>qui</span> <span class='ocrx_word' id='word_1_953' title='bbox 1635 3482 1673 3515; x_wconf 80' lang='lat' dir='ltr'>ab</span> <span class='ocrx_word' id='word_1_954' title='bbox 1684 3483 1853 3516; x_wconf 75' lang='lat' dir='ltr'>Alexandro</span> <span class='ocrx_word' id='word_1_955' title='bbox 1862 3506 1873 3523; x_wconf 95' lang='lat'>‚</span> <span class='ocrx_word' id='word_1_956' title='bbox 1889 3481 1923 3516; x_wconf 68' lang='grc' dir='ltr'>ὅ(</span> <span class='ocrx_word' id='word_1_957' title='bbox 1933 3491 2008 3516; x_wconf 87' lang='lat' dir='ltr'>ante</span> <span class='ocrx_word' id='word_1_958' title='bbox 2019 3479 2171 3514; x_wconf 62' lang='lat' dir='ltr'>Alexam·</span> 
     </span>
    </p>
   </div>
   <div class='ocr_carea' id='block_1_16' title="bbox 2066 3529 2160 3563">
    <p class='ocr_par' dir='ltr' id='par_1_18' title="bbox 2066 3529 2160 3563">
     <span class='ocr_line' id='line_1_141' title="bbox 2066 3529 2160 3563; baseline -0.011 0"><span class='ocrx_word' id='word_1_959' title='bbox 2066 3529 2160 3563; x_wconf 86' lang='lat' dir='ltr'>drum</span> 
     </span>
    </p>
   </div>
  </div>
 </body>
</html>
