2346 3776
341 137 388 187 ⁶4
788 114 1227 166 DISSERTATIO
1277 112 1695 167 Paonmmms.

326 202 522 245 promulgatio
529 200 634 232 exorta
639 197 688 240 Jt't.
709 198 804 242 ,Quod
812 209 938 240 namque
948 197 1088 229 Baucalis
1094 195 1205 236 praela-

331 250 456 293 tumfibi
465 250 568 284 honore
580 252 682 282 Arium
694 250 770 292 egre
773 247 873 289 ferret
882 272 893 288 ,
919 252 1107 280 novationem
1127 247 1203 287 Dog-

329 308 421 334 matis
433 300 514 342 istius
526 301 569 333 illi
580 297 741 342 adscripsit.
756 297 927 331 Alexander
937 299 1008 331 vero
1021 292 1185 337 Epifi‘opus
1195 317 1205 333 ‚

329 361 486 394 atrumque
494 353 513 383 ἃ
522 355 701 383 contentione
710 348 813 380 volens
823 347 965 382 abducere
980 370 990 386 ,
1008 346 1051 377 ad
1061 342 1124 387 Dis
1113 352 1206 386 puta-

324 408 436 434 'tionem
448 403 658 438 &Sermonum
669 398 847 431 collationes
870 408 917 430 eos
939 401 1105 429 invitavit:
1133 396 1206 429 Per—

324 451 452 495 suafione
460 451 558 492 potius
572 472 582 488 ,
610 450 701 490 quam
712 447 843 480 violenta
847 447 969 488 juffione
987 442 1207 485 controverfiam

323 499 423 545 'sbpire
433 500 541 533 ducens
552 497 771 532 conducibilius,
798 500 845 530 Et
857 508 921 533 eum
938 497 1085 529 multoties
1107 491 1206 536 dispu-

324 548 424 592 ¹inundo
433 548 562 592 congreffi
570 550 657 591 essent
668 573 679 589 ‚
697 547 774 590 ficut
780 548 848 590 fieri
869 544 1008 590 adsuevit
1027 549 1207 578 contentione

328 605 408 633 inter
414 597 563 642 quospiam
574 607 655 631 mota
668 622 677 638 ,
704 595 869 640 Epifiopus
882 606 958 629 nunc
972 595 1038 639 huic
1049 618 1059 633 ‚
1087 603 1162 627 nunc
1172 593 1208 625 il-

328 648 350 682 li
361 649 539 683 benevoli&
549 649 693 681 commode
715 645 838 688 adbaefit
862 670 871 686 ‚
893 645 1034 687 postremo
1055 651 1158 677 autem
1174 642 1208 675 a,

329 698 391 743 {pse
402 701 568 739 &ernam
577 700 611 732 et
620 695 904 741 Consubstantialem
916 694 1128 729 Patri'Filium
1139 717 1148 732 ,
1165 697 1209 724 uti

329 759 422 789 antea
427 747 545 793 semper
551 746 688 792 senserat
700 772 711 788 ‚
740 746 860 790 disertis
872 744 974 779 verbis
982 747 1208 785 pronuntiavit,

332 803 492 843 Artumque
501 800 580 833 idem
585 797 698 842 fintire
703 797 793 839 juffit.
822 794 916 838 ,Quod
924 793 977 836 ubi
993 794 1043 826 ille
1051 817 1062 833 ,
1087 791 1209 834 utface-

330 858 377 883 ret
388 874 399 890 ‚
424 856 457 883 in
466 855 599 883 animum
608 849 745 882 inducere
757 856 814 878 non
821 849 922 886 potuit
931 867 942 884 ,
961 844 1062 878 Sacris
1072 841 1208 878 AEdibus

331 899 369 940 est
394 900 433 933 ab
450 912 481 933 eo
502 899 622 940 eieHus.
650 898 731 944 Qiae
742 893 951 938 Nicephorus
962 892 1049 929 unde
1069 891 1210 929 hauserit

331 949 460 994 ignoro.
488 949 626 982 Certum
636 947 681 980 est
693 945 814 979 Arium
833 944 896 979 esse
919 945 1061 988 primum
1082 942 1211 977 fontem

331 999 423 1032 istius
432 997 645 1041 blasphemiae.
659 995 795 1030 Etenim
805 995 846 1029 de
858 995 927 1038 ipso
936 993 1046 1029 scribit
1057 993 1092 1026 in
1101 992 1211 1029 carmi-

193 1053 318 1096 Cap,4o‚‹
331 1060 374 1083 ne
384 1047 426 1082 de
437 1049 493 1082 sua
505 1046 570 1081 vita
578 1047 677 1081 etiarn
701 1046 732 1079 S.
761 1045 941 1090 Gregorius
965 1044 1212 1081 Nazianzenus:

333 1101 458 1132 Primus
468 1097 620 1131 colendam
633 1100 814 1131 Trinitatem
825 1100 999 1138 qui·negans
1014 1118 1024 1134 ‚
1036 1093 1155 1137 gradus
1165 1091 1215 1129 bo—

332 1155 414 1182 noris
425 1146 515 1190 ausus
526 1146 563 1187 est
570 1144 766 1190 praescribere
773 1142 947 1188 substantioe
957 1148 1014 1177 Uni
1025 1169 1036 1184 ‚
1055 1141 1214 1185 simplicem

333 1198 420 1231 haud
427 1199 510 1240 aeque
513 1195 659 1240 sentiens.
673 1196 757 1230 Item
768 1204 893 1229 certum
905 1192 949 1230 est
963 1219 973 1234 ,
984 1193 1074 1237 quod
1087 1201 1215 1231 vocem,

333 1246 591 1291 consubstantiale
602 1271 613 1287 ‚
642 1257 711 1280 non
723 1246 753 1280 S,
766 1243 954 1280 Alexander
966 1242 1150 1285 induxerit,
1161 1240 1214 1276 sed

334 1298 471 1332 Nicaena
483 1295 645 1340 Synodus.
672 1295 807 1330 Interim
821 1294 880 1327 iste
894 1291 1084 1329 Alexander
1094 1291 1216 1327 Bauca-

335 1346 366 1381 la
380 1347 475 1391 poffit
486 1346 632 1380 fundasse
643 1355 698 1381 aut
709 1344 833 1383 dotasse
846 1343 1094 1379 Baucaliensem
1105 1340 1217 1380 Eccle-

335 1397 415 1431 siam
428 1419 439 1437 ,
464 1409 502 1431 ac
515 1397 560 1430 ita
571 1398 663 1429 suum
675 1396 733 1438 ipsi
745 1405 867 1429 nomen
880 1393 1042 1429 indidisse,

386 1447 441 1486 De
455 1445 528 1486 Arii
542 1445 681 1480 Affeclis
692 1444 758 1479 haee
781 1443 962 1488 generatim
974 1442 1085 1478 scribit
1097 1442 1125 1474 S.
1140 1440 1217 1483 Epi-

204 1511 308 1546 Hrrsi'.
337 1496 478 1543 phanius
491 1509 498 1528 x
526 1497 698 1529 Alexander
711 1499 816 1527 Arium
828 1505 865 1527 ex
879 1493 1007 1535 Ecclefia
1019 1491 1196 1529 deturbavit
1206 1515 1216 1531 ‚

204 1557 249 1589 ⁶3.
258 1563 282 1583 c.
293 1566 319 1595 4.
337 1551 371 1583 Θ
383 1560 448 1582 cum
461 1559 492 1581 eo
501 1553 604 1590 ingens
619 1550 775 1589 Virginum
783 1545 817 1578 sb·
826 1553 1005 1579 ceterorum
1017 1543 1195 1578 clericorum
1207 1565 1217 1580 ‚

337 1611 408 1642 quos
422 1599 470 1634 ille
481 1599 710 1638 depravaverat
723 1618 734 1634 ,
744 1600 795 1627 vis
806 1596 929 1634 ejicitur.
944 1594 989 1629 Et
1001 1593 1035 1626 in
1047 1592 1114 1628 alio
1122 1591 1198 1628 loco
1210 1603 1216 1622 ε

339 1654 429 1682 Arius
441 1648 527 1680 brevi
537 1643 823 1689 septingentas-fere
843 1647 906 1680 Deo
927 1641 1109 1686 consecratas
1122 1645 1219 1684 Virgi-

336 1711 392 1732 nes
403 1698 441 1730 ab
453 1695 581 1737 Ecclesia
591 1694 754 1736 abstractas
767 1700 798 1727 in
809 1706 901 1727 unum
911 1700 1007 1737 coegit.
1038 1693 1166 1724 Addunt
1187 1691 1219 1723 (θ’

341 1748 532 1786 Presbyteros
543 1746 583 1778 ab
593 1758 625 1779 eo
633 1744 766 1789 septem,
774 1756 808 1777 ac
817 1746 968 1778 duodecim
978 1746 1123 1779 Diaconos
1129 1741 1219 1785 fuiffe

339 1798 490 1832 abdallas.
515 1799 602 1841 ‚Quin
615 1802 711 1832 etiam
718 1793 846 1840 subinde
850 1795 1026 1839 pestiferum
1038 1795 1117 1826 illius
1131 1798 1218 1827 virus

332 1849 382 1882 'ad
392 1846 557 1891 Episcopos
567 1847 661 1891 usque
667 1853 820 1890 pervenit.
837 1851 926 1889 Nam
935 1845 1099 1878 secundum
1112 1845 1220 1874 Penta-

333 1901 502 1941 politanum
523 1897 703 1941 Episcopum
727 1908 792 1930 cum
810 1891 881 1939 aliis
901 1895 1053 1931 nonnullis
1072 1898 1104 1924 in
1111 1900 1219 1933 partes

333 1948 408 1998 suas
414 1954 581 1989 pertraxit.
612 1945 819 1991 Epiphanius
831 1944 955 1982 ibidem
968 1943 1066 1982 habet
1077 1943 1222 1986 Dogma-

338 2000 418 2036 ticas
430 1995 504 2031 Arii
518 1997 557 2030 ad
570 1998 598 2031 S.
613 1995 839 2031 Alexandrum
862 1996 970 2028 literas
980 2019 990 2034 ‚
1017 1992 1135 2037 quibus
1155 1990 1223 2024 sub-

336 2047 487 2084 scribunt
501 2059 508 2078 :
537 2051 626 2079 Arius
639 2070 650 2086 ‚
678 2044 809 2081 Etbales
821 2069 831 2084 ,
858 2044 989 2077 Achillas
1000 2068 1011 2084 ‚
1039 2048 1197 2083 Carponas
1212 2066 1221 2084 ,

338 2102 501 2132 Sarmatas
514 2120 524 2136 ‚
551 2100 642 2128 Arius
653 2119 664 2135 ,
693 2095 860 2133 Presbyteri
870 2107 883 2135 ‚·
911 2097 1036 2126 Diacom‘
1049 2117 1059 2132 ,
1067 2092 1222 2131 ‘Euzojus,

340 2152 452 2181 Lucius
467 2171 477 2186 ‚
496 2147 627 2191 Julius,
654 2148 761 2177 Menas
771 2169 783 2186 ,
811 2145 967 2177 Helladius
978 2162 989 2184 ,-
1016 2144 1112 2182 Cajus
1125 2153 1135 2182 ·,
1146 2143 1223 2182 Epi-

332 2197 418 2242 scopi
431 2221 441 2236 ,
465 2197 618 2229 Secundus
641 2197 815 2236 Pentapolis
836 2217 846 2233 ,
873 2193 1007 2227 Theonas
1027 2191 1189 2232 Africanus
1212 2215 1223 2231 ,

334 2243 448 2289 'Pilius
461 2253 513 2289 qui
525 2246 722 2278 Alexandria*
733 2244 771 2276 ab
784 2248 907 2279 Arianis
918 2244 1068 2277 collocatus
1081 2240 1125 2283 est.
1140 2241 1226 2273 Ean-

341 2298 418 2334 dem
429 2296 604 2340 epistolam
615 2296 650 2329 in
662 2296 721 2328 suo
732 2294 773 2328 de
784 2293 983 2331 Ariminensi
995 2303 1032 2325 ac
1046 2290 1226 2326 Seleucien-

342 2348 364 2380 si
376 2345 520 2389 Synodis
533 2345 636 2385 Libro
647 2345 742 2379 refert
754 2344 783 2377 S.
797 2342 994 2382 Athanasius
1005 2365 1015 2381 ,
1041 2354 1078 2375 ac
1089 2341 1174 2374 inter
1184 2340 1228 2373 se-

342 2398 459 2431 ductos
473 2395 514 2430 ab
533 2393 619 2431 Ario
644 2393 889 2430 Alexandrinos
914 2391 1124 2435 Presbyteros
1146 2391 1226 2423 affir-

345 2456 415 2480 mat
436 2446 531 2478 fuiffe
552 2446 653 2481 etiam
676 2444 870 2488 Georgium.
898 2442 1004 2482 Addit
1030 2452 1110 2476 tunc
1130 2440 1224 2474 fuisse

346 2493 549 2531 Antiochiae.
578 2493 675 2527 Istam
687 2493 731 2526 ob
741 2495 868 2528 causam
882 2493 948 2535 ipse
962 2504 1029 2527 non
1044 2490 1225 2534 subscripsit

347 2544 510 2588 Epistolaa
539 2541 594 2578 Ad
606 2542 830 2579 Alexandrum
845 2543 966 2585 scripsit
978 2542 1140 2585 propriam
1152 2539 1226 2583 Epi-

347 2594 475 2629 stolam..
504 2593 701 2636 Encyclicas
709 2593 836 2626 Literas
858 2616 867 2631 ‚
895 2592 1013 2635 quibus
1027 2591 1099 2624 Arii
1113 2591 1147 2623 ὅ(
1158 2589 1225 2632 ejus

348 2644 563 2687 Complicum
571 2644 687 2676 factam
698 2642 716 2675 a
728 2643 760 2679 se
771 2641 1024 2679 damnationem
1038 2638 1225 2676 Patriarcha

350 2692 541 2728 Alexander
550 2692 759 2726 denuntiavit
767 2691 919 2725 Ecelefiis
930 2716 940 2733 ,
959 2692 1019 2724 suae
1031 2688 1226 2724 Ecclesiasti-

349 2756 393 2778 cae
404 2742 560 2777 Historiae
572 2742 706 2775 inseruit
717 2740 953 2775 Theodoretus
963 2766 973 2782 ‚
1001 2741 1034 2774 ὃ(
1056 2739 1206 2783 adjunxit
1220 2751 1225 2770 :

349 2797 425 2827 Sunt
435 2802 534 2826 autem
545 2791 678 2831 haeretici
687 2790 881 2827 anathemate
893 2793 1032 2824 damnati
1042 2815 1052 2830 ‚
1078 2801 1116 2823 ex
1139 2792 1227 2823 Pres-

351 2844 456 2882 byteris
469 2847 559 2876 Arius
572 2867 583 2883 ,
608 2854 646 2878 en
659 2846 799 2874 Diaconis
815 2841 946 2874 Achillas
958 2864 969 2881 ‚
995 2841 1132 2880 Euzojus
1148 2863 1158 2878 ,
1182 2842 1228 2870 Ai-

353 2892 448 2925 thales
459 2917 469 2932 ‚
501 2896 606 2925 Lucius
618 2917 628 2932 ‚
654 2894 674 2924 5
676 2901 813 2923 armatas
828 2915 838 2931 ,
858 2894 970 2936 Julius
982 2914 993 2930 ‚
1007 2894 1128 2929 Menas,
1139 2892 1227 2921 Arius

353 2943 429 2974 alter
442 2942 646 2974 &Helladius.
674 2941 764 2975 Inter
786 2938 846 2975 hos
869 2940 1006 2984 pessimae
1026 2937 1230 2982 blasphemiae

354 2990 580 3024 Praedicatores
602 2992 695 3025 fuiffe
716 2990 799 3024 duos
822 2991 921 3024 Arios
931 3016 941 3031 ‚
969 2991 1004 3023 in
1026 2988 1230 3033 Fragmentis

355 3039 468 3073 diserte
480 3039 589 3073 scribit
600 3041 699 3074 etiam
708 3043 834 3075 sandius
844 3041 995 3078 Hilarius
1014 3038 1228 3075 Pistaviensis.

221 3085 315 3122 f⁰l·4¹
325 3093 338 3119 5
357 3090 401 3123 Et
415 3088 456 3122 ad
469 3087 702 3131 Imperatorem
714 3090 949 3127 Constantium
961 3089 1070 3128 scribit
1081 3088 1231 3122 Liberius

357 3138 516 3171 Pontifex
530 3150 537 3168 :
565 3141 693 3170 Manent
706 3140 800 3172 literae
812 3142 980 3177 Alexandri
990 3136 1130 3181 Episcopi
1141 3163 1151 3178 ,
1165 3139 1232 3174 olim

309 3233 312 3236 Δ
358 3185 520 3229 adsanc‘lae
532 3193 679 3224 memoriae
690 3188 862 3228 sylvestrum
880 3190 1033 3231 destinatae
1045 3213 1056 3229 ‚
1081 3189 1188 3230 quibus
1195 3187 1231 3229 fi-

353 3235 513 3281 gnificavit
525 3245 596 3268 ante
606 3237 831 3273 Ordincrtionem
851 3239 1002 3282 Athanafii
1024 3240 1158 3272 undecim
1167 3246 1232 3269 tam

359 3285 545 3323 Presbytero:
569 3309 579 3323 ,
608 3287 698 3326 quam
724 3290 866 3319 Diaconos
881 3313 891 3327 ‚
919 3291 1000 3331 quod
1018 3294 1082 3321 Aria·
1102 3286 1232 3328 haerefim

353 3334 548 3379 sequerentur
561 3357 570 3373 ³
592 3332 626 3376 se
637 3334 762 3375 Ecclesia
770 3336 878 3378 eiecisse
891 3361 901 3376 ‚
928 3339 962 3371 N
965 3351 1001 3375 ec
1013 3337 1230 3375 dubitandum

358 3385 440 3428 quin
459 3382 663 3427 singulorum
688 3385 824 3418 nomina
844 3386 969 3419 sanetus
981 3387 1171 3424 Alexander
1181 3398 1233 3421 ex-

359 3434 512 3477 presserit.
542 3433 669 3465 Verum
679 3432 814 3474 epistola
828 3457 837 3473 ,
863 3435 980 3478 grandi
993 3437 1234 3472 Ecclefiaedam-

359 3495 406 3524 no
417 3507 428 3529 2
455 3482 550 3534 petiit
563 3491 619 3520 aut
630 3482 716 3516 latet.
743 3483 933 3520 Franciscus
947 3484 1113 3520 Combefis
1126 3487 1234 3532 vulga-

215 2780 277 2818 fib.
301 2790 324 2808 1-

217 2828 277 2857 cap.
289 2827 314 2854 3.

1266 194 1312 227 vit
1347 194 1513 238 quoddam
1546 195 1772 231 Nicaenorum.
1788 194 1949 231 Astomm
1975 195 2142 240 Compen-

1267 243 1359 277 dium
1369 269 1381 285 ‚
1405 245 1440 278 in
1455 256 1522 288 quo
1535 244 1601 282 haec
1611 246 1710 283 habes
1722 247 1763 281 de
1784 247 1863 281 mali
1885 246 2053 281 autoribus
2070 259 2077 279 :
2103 251 2141 280 In

1267 305 1386 335 quorum
1396 305 1516 327 numero
1526 304 1615 327 erant
1624 298 1693 328 olim
1700 295 1839 339 Episcopi
1847 298 1997 330 secundus
2008 308 2043 329 ac
2053 295 2142 330 Theo-

1268 354 1324 375 nas
1334 368 1346 384 ,
1354 350 1432 377 inter
1445 347 1589 377 Diaconos
1599 354 1699 382 autem
1708 357 1743 379 ae
1754 342 1942 389 Presbjteros
1952 349 2017 380 cum
2030 350 2119 379 Arius
2131 370 2143 387 ,

1264 399 1444 442 principium
1457 393 1573 435 haerefis
1584 419 1594 434 ‚
1620 396 1683 427 tum
1696 395 1826 430 Achillas
1838 421 1849 438 ‚
1875 399 1913 431 (π’
1931 398 2007 431 alter
2030 401 2120 429 Arius
2132 419 2145 436 ‚

1267 443 1446 486 quidamque
1457 445 1510 479 alii
1521 443 1653 488 eiusdem
1663 443 1780 481 honoris
1803 448 1838 480 Θ·
1859 448 1968 491 collegii
1982 473 1993 489 ,
2025 457 2147 482 numero

1268 504 1382 528 novem.

1320 543 1403 586 Qae
1410 545 1523 579 omnia
1536 546 1688 581 videntur
1698 556 1768 581 non
1778 546 1875 591 plene
1885 546 2043 583 cohaerere
2056 573 2063 580 .
2091 549 2148 582 Et.-

1269 593 1359 628 enim
1369 593 1399 627 S.
1414 593 1621 638 Epiphanius
1633 598 1754 640 septem
1766 595 1977 640 Presbyteros
1990 622 2001 638 ,
2021 610 2059 632 ac
2069 597 2150 631 duo-

1269 643 1376 677 decim
1398 643 1568 680 Diaconos
1590 647 1730 680 affirmat
1752 646 1798 680 ob
1823 644 1984 683 Arianam
2005 646 2151 682 haeresim

1270 693 1363 729 fuisse
1384 692 1403 729 a
1421 693 1449 729 S,
1475 693 1666 733 Alexandro
1691 696 1867 730 damnatos
1881 720 1899 736 ‚⁷
1917 696 1952 730 &
1974 696 2153 740 postmodo

1269 753 1438 781 enumerat
1451 744 1505 778 sex
1517 746 1750 783 tantummodo
1761 746 1973 790 Presbyteros
1986 770 1997 786 ‚
2023 757 2064 780 ac
2076 746 2154 780 toti-

1271 792 1348 829 dem
1358 793 1539 830 Diaconos.
1553 796 1597 833 Et
1608 797 1744 840 quidem
1754 796 1795 831 de
1803 796 2007 839 Presbyteris
2019 794 2153 830 videtur

1271 842 1418 879 constare
1437 854 1600 883 numerus.
1628 847 1762 883 Etenim
1783 847 1850 880 illis
1874 847 1929 881 sex
1949 846 2156 889 Presbyteris

1271 891 1367 948 debet
1378 891 1515 940 adjungi
1527 896 1692 941 Georgius
1702 921 1712 938 ,
1739 908 1838 940 quem
1860 907 2008 940 tempore
2029 897 2156 939 scriptae

1273 941 1528 998 istius-Epistolae
1538 945 1603 988 jam
1615 946 1687 980 dixi
1699 947 1793 983 fuisse
1812 946 1900 990 apud
1924 944 2154 981 Antiochiam.

1274 991 1320 1025 At
1332 991 1564 1032 Diaconorum
1574 1006 1727 1033 numerus
1737 997 1866 1032 videtur
1876 996 2063 1031 nullatenus
2075 1006 2157 1030 con-

1275 1043 1362 1075 stare.
1390 1041 1521 1079 Nam&
1532 1044 1683 1083 Liberius
1700 1045 1860 1082 Pontifex
1878 1058 1996 1082 omnes
2021 1046 2066 1083 ob
2078 1044 2157 1080 Arii

1276 1093 1454 1134 susceptam
1466 1090 1603 1129 haeresim
1613 1094 1813 1138 degradatos
1819 1096 1860 1132 ab
1870 1096 2076 1137 Alexandro,
2086 1107 2158 1140 par-

1278 1142 1337 1177 tim
1351 1140 1561 1184 presbyteros
1571 1167 1582 1184 ,
1594 1144 1714 1186 partim
1724 1144 1898 1183 Diaconos
1911 1168 1922 1184 ‚
1932 1147 2073 1180 affirmat
2081 1145 2158 1180 fuis:

1276 1192 1307 1228 se
1320 1191 1409 1229 solos
1420 1191 1586 1230 undecim.
1615 1193 1658 1226 Et
1669 1193 1817 1237 loquitur
1827 1205 1867 1228 ex
1880 1194 2042 1238 synodali
2062 1193 2160 1229 Rela-

1278 1241 1406 1279 tiones.
1421 1239 1602 1277 Alexandri
1615 1241 1656 1278 ad
1666 1243 1695 1278 S,
1718 1243 1926 1285 Sylvestrum.
1954 1243 2101 1280 Proinde
2122 1244 2159 1279 in

1280 1291 1483 1330 Universum
1497 1302 1564 1326 non
1577 1291 1696 1338 poffint
1709 1292 1802 1327 fuisse
1814 1293 1872 1326 nisi
1885 1292 2083 1328 duodecim:
2104 1295 2161 1331 Ser

1278 1352 1367 1384 ptem
1378 1339 1584 1384 Presbyteri,
1614 1342 1647 1375 ὅ(
1662 1341 1807 1385 quinque
1821 1343 1975 1378 Diaconi.
2003 1343 2159 1379 Praeterea

1277 1389 1511 1428 Theodoretus
1523 1391 1691 1429 Achillam
1704 1417 1715 1433 ‚
1727 1392 1904 1426 secundum
1916 1392 2049 1434 Arium,
2061 1392 2161 1426 Etha-

1278 1442 1343 1478 lem
1356 1465 1366 1480 ‚
1377 1452 1414 1474 ac
1429 1442 1611 1477 Sarmatam
1623 1442 1710 1475 inter
1721 1443 1893 1477 Diaconos
1906 1456 1915 1485 3
1939 1443 2070 1479 sanstus
2082 1442 2162 1486 Epi-

1279 1488 1418 1534 phanius
1443 1502 1591 1527 numerat
1616 1492 1701 1528 inter
1713 1491 1931 1534 Presbyteros.
1958 1493 2003 1528 Et
2025 1491 2161 1537 quidem

1279 1590 1340 1626 cha
1352 1590 1540 1624 Alexander
1552 1590 1659 1634 palam
1671 1592 1815 1626 adserere
1827 1593 1862 1626 in
1873 1592 1975 1629 literis
1985 1592 2026 1627 ad
2037 1593 2068 1627 S.
2081 1591 2162 1626 Ale-

1280 1640 1443 1678 xandrum
1489 1642 1691 1685 Episcopum
1736 1637 2161 1686 Constantinopolitanum.

1281 1743 1374 1779 fuisse
1384 1742 1551 1779 aemulatos
1563 1739 1770 1779 Colluthum.
1794 1742 1901 1790 *Qod
1925 1743 1997 1779 fieri
2014 1752 2085 1776 non
2105 1751 2164 1787 po-

1280 1793 1344 1828 tuit
1353 1817 1364 1833 ,
1390 1792 1449 1825 nisi
1462 1793 1481 1828 ὲ
1493 1791 1703 1835 Presbyteris.
2066 1829 2071 1834 ἡ

1331 1840 1498 1876 Secundus
1510 1841 1612 1877 Atius
1621 1867 1632 1883 ‚
1658 1840 1794 1879 Ethales
1803 1868 1814 1884 ,
1826 1843 1987 1877 sarmatas
1999 1866 2009 1883 ‚
2034 1841 2138 1886 Julius
2149 1864 2163 1883 .

1281 1905 1318 1928 ac
1330 1892 1451 1926 Menas
1457 1892 1530 1927 sunt
1543 1891 1641 1927 nobis
1651 1893 1723 1927 noti
1732 1904 1772 1926 ex
1786 1892 1856 1927 solo
1869 1892 1931 1926 isto
1943 1891 2070 1934 scelere,
2083 1903 2165 1936 quo-

1282 1943 1323 1978 ad
1336 1952 1448 1977 car-tera
1461 1942 1648 1975 manserunt
1661 1942 1837 1985 incogniti.
1858 1942 2020 1979 Rationes
2030 1943 2162 1988 ignoro.

1284 1993 1375 2027 Ante
1385 1991 1557 2025 famosiora
1569 1991 1714 2024 facinora
1725 1991 1846 2034 possint
1855 1992 1919 2027 effe
1928 1993 2084 2029 defuncti.
2107 1991 2164 2027 De·

1284 2043 1432 2086 Georgio
1445 2040 1511 2075 haec
1524 2040 1634 2075 scribit
1645 2042 1770 2075 sanetus
1792 2041 1991 2077 Athanasius
2017 2044 2054 2080 in
2076 2041 2164 2079 libro

1283 2093 1323 2128 de
1337 2091 1480 2135 synodis
1491 2126 1493 2129 ,
1504 2090 1701 2127 Ariminensi
1722 2103 1759 2125 ac
1780 2091 1990 2126 Seleucienfi:
2019 2096 2166 2136 Georgius

1284 2144 1323 2176 ab
1347 2142 1516 2180 Alexandro
1539 2141 1572 2173 ob
1592 2143 1655 2175 alia
1671 2143 1790 2183 quidem
1807 2148 1934 2175 crimina
1947 2167 1958 2183 ‚
1978 2141 2038 2186 sed
2055 2141 2167 2185 potiffi·

1285 2194 1363 2226 mum
1376 2202 1476 2225 tamen
1486 2191 1518 2223 ob
1529 2198 1713 2233 impietatem
1724 2192 1849 2233 reiellus
1860 2191 1898 2232 est
1907 2217 1918 2234 ,
1930 2204 1996 2226 cum
2007 2195 2072 2236 esset
2081 2193 2165 2228 illius

1286 2243 1449 2282 Presbyter.
1478 2243 1521 2275 Et
1546 2243 1580 2275 in
1605 2243 1706 2286 prima
1729 2241 1998 2278 contraArianos
2014 2243 2167 2286 Disputa-

1286 2294 1378 2328 tione
1386 2302 1555 2327 enumerat
1567 2293 1673 2329 varios
1684 2292 1830 2329 turbines
1840 2317 1851 2332 ,
1878 2292 1924 2327 ob
1935 2294 2060 2326 fervens
2071 2291 2166 2326 Aria-

1287 2355 1334 2377 nae
1344 2343 1522 2386 impietatis
1532 2342 1751 2385 patrocinium
1763 2341 1804 2376 ab
1814 2342 1998 2379 Eusebiaiia
2009 2342 2167 2379 Fastione

1286 2403 1456 2438 promotos
1467 2392 1508 2427 ad
1522 2393 1777 2436 Episcopatum,
1805 2403 1842 2425 ac
1857 2393 1940 2427 inter
1963 2392 2051 2436 ipsos
2071 2390 2168 2435 ponit

1288 2443 1375 2478 hunc
1384 2443 1590 2487 Georgium,
1615 2443 1650 2475 in
1665 2443 1767 2487 prima
1790 2443 1882 2486 Syria
1905 2442 2069 2478 donatum
2089 2440 2170 2484 Epi-

1290 2495 1420 2537 scopatu
1436 2492 1642 2528 Laodicensi.
1669 2493 1712 2525 Et
1726 2493 1759 2525 in
1772 2492 1912 2529 secunda
1925 2493 1980 2529 sua
1995 2490 2169 2535 Apologia

1290 2543 1416 2577 scrIbit:
1446 2543 1608 2585 Numquid
1628 2554 1685 2575 non
1706 2544 1742 2576 de
1763 2546 1883 2585 Georgia
1900 2542 2061 2584 probatum
2075 2540 2144 2582 fuit
2155 2563 2169 2581 ,

1288 2606 1354 2629 eum
1365 2593 1402 2625 ab
1414 2594 1514 2625 ordine
1518 2591 1568 2635 sui
1579 2594 1738 2626 sacerdotii
1741 2592 1830 2636 fuiffe
1850 2595 1869 2625 ἃ
1889 2592 1974 2628 beato
1993 2591 2169 2624 Alexandro

1288 2643 1434 2684 ejec‘ium?
1462 2643 1504 2682 Et
1516 2642 1640 2678 ibidem
1651 2643 1734 2676 infra
1747 2642 1856 2678 scribit
1867 2642 1908 2676 de
1921 2641 2099 2678 sardicenfi
2111 2641 2168 2684 Sy-

1294 2693 1400 2729 nodo·:
1424 2694 1579 2735 Georgium
1587 2716 1597 2731 ‚
1606 2701 1663 2733 per
1674 2702 1783 2725 metum
1793 2691 1849 2724 huc
1858 2692 1896 2724 ab
1909 2697 2030 2726 Oriente
2040 2702 2097 2724 non
2110 2701 2170 2723 aun

1291 2745 1408 2776 dentem
1419 2748 1521 2775 venire
1531 2766 1542 2782 ‚
1564 2740 1622 2784 fied
1630 2752 1731 2777 tamen
1743 2744 1762 2774 ἃ
1776 2742 1860 2775 beato
1871 2743 2043 2776 Alexandro
2062 2737 2168 2782 depcfi-

1291 2803 1374 2832 tum,
1402 2803 1464 2825 tum
1484 2798 1555 2834 quia
1570 2789 1700 2834 fellator
1721 2791 1759 2835 est
1774 2796 1904 2826 ‚Arianae
1916 2792 2030 2832 rabiei,
2054 2799 2120 2823 tum
2132 2787 2169 2821 ob

1290 2852 1407 2880 reatum
1435 2848 1590 2878 criminum
1613 2865 1624 2881 ,
1659 2840 1859 2884 Sacro-simlia
1878 2843 2007 2886 synodus
2024 2843 2171 2874 communi

1291 2894 1397 2926 calculo
1406 2891 1632 2927 exauc‘loratum
1650 2894 1766 2927 omnino
1787 2892 1827 2925 ab
1850 2893 1946 2933 Officio
1969 2880 2169 2933 Epifiopatus

1294 2993 1371 3031 byter
1379 2994 1399 3023 ἃ
1406 2990 1460 3034 suo
1473 2992 1587 3034 OraLt'ne
1592 2990 1745 3034 submotus
1751 2991 1820 3033 fuit
1832 3003 1839 3022 ι
1869 3002 1921 3024 nec
1929 2988 2078 3031 eiprqfiiit
2091 2988 2172 3029 quod

1292 3040 1320 3082 fe
1331 3040 1508 3084 Episcopum
1520 3048 1680 3075 nominarit
1692 3066 1703 3082 ‚
1729 3044 1786 3086 quo
1797 3041 1894 3074 minus
1914 3040 2044 3075 Sardicae
2064 3045 2095 3070 in
2108 3049 2170 3070 ma-

1294 3141 1431 3177 exordio
1442 3141 1579 3177 affirmat
1593 3141 1776 3186 Georgium
1787 3139 1880 3174 fuisse
1890 3149 1995 3172 unum
2016 3137 2034 3171 ἐ
2055 3139 2115 3171 suae
2124 3137 2174 3170 fu·

1295 3202 1339 3234 gae
1350 3191 1596 3227 accusatoribus.
1625 3192 1669 3227 Et
1690 3193 1726 3227 in
1747 3188 1894 3232 Epistola
1912 3188 1953 3223 ad
1965 3188 2039 3223 suos
2052 3187 2174 3220 Mona-

1295 3239 1374 3275 chos
1383 3241 1519 3276 affirmat
1542 3241 1646 3276 varios
1671 3238 1848 3276 nebulones
1858 3237 1899 3273 ab
1917 3236 2102 3271 Eusebiana
2115 3237 2174 3269 Fa-

1296 3290 1402 3324 fflone
1414 3291 1506 3324 fuisse
1527 3291 1668 3324 intrusos
1690 3291 1724 3322 in
1749 3287 1956 3331 Episcopales
1967 3285 2146 3320 cathedras
2159 3310 2174 3327 ‚

1296 3349 1327 3371 ut
1338 3351 1385 3372 eos
1396 3347 1428 3371 in
1435 3338 1493 3382 fica
1504 3346 1658 3383 impietate
1663 3338 1754 3382 socios
1765 3340 1799 3374 (5
1819 3339 1988 3377 conjuratos
2007 3336 2150 3369 haberent
2163 3348 2174 3370 :

1299 3390 1339 3421 Et
1350 3389 1434 3422 inter
1451 3389 1514 3426 hos
1535 3391 1630 3433 ponit
1651 3389 1750 3423 etiam
1784 3386 1966 3430 Georgium
1990 3385 2176 3425 Laodicen-

1300 3440 1371 3471 sem.
1401 3439 1581 3484 Georgium
1603 3438 1694 3473 fuisse
1717 3437 1938 3471 Vertumnum
1960 3460 1970 3475 ‚
1997 3435 2175 3471 declinasse

1300 3487 1338 3521 ad
1351 3488 1616 3532 Semi-Arianos,
1641 3489 1675 3524 &z
1696 3495 1772 3524 cum
1793 3487 1850 3524 suo
1872 3486 1973 3523 etiam
2000 3485 2176 3523 Confratre

2071 3535 2178 3571 Euz0=

1280 1540 1452 1579 Achillam
1466 1542 1564 1578 fuisse
1576 1540 1808 1585 Presbyterum
1825 1542 1959 1584 ,videtur
1979 1543 2009 1576 S.
2022 1542 2163 1578 Patriar-
2178 1531 2182 1536 ’

1282 1691 1434 1728 Affirmat
1455 1690 1574 1729 Arium
1594 1692 1629 1726 ὅ(
1651 1690 1819 1726 Achillam
1839 1692 1922 1728 inita
1933 1692 2179 1735 conjuratione¹

1289 2941 1450 2984 submovet.
1479 2942 1522 2974 Et
1536 2942 1570 2974 in
1584 2942 1687 2984 prima
1699 2942 1889 2986 Apologia:
1917 2945 2056 2983 Georgius
2081 2941 2170 2970 Pres-
2207 2934 2209 2940 ’

1292 3103 1348 3135 gno
1368 3092 1495 3124 Concilio
1515 3092 1716 3134 deponeretur.
1758 3092 1796 3127 ln
1823 3088 1966 3132 ejusdem
1991 3086 2188 3131 Apologiae'
