2346 3776
635 99 1076 151 D1ssERTAT10
1126 94 1546 149 Paconium:

1939 125 2006 163 123

180 185 427 224 Sacramentum
446 180 612 219 accederet
634 205 646 221 ,
670 180 879 224 justificaflet.
920 178 1064 214 Proinde
1105 215 1107 218 ,
1130 184 1197 222 quis
1209 180 1311 220 dicat,
1336 179 1402 212 ideo
1412 178 1517 212 debere
1527 182 1584 212 Dei
1604 175 1752 221 Ministros
1766 179 1875 228 sug'ere
1895 184 1916 218 ἃ
1935 185 2005 218 tau.

179 236 336 271 traditam
348 238 383 270 in
394 235 463 270 istis
473 232 583 268 Libris
594 230 790 270 doctrinam,
801 240 901 275 quam
912 228 1013 263 solam
1029 230 1062 263 in

1129 230 1185 262 bus
1206 228 1429 262 imminentibus
1452 230 1541 262 malis
1563 253 1574 269 ,
1598 238 1633 262 ut
1658 228 1692 273 fi·
1710 238 1770 272 pro
1788 235 1917 268 utilitato
1943 238 2006 268 Ec·

180 295 331 321 extremo
353 282 491 320 articulo
511 283 579 316 fine
588 282 800 316 sacramento
815 278 1063 314 Contritionem
1129 278 1217 320 clefiae
1238 278 1417 321 tempor-ibus
1437 279 1695 321 tranquillioribus
1707 278 1821 323 servet.
1849 283 1939 317 Retie*
1949 283 2002 317 hoc

181 335 355 379 justificare
367 334 559 371 asseruerat,
587 330 796 365 moderatur·
823 330 878 364 De
887 328 956 371 ejus
967 328 1066 363 firmi-

1126 329 1164 371 fir
1187 331 1207 361 ὰ
1227 327 1422 371 quibusdam,
1448 330 1567 371 quando
1577 341 1634 362 non
1641 328 1748 372 defient
1767 331 1821 363 alii
1833 354 1844 371 ,
1867 338 2007 374 perquer

181 395 252 420 tate
260 384 408 421 dubitat.
433 383 476 416 Et
490 380 575 416 hanc
588 380 732 416 omnino
743 378 928 423 Epistulam
940 379 1066 413 secutus
1126 377 1303 421 suppleatur
1320 377 1547 420 Ecclqfiaflicum
1573 378 1769 419 Minister-ium
1794 405 1805 420 ,
1831 391 1868 413 ne
1892 380 1932 412 ab
1951 393 2011 413 om-

181 436 247 470 fuit
256 436 383 469 sanetus
392 431 608 477 Fulgentius
599 442 634 465 in
646 430 797 466 Librode
821 429 990 472 Baptismo
1007 428 1069 461 AE·

181 484 315 527 thiopis.
344 483 443 516 Plura
454 481 544 516 dixi
535 493 570 515 m
583 480 820 518 Dissertatione
828 478 871 516 de
880 476 1067 515 Christiana

183 533 422 573 Contritione.

235 583 418 617 Laudatarn
438 583 527 616 suam
541 606 552 622 ‚
577 593 650 626 qum
670 579 849 625 Epistopos
869 578 902 612 δε
922 579 1070 615 Clericos

184 642 276 668 vetat
299 634 414 678 fugere
433 656 452 673 ,,
471 632 693 667 Affertioncm
714 630 841 663 sanstus
862 628 1070 674 Augustinus

183 681 304 727 probat
313 695 357 717 ex
365 683 439 717 aliis
449 682 580 726 insuper
599 679 775 726 principiis.
803 678 982 721 Postquam
995 679 1072 712 His-

182 743 310 776 panos,
336 733 398 776 qui
412 732 457 767 ob
468 732 566 776 plane
586 731 724 766 desertas
746 730 819 763 suas
841 728 1002 763 Ecelefias
1021 729 1070 762 fu-

182 792 298 827 gerant
309 806 320 823 ,
347 783 529 826 Episcopus
541 781 706 820 laudarat,
717 778 922 823 prosequitur
936 792 946 811 ,π
974 780 1005 811 si
1017 779 1071 811 ali-

185 839 239 875 qui
248 831 443 875 deserueram
448 831 553 873 plebes
558 829 699 873 suas,boc
707 828 745 869 est
754 830 838 871 quod
855 830 982 862 dicimus
998 828 1072 870 fieri

186 894 247 916 non
255 882 370 921 deberet
396 886 506 924 Neque
514 885 595 915 enim
605 882 681 913 tales
689 879 767 913 dedii
778 879 960 913 Autiorieate
982 882 1073 911 Divi-

184 944 251 971 na,
270 930 634 974 fidbuma'navelerrore
643 931 779 972 decepti,
805 930 858 963 vel
876 935 979 962 timore
999 926 1073 971 sunt

183 981 269 1015 villi.
297 984 362 1014 Cur
381 987 464 1014 enim
485 979 542 1022 fibi
568 988 682 1022 putant
703 979 909 1020 indifferenter
929 978 1072 1021 obtempe-

185 1031 536 1075 randumeffepraecepto
548 1053 560 1070 ,
584 1029 635 1063 ubi
646 1031 792 1074 leguntde
813 1034 950 1063 civitate
970 1035 1003 1062 in
1023 1033 1074 1062 ci-

182 1086 318 1115 vitatem
343 1081 394 1123 effe
407 1080 612 1125 fugiendum,
631 1082 665 1114 (⁰5
675 1084 890 1112 Mercenarium
901 1091 958 1112 non
970 1077 1074 1112 exhor-

183 1140 256 1166 rent
267 1155 279 1171 ‚
304 1137 355 1174 qui
367 1132 454 1167 videt
465 1134 587 1172 Lupum
597 1136 768 1163 venientem
777 1154 787 1170 ‚
799 1128 1071 1173 &fugitquoniam

185 1180 293 1221 nonest
302 1187 329 1214 ei
339 1192 414 1214 cum
423 1182 462 1213 de
471 1180 578 1213 ovibus
590 1181 604 1213 ἓ
628 1182 694 1213 Cur
705 1191 764 1212 non
773 1178 843 1220 istas
851 1181 929 1212 duas
939 1182 1071 1211 Domini-

183 1241 240 1264 cas
252 1254 263 1271 ‚
288 1228 435 1273 verasque
454 1231 626 1267 Sententias
640 1252 651 1268 ‚
676 1240 771 1261 unam
790 1227 905 1270 scilicet
927 1228 977 1261 ubi
993 1227 1072 1271 fuga

186 1279 291 1321 finitur
312 1290 367 1314 aut
382 1279 528 1321 jubetur,
554 1280 685 1311 alteram
700 1277 750 1309 ubi
766 1282 904 1320 arguitur
924 1278 959 1310 Θ
973 1278 1072 1319 culpa-

187 1339 243 1366 tur-
253 1355 263 1371 ‚
281 1329 322 1371 fic
340 1327 628 1371 intelligerestudent
637 1350 649 1365 ,
674 1335 708 1358 ut
720 1332 800 1358 inter
805 1325 840 1368 se
852 1337 910 1358 non
920 1333 1072 1368 repertan-

187 1389 240 1414 tur
248 1380 299 1423 effe
309 1383 467 1412 contrariae
478 1402 489 1418 ,
509 1375 584 1418 ficut
600 1387 659 1409 non
674 1374 773 1419 sunt?
798 1378 846 1409 Et
867 1375 918 1409 hoc
930 1378 1070 1418 quomodo

187 1435 337 1471 reperitur
349 1452 358 1468 ‚
384 1427 440 1467 nisi
445 1427 623 1460 attendatur
632 1451 642 1467 ‚
654 1427 807 1468 quodiam
820 1424 960 1469 superius
971 1425 1070 1469 dispu-

179 1486 258 1514 ⁴saw
269 1505 281 1521 ,
305 1489 375 1512 tunc
385 1480 422 1512 de
432 1479 501 1510 locis
510 1502 520 1518 ,
547 1483 582 1509 in
592 1476 699 1519 quibus
704 1474 810 1518 sumus
823 1500 833 1515 ‚
839 1484 994 1517 premente
1001 1484 1072 1518 per-

183 1527 332 1572 secutione
349 1528 401 1572 effe
419 1527 599 1571 fugiendum
620 1525 731 1567 Christi
753 1525 896 1565 Ministris
916 1551 926 1567 ‚
956 1528 1072 1569 quando

187 1579 232 1613 ibi
244 1588 298 1612 aut
320 1578 409 1613 Plebs
422 1577 531 1616 christi
542 1576 702 1619 nonfuerit
713 1601 724 1618 ‚
749 1582 796 1611 cui
806 1575 1001 1618 ministretur,
1013 1587 1070 1611 aut

185 1635 280 1664 etiam
289 1628 408 1671 fuerit,
433 1629 468 1663 et
485 1627 578 1670 potest
595 1630 711 1670 impleri
729 1636 788 1670 per
798 1631 873 1662 alios
884 1629 1069 1672 necessarium

180 1679 383 1720 linisterium
394 1703 405 1720 ‚
430 1678 539 1722 'quibus
551 1678 767 1719 nonesteadem
776 1681 873 1722 cauffa
886 1679 1034 1724 fugiendi
1062 1704 1071 1719 ‚

181 1729 256 1774 ficut
277 1736 311 1762 in
326 1728 433 1772 sporta
447 1728 603 1773 submiffus
621 1754 632 1770 ‚
650 1729 736 1773 fugit
764 1729 911 1772 Apostolus
925 1754 935 1771 ‚
960 1742 1026 1763 cum
1052 1733 1072 1762 ἃ

189 1777 377 1822 Persecutore
400 1781 519 1820 proprie
545 1778 607 1822 ipse
638 1790 820 1821 quaereretur
840 1805 850 1820 ‚
877 1781 946 1813 aliis
974 1787 1072 1823 utique

182 1829 308 1875 similem
329 1830 516 1868 neceffitatem
535 1840 592 1860 non
610 1827 789 1862 habentibus
810 1853 822 1869 ,
847 1832 867 1861 ἃ
880 1830 988 1871 quibus
1013 1831 1073 1863 illic

180 1878 588 1919 >Minsseriumimpleretum
617 1877 694 1920 Abfit
712 1888 747 1911 ut
771 1878 953 1922 desereretur
975 1880 1073 1914 Eccle-

182 1927 247 1971 fia.
273 1926 539 1971 Sicfugitsancffus
558 1927 735 1969 Athanafius
753 1929 975 1962 Alexandrinus
999 1932 1074 1971 Epi-

184 1976 291 2023 fiopus
302 2001 313 2017 ‚
337 1978 402 2010 etim
421 1988 488 2010 eum
498 1974 667 2020 specialiter
688 1978 910 2019 apprehendere
933 1979 1074 2020 Constan-

190 2034 254 2061 tius
272 2035 393 2068 cuperet
409 2031 588 2068 Imperator,
619 2038 807 2069 nequaquam
824 2030 844 2060 ἃ
854 2034 970 2061 cateris
982 2032 1074 2061 Mini-

185 2077 260 2121 stris
271 2075 389 2120 defi-na
392 2076 479 2118 plebe
489 2075 644 2110 Catholica
654 2101 664 2118 ‚
687 2089 755 2120 quae
765 2084 799 2111 in
810 2079 994 2111 Alexandria
1003 2090 1073 2111 com-

188 2127 348 2161 manebat.
377 2127 420 2160 Et
445 2126 530 2160 infra
557 2128 660 2172 pergit
673 2141 684 2160 .·
711 2132 784 2160 Non
796 2129 914 2170 quidem
936 2130 1008 2162 talis
1034 2127 1071 2168 est

188 2177 244 2218 ssa
263 2175 417 2219 tempestas
444 2200 456 2216 ,
491 2178 612 2218 quando
648 2180 806 2211 Laicorum
832 2179 866 2211 <St
893 2179 1072 2211 elericorum

189 2226 230 2267 «ιβ
250 2237 397 2260 commune
414 2227 579 2268 periculum
593 2251 602 2267 ‚
622 2225 696 2269 ficut
714 2233 747 2259 in
764 2234 839 2261 navi
865 2238 926 2269 una
949 2239 1072 2261 commu-

189 2286 227 2312 ne
248 2276 287 2317 est
300 2278 464 2319 periculum
483 2279 680 2310 Mercatorum
700 2287 791 2320 atque
804 2282 991 2311 Nautarum.
1019 2282 1071 2311 Ve-

188 2338 257 2361 rum
276 2326 349 2368 abfit
367 2335 401 2359 ut
423 2332 505 2359 tanti
520 2328 684 2368 pendenda
695 2326 735 2368 fit
759 2326 821 2360 baec
841 2333 934 2360 navis
952 2328 1069 2368 nostra,

187 2387 223 2411 ut
242 2376 370 2410 debeant
389 2388 456 2409 eam
479 2380 597 2409 Nautae
619 2401 629 2417 ‚
654 2378 689 2410 ὁ·
715 2379 847 2411 maxime
873 2378 1071 2419 Gubernator,

182 2429 406 2470 ‘periclitantem
426 2423 558 2469 deserere
580 2451 591 2467 ‚
614 2426 733 2473 <tiamst‘
752 2433 785 2459 in
817 2427 969 2469 Scapham
988 2437 1071 2460 tran-

181 2475 377 2520 filiendovel
396 2481 487 2509 etiam
508 2478 640 2510 natando
655 2478 738 2518 pofflt
762 2477 887 2521 effligere
912 2503 919 2509 .
948 2478 1069 2520 ‚Quibus

189 2531 269 2558 onim
290 2531 448 2558 metuimus
464 2548 475 2566 ,
501 2537 537 2558 ne
554 2525 649 2565 nostra
658 2525 820 2569 desertione
829 2536 958 2568 pereant
982 2552 992 2567 ‚
1013 2539 1070 2561 non

189 2576 383 2617 temporalem
403 2584 546 2615 mortem,
573 2587 644 2617 quae
660 2571 838 2619 quandoque
857 2586 986 2610 ventura
1008 2577 1045 2618 est
1058 2603 1068 2618 ,

184 2619 243 2669 fid
263 2633 427 2666 aeternamr,
453 2635 521 2666 quae
527 2624 640 2666 potest,
659 2624 691 2667 fi
705 2637 761 2658 non
781 2636 947 2667 caveatur,
967 2634 1067 2661 eveni-

187 2686 238 2715 re,
265 2674 415 2717 &potest
435 2673 466 2716 fi
474 2684 619 2708 caveatur
630 2700 640 2716 ,
667 2682 761 2708 etiam
770 2688 827 2709 non
843 2683 964 2710 evenire
976 2701 985 2716 ‚
1011 2690 1068 2711 me-

187 2731 319 2758 tuimus.
346 2729 535 2757 Incommuni
546 2734 645 2758 autem
661 2727 791 2767 periculo
811 2733 889 2760 vitae
899 2727 990 2768 hujus
1017 2739 1068 2760 cur

188 2773 412 2815 existimamus,
436 2774 609 2818 ubicumque
634 2774 735 2816 fuerit
764 2775 872 2817 hostilis
895 2775 1028 2820 incursus
1056 2802 1066 2818 ‚

184 2836 293 2858 ¹omnes
318 2825 468 2864 clericos,
494 2826 595 2858 &non
604 2832 694 2858 etiam
706 2837 804 2860 omnes
816 2830 921 2860 Laicos
942 2828 992 2869 effi!
1012 2840 1068 2860 mo-

188 2881 300 2909 rituros
315 2899 326 2914 ,
352 2883 388 2906 ut>
399 2872 489 2915 simul
501 2874 614 2915 finiant
636 2874 713 2909 hanc
727 2883 843 2918 vitam,
868 2875 991 2920 cuisunt
1004 2879 1068 2911 Cle-

185 2931 239 2957 rici
263 2924 407 2967 necessarii
422 2924 443 2955 ἓ·

236 2974 282 3007 Et
302 2971 359 3007 his-
373 2972 533 3007 habemus
549 2974 683 3009 tertiam·
699 2976 797 3010 sanai
816 2975 995 3022 Augustini
1007 2976 1067 3011 As-

187 3024 366 3059 fertionem-
385 3047 396 3063 ,
423 3023 542 3065 nempe
560 3024 648 3066 quod
670 3025 732 3058 smt
762 3026 865 3070 aliqui
884 3028 978 3061 casus
993 3052 1003 3067 ‚
1030 3028 1065 3061 in

188 3073 328 3117 quibus,
355 3073 431 3107 licet
453 3072 600 3116 Populus
610 3085 678 3107 non
688 3075 792 3120 fugiat
805 3101 815 3116 ,
830 3077 1010 3120 Episcopus
1020 3088 1067 3110 ta-

188 3134 265 3158 men
276 3134 331 3158 aut
354 3123 503 3157 Clericus
515 3122 609 3166 poffit
620 3148 630 3163 ‚
657 3124 762 3158 immo
772 3126 806 3160 &
815 3126 931 3161 debeat
944 3128 1065 3171 fugere.

187 3171 315 3208 Primus
324 3175 416 3207 casus
426 3172 470 3206 est
491 3197 501 3212 ,
528 3172 606 3206 dum
619 3175 691 3216 quis
704 3175 884 3219 Episcopus
894 3186 951 3210 aut
964 3177 1067 3211 Cleri-

188 3233 246 3255 cus
269 3234 308 3256 ex
329 3223 482 3267 singulari
500 3222 711 3263 Gentilium,
738 3236 793 3259 aut
808 3227 1065 3266 Haeredcorum,

189 3281 251 3305 aut·
263 3274 455 3316 quorumvis
472 3274 735 3316 persequentium
754 3274 833 3308 odio
854 3277 1004 3319 quaerituf
1026 3277 1065 3310 ad

190 3331 330 3357 mortem
343 3323 392 3355 vel
402 3333 570 3357 carcerem.
585 3322 627 3356 Et
641 3324 764 3358 sanstus
779 3324 984 3369 Augustinus
996 3337 1068 3369 pro·

192 3370 249 3405 bat
270 3368 334 3404 hoc
355 3383 423 3405 non
441 3372 674 3407 tantummode>
685 3385 740 3417 per
750 3374 956 3409 sanctipauli
977 3375 1067 3419 Apo-

191 3419 366 3460 ss011‚sed
377 3422 475 3455 etiarn
486 3434 540 3464 per
550 3423 738 3466 exemplum
750 3424 870 3469 Magni
884 3423 1064 3460 Athanasii.

191 3470 237 3506 Et
251 3468 315 3504 hoc
337 3470 491 3512 posterius
511 3471 682 3517 insigniter
708 3474 877 3511 elucidat:
906 3478 963 3510 Hic
982 3475 1066 3519 forte³

294 3519 410 3565 Diffitt
418 3522 540 3555 From,
553 3525 630 3557 Tom.
642 3527 666 3557 Ι.

1131 428 1219 460 nibus
1241 427 1408 472 deseratur.
1433 430 1528 471 ,Quod
1537 428 1638 472 feciffe
1659 427 1954 473 Athanafiumfitpra
1964 431 2011 462 di-

1132 483 1231 510 ximus
1243 502 1250 509 .
1279 482 1366 510 Nam
1385 480 1532 520 quantum
1552 480 1737 522 neceffarium
1748 479 1850 521 fuerit
1861 478 2010 521 Ecclefiae,

1130 537 1331 570 quantumque
1346 527 1516 570 proficerit,
1542 530 1622 571 quod
1639 534 1690 562 vir
1710 531 1759 563 ille
1780 529 1887 572 manfit
1904 535 1937 563 in
1948 541 2013 562 car-

1132 589 1190 617 ne,
1215 577 1370 611 Catholtca
1387 579 1482 611 Fides
1502 585 1608 618 novit,
1633 589 1702 621 quae
1722 581 1872 614 adversus
1883 584 2013 613 Arianos

1131 627 1280 660 baereticos
1303 639 1350 661 ore
1370 629 1451 661 illim·
1471 629 1506 661 Θ·
1525 636 1622 661 amore
1643 627 1767 671 defensa
1798 629 1846 670 est.
1885 629 2014 664 Eadem

1131 677 1173 711 de
1196 679 1301 711 cauffa
1321 679 1464 711 sanctum
1475 676 1609 712 Petrum
1620 676 1821 722 Apostolum
1834 703 1844 719 ‚
1857 690 1956 722 quem
1966 680 2015 713 so-

1133 727 1202 760 lum
1213 727 1373 771 quaerebat
1390 728 1466 762 Rex
1490 727 1643 762 Herodes
1663 728 1836 768 occidere,
1863 728 2016 763 Christus

1133 777 1302 815 Dominus
1310 788 1366 821 per
1377 777 1547 822 Angelum
1558 777 1673 812 eduxit
1682 777 1701 812 ὲ
1709 789 1842 812 carcere.
1869 778 2022 823 Magnus

1134 825 1332 861 Athanasius
1342 827 1462 872 infigni
1473 827 1643 873 Apologia
1668 827 1904 863 demonstravit
1920 829 2018 861 suum

1133 876 1268 910 Fadium
1279 877 1372 911 fuiffe
1384 888 1454 911 non
1465 877 1636 912 dumtaxat
1647 877 1776 914 licitum
1789 903 1800 919 ‚
1825 876 1881 912 sed
1890 879 1925 913 δε
1933 877 2018 912 obli-

1133 926 1309 970 gatorium.
1337 927 1381 960 Et
1393 927 1435 961 de
1449 928 1559 962 saneto
1571 927 1758 973 Polycarpo
1769 953 1781 969 ,
1806 927 1886 962 dum
1897 929 1916 962 a
1938 928 2019 961 Fru-

1134 976 1303 1009 mentariis
1312 986 1503 1020 quaereretur
1513 1002 1524 1017 ,
1539 978 1739 1021 Smyrnenfis
1751 978 1893 1013 Ecclesia
1905 976 2019 1013 scribit

1134 1025 1175 1059 ad
1186 1025 1287 1060 Ponti
1300 1026 1473 1060 Ecclefias:
1502 1030 1696 1069 Polycarpus,
1722 1034 1863 1071 quamvis
1873 1034 1908 1062 in
1919 1034 2019 1062 anim

1134 1074 1256 1108 baberet
1275 1076 1336 1110 illie
1355 1081 1388 1107 in
1399 1080 1537 1109 civitate
1549 1088 1785 1118 manere‚tamen
1796 1077 2019 1112 Familiaeribm*

1130 1125 1303 1166 petentibus
1314 1123 1574 1168 &obsecrantibus
1585 1151 1596 1166 ‚
1623 1136 1658 1159 ut
1670 1126 1706 1170 se
1727 1130 1797 1161 inde
1802 1126 1981 1170 fiebduceret
2007 1151 2020 1168 ,

1134 1176 1252 1207 demum
1262 1186 1374 1208 morem
1377 1177 1466 1219 geffit.
1495 1177 1545 1208 Ad
1553 1178 1660 1210 villam
1671 1200 1681 1216 ‚
1707 1183 1767 1209 non
1777 1178 1862 1220 long?
1883 1177 1923 1210 ab
1942 1176 2021 1210 Urbe

1135 1224 1314 1265 distantem,
1335 1225 1550 1269 estprQressus.
1579 1227 1692 1261 Exstat
1705 1226 1853 1271 Epistola
1862 1227 1948 1270 apud
1958 1228 2019 1261 Ec·
2038 1233 2088 1265 Lib
2089 1238 2137 1273 4:

1134 1274 1341 1309 elefiasticam
1352 1275 1539 1310 Historiam
1550 1276 1763 1311 Quraeenfis
1787 1277 2155 1312 Eusebii.1bi-cat>·14

1136 1324 1212 1358 dem
1223 1325 1327 1359 exstat
1350 1325 1518 1369 Epistola,
1544 1337 1609 1370 qua
1620 1327 1746 1360 sandius
1757 1327 2053 1386 DionyfiusAlec
2038 1314 2098 1346 hb·
2126 1316 2157 1344 ⁶⁸

1137 1375 1279 1409 xandriae
1289 1374 1475 1410 Patriarcha
1486 1375 1528 1410 de
1539 1377 1650 1411 semet·
1639 1377 1723 1420 -ipso
1735 1376 1846 1411 stribit
1857 1377 1898 1412 ad
1909 1378 2023 1412 nescio
2038 1363 2099 1393 ΜΡ
2092 1360 2148 1391 33

1137 1436 1233 1468 quem
1242 1426 1466 1459 Germanum:
1494 1429 1564 1469 Ego
1581 1431 1751 1460 coramDeo
1763 1428 1884 1469 loquor.
1911 1433 2023 1470 Neque

1136 1477 1212 1508 certe
1233 1476 1271 1508 de
1285 1474 1365 1518 fuga
1378 1487 1488 1510 mecum
1500 1481 1532 1507 in
1547 1474 1717 1518 praesentia
1737 1482 1885 1519 cogitavi:
1911 1481 2023 1520 Neque

1137 1524 1222 1567 quast
1236 1530 1334 1558 invito
1358 1528 1438 1564 Deo,
1441 1517 1557 1557 ullam
1577 1524 1660 1566 feci.
1687 1528 1774 1569 Quin
1788 1532 1884 1559 ‘etiam
1901 1527 1981 1560 alias
2009 1551 2022 1567 ,

1136 1584 1280 1620 regnante
1294 1578 1406 1614 Decio,
1432 1584 1595 1618 antequam
1609 1573 1780 1618 persecutio
1788 1577 1896 1618 palam
1919 1587 2024 1611 contra

1136 1625 1317 1666 ChristIanos
1330 1626 1492 1659 ediceretur
1505 1649 1516 1665 ‚
1526 1637 1595 1658 cum
1601 1625 1729 1659 sabinus
1739 1627 1774 1659 id
1782 1633 1922 1669 temporis
1943 1632 2024 1661 Fru-

1137 1682 1321 1710 mentarium
1330 1677 1376 1708 ad
1385 1687 1431 1709 me
1435 1677 1673 1718 perquirendum
1685 1675 1795 1721 mififfet
1804 1702 1814 1718 ‚
1840 1689 1891 1722 ego
1901 1679 2025 1721 quadri⁴

1135 1728 1194 1760 duo
1214 1733 1246 1760 in
1267 1725 1381 1761 aedibus
1401 1735 1595 1760 commoratus
1628 1751 1639 1768 ,
1665 1729 1730 1768 eJ'us
1760 1729 1929 1772 aduentum
1962 1729 2025 1769 ‘affl'-

1136 1779 1194 1811 duo
1212 1779 1380 1820 expectavi.
1406 1776 1577 1812 llle'autem
1597 1779 1729 1821 undique
1751 1784 1911 1820 circumit,
1929 1784 2000 1812 vias
2012 1803 2023 1819 ,

1134 1828 1262 1869 fluvios,
1288 1841 1375 1872 agros
1394 1830 1520 1870 paffim‚
1547 1829 1599 1862 ubi
1612 1840 1659 1862 me
1667 1830 1790 1862 latitare
1805 1853 1816 1868 ,
1841 1838 1899 1862 aut
1907 1831 1969 1872 quo
1977 1828 2024 1862 me

1133 1877 1298 1919 profetiam
1308 1880 1360 1921 effe
1365 1877 1567 1921 suspicaretur
1581 1903 1592 1919 ,
1612 1877 1718 1921 sedulo
1733 1877 1935 1923 pervestigat.
1961 1879 2024 1912 Sed

1136 1933 1268 1961 caecitate
1290 1929 1325 1962 όν
1341 1926 1424 1970 quafi
1441 1929 1565 1971 caligine
1577 1952 1588 1968 ,
1614 1939 1650 1961 ne
1661 1930 1741 1961 aedes
1768 1938 1917 1971 quaereret
1931 1953 1942 1969 ‚
1954 1964 1956 1966 ,
1967 1934 2025 1961 cir-

1135 1976 1287 2020 cumfusus
1314 1977 1478 2011 tenebatur.
1515 1978 1577 2010 Sibi
1597 1990 1726 2021 namque
1755 1977 1949 2022 persuaserat
1974 1989 2022 2012 me

1132 2026 1330 2069 persecutione
1350 2034 1538 2068 appetitum,
1563 2029 1641 2060 domi
1661 2030 1736 2061 nolle
1754 2040 1871 2061 moram
1882 2028 1992 2070 facere·
2013 2054 2024 2061 .

1137 2081 1198 2109 Vix
1216 2078 1340 2110 tandem
1353 2076 1416 2118 post
1437 2078 1502 2110 dies
1524 2086 1649 2118 quatuor
1662 2102 1673 2117 ‚
1700 2082 1761 2110 Deo
1782 2077 1856 2110 mibi
1867 2102 1878 2118 ,
1905 2087 1940 2111 ut
1949 2080 2022 2112 inde

1137 2133 1295 2170 migr-arem
1310 2134 1524 2168 praecipiente‚
1551 2128 1585 2160 (5
1599 2125 1634 2170 fit
1655 2129 1830 2160 mirandum
1847 2133 1880 2160 in
1904 2130 2024 2161 modum

1137 2175 1220 2218 quast
1235 2178 1337 2210 duce-m
1358 2182 1476 2209 itineris
1494 2176 1650 2218 praebente
1673 2202 1683 2218 ‚
1709 2176 1770 2221 ipse
1783 2202 1798 2219 ,
1821 2178 1925 2212 Liberi
1950 2203 1960 2218 ‚
1988 2178 2023 2212 (5

1137 2227 1190 2258 alii
1213 2228 1300 2260 multi
1324 2231 1453 2259 Fratres
1468 2225 1557 2268 fimul
1573 2228 1656 2260 domo
1673 2229 1774 2272 egreffi'
1785 2226 1892 2270 sumus
1904 2254 1911 2260 .
1942 2229 2024 2261 S‘cri-

1138 2276 1185 2309 bit
1211 2278 1270 2310 suae
1289 2278 1372 2320 fugae
1395 2275 1610 2321 Apologiam.
1648 2277 1802 2311 Affirmat
1823 2279 1936 2322 fugam
1963 2277 2022 2311 fibi

1138 2327 1229 2360 fuisse
1249 2326 1421 2361 Divinitus
1432 2328 1630 2370 imperatam.
1660 2328 1704 2362 Et
1714 2327 1755 2361 de
1766 2326 1827 2361 hac
1840 2329 2022 2371 Episcopo-

1137 2388 1208 2409 rum
1221 2376 1472 2411 &elericorum
1483 2378 1560 2420 fuga
1577 2376 1687 2411 scribit
1711 2378 1900 2421 Origenes
1891 2390 1927 2411 m
1937 2380 2024 2413 osta-

1137 2437 1178 2459 vo
1200 2426 1302 2463 Libro
1323 2436 1437 2460 contra
1456 2426 1611 2460 Celsum.
1639 2432 1711 2460 Non
1733 2436 1812 2460 metu
1831 2426 2021 2468 Christianus
2038 2436 2079 2468 13
2087 2443 2166 2474 406

1127 2475 1236 2519 fugit,
1258 2475 1378 2518 etiamst
1374 2476 1512 2519 fugiat
1530 2475 1589 2519 sed
1601 2475 1733 2520 servans
1746 2479 1925 2510 mandatum
1938 2480 2023 2510 Prae-

1133 2533 1256 2567 ceptoris
1279 2525 1352 2569 fiii,
1377 2528 1412 2561 ά(
1437 2524 1473 2569 fio
1487 2534 1606 2569 purum
1621 2528 1667 2560 ad
1696 2528 1821 2560 aliorum
1856 2529 2021 2562 utilitatem

1133 2575 1292 2616 custodiens
1304 2599 1311 2607 .

1181 2626 1233 2660 Ex
1255 2626 1370 2661 eadem
1391 2626 1520 2671 Regula
1531 2626 1708 2661 Ecclesiam
1720 2627 1811 2662 suam
1821 2626 1969 2667 deservit,
1981 2639 2019 2662 ac

1131 2678 1166 2709 in
1190 2676 1328 2711 latebras
1341 2676 1461 2711 seceffit
1484 2678 1609 2711 sanstus
1620 2678 1806 2721 Cyprianus
1830 2702 1841 2717 ‚
1866 2677 1967 2711 &hac
1977 2677 2020 2712 de

1131 2738 1163 2760 re
1182 2725 1291 2760 scribit
1313 2726 1353 2761 ad
1375 2728 1472 2760 suurn¹
1491 2726 1626 2761 Clerum
1645 2742 1657 2760 .·
1697 2730 1894 2771 ,Quamquam
1918 2728 2017 2770 cauffa
2035 2729 2156 2768 Epist-⁶·-

1130 2778 1331 2818 compelleret,
1362 2786 1399 2810 ut
1414 2776 1476 2820 ipse
1495 2779 1540 2809 ad
1559 2789 1612 2810 vos
1617 2785 1780 2819 properare
1793 2779 1831 2810 &t
1847 2783 1950 2810 venire
1968 2779 2018 2811 de·

1129 2827 1245 2868 beremg
1271 2836 1377 2860 tamen>
1387 2828 1488 2868 potius
1511 2825 1611 2869 visum
1632 2826 1670 2866 est
1703 2826 1800 2859 adhuc
1831 2833 1950 2859 interim
1974 2828 2017 2860 la—

1129 2877 1244 2910 tebram
1270 2878 1305 2910 &⁸
1331 2883 1459 2918 quietem
1485 2887 1584 2910 tenere
1609 2875 1740 2919 respet‘lu
1762 2877 1927 2909 utilitatum
1940 2878 2015 2910 aliie-

1128 2939 1194 2959 rum
1210 2951 1220 2967 ,
1246 2938 1316 2969 quae
1337 2929 1380 2959 ad
1397 2935 1505 2968 pacem
1525 2933 1654 2960 omnium
1671 2925 1801 2963 nostrum·
1813 2932 1968 2968 pertinent
1979 2929 2014 2961 (9

1123 2976 1251 3019 salutem
1270 3000 1281 3015 ,
1307 2987 1436 3018 quarum
1464 2976 1549 3009 vobis
1575 2979 1597 3008 ἆ
1622 2976 1755 3009 Tertullo·
1778 2979 1892 3011 Fratre
1918 2976 2011 3018 nofiro

1128 3027 1296 3066 Chariffimo
1330 3032 1408 3059 ratio
1433 3027 1573 3059 reddetur
1600 3050 1611 3065 ,
1642 3032 1694 3067 qui
1724 3033 1783 3066 pro
1806 3036 1918 3060 caetera·
1948 3025 2011 3070 sua

1127 3088 1198 3110 cura
1215 3101 1227 3117 ‚
1252 3088 1346 3118 quam
1368 3077 1502 3116 impense
1528 3079 1653 3108 Divinis
1676 3075 1823 3117 operibus
1847 3082 1983 3119 impertit
2000 3101 2013 3117 ,

1127 3133 1217 3160 etiam
1234 3125 1327 3167 hujus
1345 3124 1449 3167 confilii
1467 3125 1567 3158 auc-'Jor
1589 3124 1653 3167 fuit
1675 3149 1686 3165 ‚
1712 3134 1746 3158 ut
1760 3136 1866 3159 cautus
1893 3128 1928 3161 Θ·
1953 3138 2012 3159 mo·

1129 3178 1253 3209 deratus
1287 3175 1441 3215 existerem
1460 3199 1470 3215 ‚
1497 3186 1549 3207 uec
1579 3186 1624 3208 me
1649 3181 1686 3207 in-
1711 3173 1892 3218 conspec‘lum
1912 3176 2013 3218 publi-

1127 3238 1190 3259 cum
1203 3250 1212 3265 ,
1238 3226 1273 3258 &⁹
1297 3226 1434 3257 mata-inmiv
1455 3225 1520 3264 ejus
1547 3226 1622 3264 loci,
1649 3225 1699 3258 ubl
1711 3231 1796 3258 toties
1804 3225 1962 3270 flagitatus
1975 3228 2011 3260 ὦ·

1126 3275 1263 3319 quaest‘tus
1284 3274 1405 3318 fuissem
1424 3298 1434 3313 ‚
1459 3277 1572 3308 temere
1585 3281 1810 3308 committerem.
1837 3277 1905 3310 Iste
1926 3276 2013 3310 Ter-

1127 3326 1227 3360 tullus
1252 3335 1318 3358 erat
1338 3323 1356 3357 ὲ
1375 3323 1578 3358 primoribus
1597 3323 1863 3370 Carthaginensis
1899 3326 2013 3360 Eccle-

1127 3377 1177 3410 fiae
1191 3374 1403 3417 Presbyteris.
1431 3374 1582 3409 Eandem
1591 3373 1936 3419 Apologiam-sandius
1947 3376 2013 3419 Cy-

1128 3425 1256 3470 prianus
1280 3424 1396 3467 repetit
1409 3424 1443 3458 in
1454 3424 1600 3468 pluribus
1619 3425 1798 3468 Epistolis,
1826 3427 1949 3468 semper
1960 3424 2014 3458 ad·-

1127 3476 1206 3510 dens
1229 3474 1442 3512 necessarium
1462 3476 1520 3511 suo
1533 3474 1898 3519 PopulosMinisterium
1920 3474 2013 3508 nulle

1613 3525 1723 3571 (ξι
1970 3531 2019 3557 ex
