2346 3776
563 128 870 179 SCHOL118‚
897 135 976 171 ET
1002 135 1191 174 NoTls
1217 133 1712 176 ILLUSTRATum.

224 210 343 253 &teret
362 238 370 245 .
391 208 574 247 Lucidum
607 217 706 251 atque
739 206 856 240 efficax
888 204 1015 239 videtur
1040 203 1106 239 hoc

228 258 665 302 Athanafiilanestimonium.
687 256 822 291 Interim
850 256 1038 289 Sandiorum
1051 255 1106 289 Pa·

227 320 340 352 trum,
355 306 497 355 >qufsuis
519 308 642 352 scriptis
663 308 825 341 inseruere
833 306 1005 339 Nicaenurn
1017 307 1104 348 Sym-

228 360 385 397 boluffl‘:
403 359 591 393 nullusista·
606 358 704 393 verba
717 357 764 390 illi
787 355 943 394 inseruit,
971 354 1107 398 proinde

229 410 401 447 aliudnon
415 409 484 443 vult
505 420 647 454 magnus
659 405 877 446 Athanafius,
899 404 995 447 quarn
1018 405 1107 447 quod

229 460 343 496 Patres
366 456 424 493 ista
449 460 545 494 verba
567 459 607 494 ad
635 457 774 492 verbum>
791 481 802 496 ,
828 460 1007 489 incarnatus
1032 480 1042 495 ‚
1068 467 1109 488 ex

228 509 428 554 Apostolico
455 509 616 553 Symbolo
643 506 924 543 subintellexerint
952 531 959 537 .
999 505 1108 540 Verba

227 560 290 596 ista
310 560 452 604 spectant
476 560 516 594 ad
540 559 761 594 additamenta
785 557 865 589 fausta
882 579 892 595 ‚
916 556 952 589 &
975 555 1109 599 probata

227 620 286 654 per
309 610 484 653 synodum
521 606 926 650 Constantinopolitanam
953 631 960 638 .
1007 604 1110 639 Ροιτό

229 659 331 694 nostri
339 659 491 703 Syr-oboli
502 658 648 703 adjuncta
656 657 752 692 verba
761 656 921 690 damnant
932 654 1110 692 Ebionem,

228 708 453 750 cherintum,
480 707 702 750 Theodorum
714 703 902 742 Coriarium
924 730 934 745 ‚
961 703 1108 738 Artemo-

227 770 306 794 nem
330 783 341 800 ,
378 759 520 794 Paulum
566 751 821 793 Samosatensem
849 780 860 796 ,
895 756 928 789 &
967 741 1109 797 ipsdrum

228 819 310 845 tunc
329 808 443 844 adhuc
456 810 633 854 ‘grassantes
643 805 849 850 Discipulos.
879 805 1054 839 Affirmant
1074 815 1111 838 ac

229 859 429 904 profitentur
447 857 554 902 ipsum
569 870 613 892 ex
636 857 702 891 Dei
714 855 819 890 Patris
840 854 1016 889 substantia
1042 866 1108 888 non

229 911 352 943 fastum
372 908 425 942 sed
446 908 596 952 genitum
618 931 628 947 ,
665 918 703 941 ac
739 906 796 949 ipfi
822 904 1110 939 consubstantiale

230 957 387 992 Verbum*
402 968 460 1002 pro
482 956 579 992 nobis
601 956 798 991 descendisse
818 955 860 990 de
883 954 988 988 Coelis
1011 978 1022 993 ,
1047 954 1111 988 effe

228 1007 435 1042 incarnatum
457 1018 500 1041 ex
518 1006 626 1041 Maria
638 1007 800 1051 Virgine,
825 1006 858 1039 &
875 1002 1045 1038 hominem
1067 1005 1110 1038 fa-

229 1059 337 1092 stum·
360 1057 485 1091 Tradit
502 1055 615 1092 hocin
628 1058 760 1092 Litteris
782 1055 824 1089 ad
834 1055 1025 1088 Maximum
1034 1052 1111 1087 Phi-

146 1100 148 1102 *
184 1114 186 1116 ’
229 1106 407 1152 losophum
429 1108 564 1142 Sanctus
585 1106 784 1140 Athanasius
797 1102 986 1139 Dominicae
1004 1105 1110 1138 lncar·

227 1157 378 1192 nationis
407 1157 608 1201 Mysterium
638 1157 806 1201 insigniter
836 1165 1004 1198 exponens
1027 1177 1038 1192 ‚
1072 1163 1109 1186 ac

227 1208 426 1252 prosequens
450 1218 460 1249 ;
487 1209 680 1250 r,Quapropter
706 1219 742 1240 ne
767 1212 836 1249 quis
862 1205 990 1238 irrideat
1015 1203 1109 1236 verba

228 1259 303 1291 dum
323 1258 397 1290 aud·
457 1259 763 1296 Puerum,aetatem,
788 1261 1021 1293 incrementum,
1046 1253 1110 1286 ede-

227 1318 284 1348 ro,
308 1266 505 1348 llbergati',
532 1317 569 1339 ne
585 1304 617 1348 fi
631 1317 700 1348 quae
705 1303 873 1347 peculiaria
888 1302 963 1346 sunt
981 1308 1108 1345 corporis

227 1357 388 1402 abnegarit
399 1379 410 1395 ,
420 1367 425 1370 ⁷
434 1354 560 1399 abneget
582 1360 674 1389 etiam
691 1355 787 1397 plane
799 1356 866 1395 ejus
877 1354 921 1386 ad
931 1366 983 1386 nos
995 1355 1111 1386 adven·

227 1415 293 1441 tum
314 1422 331 1438 .<
349 1408 396 1438 Et
415 1405 664 1447 quaemadmodum
677 1416 734 1438 nott
754 1413 875 1437 naturae
894 1405 997 1436 ordine
1019 1408 1110 1436 Homo

223 1455 332 1500 fadus
353 1454 423 1495 osty-
436 1460 482 1489 ita
501 1464 603 1495 *tmen
625 1467 664 1489 ex
687 1456 789 1488 ordine
811 1462 878 1486 erat
890 1477 900 1493 ,
926 1453 977 1486 ubi
991 1457 1108 1495 Corpus

229 1503 444 1550 affumpserlth
467 1513 562 1538 aaa
580 1511 614 1538 in
628 1503 663 1548 fh
684 1504 883 1546 ostendem‚-
896 1514 965 1546 quae
983 1508 1110 1545 propria

229 1559 478 1596 erae-Corpoeis
490 1555 565 1595 ,me
573 1567 576 1570 ⁴
583 1553 755 1597 Phantafi'ae
766 1551 927 1588 Manabat
950 1551 1108 1596 invaelofte·

227 1607 304 1640 ref.
338 1602 527 1648 Rursumqsoe
547 1616 585 1639 ex
606 1606 711 1640 ordine
729 1600 796 1639 tritt
826 1629 837 1644 ,
871 1604 1061 1645 corporaliter
1081 1601 1112 1642 se

223 1659 379 1701 gerentem
399 1666 442 1689 ea·
457 1676 468 1695 ,
493 1666 562 1698 quae
577 1654 651 1699 sunt
676 1659 858 1689 Divinitatis
882 1677 893 1693 ,
919 1664 956 1686 ne
976 1651 1112 1696 Samosa-

229 1703 318 1746 tenfir
336 1702 456 1747 cansam
474 1703 525 1747 sui
543 1711 653 1739 erroris
666 1703 832 1747 reperiret,
860 1707 1019 1736 Hominem
1038 1710 1111 1739 -eum

229 1756 355 1797 dicens,
372 1758 407 1791 (ς
417 1753 569 1798 diversum
580 1757 600 1788 ἃ
611 1755 706 1788 Verbo
717 1757 780 1789 fleo
793 1779 800 1787 .
827 1754 907 1788 Haec
919 1753 1026 1796 ample
1039 1752 1114 1786 illu—'¹
1134 1751 1135 1754 ’

229 1803 340 1845 strat-,¹
355 1804 602 1842 &concludio
629 1809 759 1838 Vincunt
775 1800 943 1846 ,orobur
961 1802 1050 1846 suum
1060 1799 1117 1835 hass·

229 1854 355 1894 beant,
371 1858 578 1896 quaeNicaeae
607 1854 736 1888 Patr'um
766 1853 993 1895 Confeffionibus
1017 1851 1113 1891 consti-

230 1913 302 1938 tutit
317 1902 410 1947 sunt.
436 1904 530 1937 Redi‘a
539 1910 618 1937 enim
622 1904 701 1946 fides
713 1904 750 1944 est
762 1927 773 1944 ,
799 1915 865 1946 quae
875 1902 1003 1946 sufficiat
1034 1910 1113 1935 exte-

230 1953 304 1991 ret-ek¹
317 1953 418 1995 omnes
439 1958 549 1996 {inpias
562 1953 713 1996 Haereses.
772 1975 774 1978 -
798 1962 800 1965 ’
1101 1954 1104 1956 “

243 2031 245 2034 ,
278 2002 440 2038 Eundem
449 2014 590 2038 errorem
597 2012 692 2038 notat
699 2002 831 2048 &large
839 2002 976 2046 exponit
982 2002 1116 2050 Sane'ffls

230 2050 433 2088 Athanafius
455 2053 490 2086 in
515 2062 627 2097 quarta
640 2055 802 2088 Oratione
824 2062 938 2087 contra
951 2052 1113 2086 Arianos:

231 2105 341 2146 Scopas
356 2108 455 2146 igitur
475 2102 523 2143 sse
537 2127 547 2143 ,
577 2105 610 2137 Θ
625 2102 761 2145 formula
775 2101 874 2146 sacrae
883 2105 1045 2144 Scriptum
1066 2100 1116 2141 est,

230 2161 267 2186 ut
294 2151 426 2195 sentias·
442 2152 484 2184 ibt
520 2154 667 2194 duplicem
700 2153 752 2196 effe
781 2153 819 2186 de
842 2154 1001 2186 salvatore
1034 2150 1115 2192 histo-

230 2207 313 2236 riam
322 2227 332 2242 ‚
342 2213 463 2245 eumque
467 2201 586 2245 semper
595 2203 630 2236 ὦ·
642 2206 739 2236 Deum
751 2226 762 2242 ‚
775 2203 810 2236 &t
822 2203 935 2235 Filium
944 2203 1015 2246 effe,
1042 2206 1113 2242 quia

231 2251 363 2286 Verbum
376 2251 440 2293 -fit,
466 2254 500 2286 (55
515 2256 548 2298 J
550 2252 626 2286 ubar
651 2276 662 2293 ,
687 2253 723 2286 ό*
741 2254 897 2294 Sapientia
914 2251 963 2296 fici
988 2254 1117 2292 Pati-113

188 2329 192 2334 ,
227 2300 329 2344 postea
351 2310 456 2335 autem
470 2310 593 2345 propter
614 2313 667 2335 nos
689 2303 837 2346 affitmp'tn
852 2313 943 2335 ¹carne
965 2312 1003 2334 ex
1015 2304 1116 2334 Maria

232 2355 357 2395 Virgine
376 2353 502 2385 eundem
523 2355 681 2385 Hominem
706 2353 758 2396 effe
784 2358 920 2396 genitum
942 2375 949 2383 .
988 2351 1114 2385 Revera

233 2401 389 2436 omnium
409 2403 568 2436 sacrarum
588 2403 789 2437 Litterarum
809 2403 925 2445 scopus
950 2400 996 2435 est
1019 2401 1116 2435 nobis

233 2450 408 2493 praedicare
427 2452 641 2486 mediatorem
661 2452 773 2486 Deum
801 2452 988 2485 Hominem
1000 2474 1010 2490 ‚
1035 2450 1115 2484 duas

234 2500 274 2534 in
284 2500 356 2544 ipso
362 2512 441 2535 cum
453 2501 517 2534 suis
533 2502 662 2536 diversis
672 2500 919 2546 operationibus
932 2501 965 2534 ὃ(
977 2501 1116 2544 proprie-

231 2549 359 2583 tatibus
384 2549 542 2591 Namras,
572 2552 605 2585 &
618 2563 717 2585 unam
729 2550 906 2585 Personam
918 2576 925 2582 .
954 2550 1008 2584 Ex
1027 2560 1116 2584 utro·

233 2609 300 2643 que
320 2598 540 2636 Testamento
559 2600 758 2635 demonstrat
786 2600 853 2635 haec
880 2598 1077 2635 Athanasius
1103 2625 1114 2641 ,

225 2649 273 2694 l&
292 2649 401 2695 pergit
423 2661 435 2681 :¹
456 2657 608 2685 caeterum
627 2650 709 2684 bomo
722 2650 828 2692 fadus
852 2650 891 2691 est
903 2676 914 2691 ,
939 2652 973 2684 &²
998 2662 1056 2683 non
1075 2656 1117 2683 ‘in

217 2694 384 2732 'hminem
392 2723 406 2740 ‚
419 2700 481 2742 *1
493 2703 565 2742 jam
586 2710 652 2734 erat
664 2726 674 2742 ‚
696 2699 893 2744 fiapervenit.
921 2705 1008 2733 Nam
1019 2702 1052 2734 (3¹¹
1064 2699 1114 2733 boc

238 2759 351 2791 quoque
369 2756 484 2792 cognitu
506 2751 691 2795 necessarium
702 2750 761 2792 est,
788 2752 973 2793 nequando,
1004 2757 1054 2792 qui
1066 2749 1114 2782 bic

237 2803 360 2831 ruinam
375 2799 448 2840 paffl
465 2799 537 2843 sunt
557 2807 664 2843 impii,
688 2807 779 2834 etiam
801 2802 875 2834 altor
893 2799 993 2844 secum
1013 2801 1113 2833 eodem

233 2853 429 2890 praecipitent
441 2873 448 2880 .
476 2852 597 2893 ‚Quippe
609 2857 660 2893 qui
670 2849 840 2892 existimant
858 2862 923 2884 eum
936 2874 946 2890 ,
972 2851 1114 2892 quemad-

238 2899 360 2931 modum
376 2896 486 2941 pristis
506 2900 685 2942 temporibus
702 2907 735 2933 in
747 2911 981 2943 unumquemque
991 2912 1029 2933 ex
1041 2903 1113 2934 San-

239 2947 300 2980 elis
322 2946 471 2990 defi-cudit
490 2972 500 2988 ,
536 2955 581 2981 ita
599 2959 664 2982 tum
684 2961 800 2992 quoque*
814 2957 846 2983 in
870 2954 979 2983 Mariae
1003 2952 1114 2983 Filium

238 2995 416 3041 deflendiffe
427 3023 436 3039 ‚
447 3007 481 3031 ut
492 3010 556 3031 eum
563 2997 788 3042 subiisti-aret,
813 3002 848 3034 (η’
858 3006 891 3032 in
899 3012 930 3033 eo
945 2998 1018 3042 sese
1027 2999 1113 3039 osten-

239 3047 346 3087 deret,
372 3057 406 3080 ut
428 3053 460 3080 in
479 3054 593 3082 caeteris
610 3047 809 3092 funditoribus
840 3049 1004 3082 bominibus
1017 3049 1112 3091 fecit.

241 3095 344 3131 Utin
357 3097 418 3131 illo
432 3098 589 3131 habitaret
599 3123 609 3138 ,
624 3109 690 3132 non
704 3111 757 3142 pet
769 3099 991 3143 Hypostaticae
1003 3100 1115 3134 Unio-

241 3145 315 3186 nis,
342 3148 396 3181 sed
413 3159 469 3190 per
488 3148 590 3182 solam
611 3149 881 3183 sanctificationis
891 3151 1050 3195 gratiam,
1077 3160 1112 3183 ut

241 3193 402 3231 habitavit
425 3198 460 3230 in
485 3197 703 3238 Patriarchis,
729 3199 763 3232 ὅ(
783 3198 973 3242 Prophetis.
1000 3200 1111 3251 Qm

240 3255 381 3280 errorem
403 3258 471 3281 non
500 3248 710 3282 solummodo
730 3248 764 3281 in
797 3247 891 3282 Pauli
912 3250 1111 3283 Samosateni

242 3293 423 3340 Discipulis
438 3321 449 3337 ‚
481 3297 535 3331 sed
555 3298 655 3332 etiam
676 3298 711 3331 in
734 3297 845 3331 multis
867 3298 999 3332 Arianis
1019 3299 1113 3333 fuisse

243 3343 438 3388 graffatum,
463 3347 498 3381 ὃς
517 3348 559 3381 ab
580 3347 649 3391 ipso
670 3348 752 3381 Ario
773 3348 898 3382 duxisse
911 3359 1030 3382 novam
1051 3350 1112 3383 ori-

243 3392 359 3437 ginem
380 3400 397 3434 ,¹
414 3395 460 3429 est
483 3398 625 3441 superius
645 3398 903 3431 demonstratum
925 3423 931 3430 .
969 3398 1111 3433 Proinde

245 3441 382 3476 adducta
397 3443 522 3487 synodi
539 3448 635 3482 verba
647 3449 721 3482 sunt
732 3447 898 3482 adversum
910 3448 987 3483 istos
996 3460 1111 3485 omnes

242 3502 366 3529 errores
382 3492 498 3530 inserta
518 3497 552 3530 in
573 3497 787 3539 Symbolum.

342 3542 499 3587 Differtde
510 3546 694 3589 symb.Ap.&
706 3551 837 3582 Nic.T.I.

1137 1982 1138 1985 ,
1177 1950 1256 1984 bunc
1272 1952 1393 1994 quidem
1417 1963 1455 1984 ex
1472 1950 1640 1994 substantia
1668 1954 1774 1985 Patris
1798 1977 1809 1993 ‚

1224 204 1299 239 Esse
1308 204 1406 239 etiam
1418 202 1587 239 adversum
1598 205 1804 244 Manichaeos
1814 234 1825 251 ,
1844 214 2050 260 Gnostieosg

1171 255 1206 288 δε
1226 256 1362 289 cuneos
1376 254 1520 299 duplicis
1537 256 1733 291 Divinitatis
1749 259 1920 298 fabulones
1948 267 2049 302 inser-

1171 314 1221 346 ta,
1249 306 1331 338 redte
1351 303 1442 339 addit
1461 303 1673 342 Athanafius.
1702 308 1751 342 Hi
1763 310 1853 343 enim
1868 323 1984 348 omnes
1993 315 2048 351 ad.

1172 356 1305 398 sumptae
1322 355 1429 389 carnis
1449 356 1618 391 veritatem
1643 367 1786 403 negant,
1812 359 1932 395 docent
1943 364 2048 399 solam

1171 404 1238 447 ejus
1249 404 1461 445 mendacem,
1486 406 1733 442 &fantasticam
1756 409 1917 452 speciem,
1943 411 1963 445 ὲ
1987 413 2051 446 vir·

1171 455 1272 499 gineo
1294 455 1452 499 sanguine
1473 456 1740 500 Conceptionem
1759 459 1931 502 praesertim
1948 459 2051 495 deste-

1172 504 1299 537 sturtur
1307 528 1317 545 ,
1345 505 1484 547 ideoque
1496 507 1711 542 Dominicam
1723 508 1988 545 incarnationem
1997 522 2052 555 pe·

1173 554 1263 588 nitus
1282 564 1424 599 negant.
1452 556 1579 590 Eorum
1601 556 1714 592 stultas
1737 557 1986 603 blasphemias,
2010 572 2051 596 ac

1173 605 1312 648 ipsarum
1322 606 1464 650 nugacia
1476 605 1690 641 fundamenta
1702 607 1777 642 vide
1797 610 1882 652 apud
1893 610 2051 645 Sanctum

1173 655 1348 695 Irenaeum,
1369 654 1455 698 apud
1465 656 1619 690 Sanctum
1632 655 1879 701 Epiphanium,
1906 672 1945 694 ac
1963 659 2052 704 apud

1173 705 1418 739 Tertullianum
1439 705 1474 739 in
1496 705 1599 740 Libro
1610 705 1650 740 de·
1661 718 1736 741 carn
1742 707 1768 741 is
1780 707 2029 744 Resurrestione
2039 735 2053 751 ‚

1173 766 1210 787 ac
1231 756 1265 787 in
1285 754 1388 788 Libro
1407 755 1448 789 de
1466 767 1563 789 carne
1575 755 1719 791 Christi.
1746 756 1920 800 Pietasque
1929 759 2054 794 Valen-

1173 805 1237 837 tini
1252 804 1404 839 Gnostici
1417 804 1542 840 fabu‘las
1551 805 1712 841 resorbuit
1723 830 1735 847 ,
1760 807 1844 841 acin
1857 807 2052 843 Romanum

1174 853 1298 887 Orbem
1322 854 1430 888 statim
1450 856 1523 899 post
1549 854 1691 891 nostram
1723 855 1898 900 Synodum
1919 869 2053 892 renova-

1174 905 1219 937 vit
1237 904 1470 947 ‹Apollinarius
1506 906 1714 940 Laodicenfis
1735 930 1746 946 ‚
1772 907 1808 940 in
1831 908 1934 951 prima
1956 908 2054 951 Syria.

1175 953 1375 998 Episcopus.
1403 954 1514 989 Etiam
1538 956 1623 1000 ipsas
1645 956 1739 990 fuiffe
1757 956 1777 990 ὲ
1798 957 1914 991 nostrae
1923 957 2059 1001 Synodi'

1173 1003 1319 1037 adduffls
1337 1004 1441 1038 verbis
1462 1005 1696 1048 praedamnatas
1718 1005 1869 1041 adfirmat
1891 1017 1989 1052 atque
1999 1007 2055 1042 de-

1174 1053 1333 1087 monstrat
1354 1053 1388 1086 in
1411 1054 1527 1088 litteris
1553 1056 1594 1090 ad
1607 1056 1794 1099 Epictetum
1806 1057 1965 1092 Corinthi
1977 1057 2057 1102 Epi-

1175 1104 1309 1145 scopum
1322 1103 1457 1138 San&us
1468 1102 1668 1139 Athanasius
1681 1120 1691 1138 :
1717 1106 1865 1147 quaedam
1876 1107 1945 1150 ejus
1957 1107 2056 1142 verba

1172 1153 1316 1195 superius
1336 1152 1459 1187 adduxi
1484 1179 1491 1185 .
1518 1154 1716 1199 Indignatur
1732 1155 1896 1190 erroribus
1918 1180 1929 1195 ,
1964 1156 2057 1199 quod

1172 1202 1343 1237 Nicaenam
1363 1203 1463 1237 fidem
1484 1203 1502 1237 a
1527 1205 1559 1238 se
1580 1205 1705 1245 teneri,
1731 1216 1769 1239 ac
1789 1204 1924 1240 defendi
1936 1204 2058 1249 jastita-

1173 1262 1264 1293 rent,
1292 1253 1326 1287 δε
1349 1254 1574 1296 prosequitur:
1601 1254 1647 1287 ob
1669 1253 1758 1294 istane
1779 1253 1989 1298 disceptabant
2009 1262 2056 1290 in-

1173 1312 1216 1335 ter
1231 1300 1266 1345 se
1278 1327 1289 1342 ,
1315 1309 1367 1345 qui
1383 1302 1460 1347 sese
1478 1302 1641 1344 efferebant
1662 1304 1697 1336 ob
1717 1304 1911 1346 confefflonem
1923 1308 2057 1339 Parrum

1156 1358 1204 1407 3in
1224 1356 1355 1386 Nicaena
1367 1355 1498 1391 synodo?
1523 1358 1590 1398 Ego
1600 1363 1699 1387 autem
1711 1347 1878 1389 demiratiff
1892 1354 1962 1398 fiam
1972 1366 2058 1389 tuam

1168 1408 1314 1443 pietatem
1335 1402 1398 1436 haec
1411 1402 1575 1447 sustinutffi’
1593 1411 1604 1444 ¹,
1643 1406 1724 1446 quod
1741 1408 1804 1437 non'
1826 1403 1914 1446 ffinul
1935 1410 1970 1439 ω·
1991 1405 2058 1446 istos

1173 1451 1374 1494 compescuerit
1389 1477 1399 1492 ‚
1426 1455 1461 1487 Θ
1478 1448 1565 1495 pierm
1583 1453 1677 1494 fidem
1699 1454 1761 1487 illis
1780 1453 1968 1496 proposuerit
1988 1481 1998 1495 ,
2024 1464 2058 1488 ut

1173 1508 1212 1534 iis
1237 1504 1354 1535 audiris
1374 1504 1428 1536 vel
1448 1509 1481 1535 in
1503 1510 1631 1545 quietem
1647 1501 1682 1546 se
1700 1504 1832 1543 darent,
1858 1505 1912 1537 vel
1912 1503 1944 1546 fi
1948 1510 2060 1547 inquie-

1174 1557 1199 1584 ti
1212 1553 1450 1587 contradicerent
1476 1578 1486 1593 ,
1514 1553 1648 1587 haeretici
1671 1550 1804 1587 homines
1816 1555 2030 1594 judicarentur
2051 1580 2058 1586 .

1174 1606 1261 1634 Nam
1282 1602 1336 1642 ista
1358 1614 1409 1636 nec
1428 1603 1545 1643 dmm,
1581 1613 1634 1636 nec
1656 1605 1763 1636 auditu
1797 1604 1965 1637 toterabilia
1985 1603 2061 1648 sunt

1174 1653 1258 1694 apud
1278 1651 1461 1692 Christianos
1479 1662 1498 1693 ·‚
1515 1662 1518 1666 ’
1530 1651 1591 1696 sed
1610 1653 1745 1686 omnibus
1768 1655 1872 1687 *modis
1894 1656 1996 1688 aliena
2021 1655 2062 1687 ab

1176 1701 1335 1744 apostolica
1352 1702 1487 1736 doc‘lrina
1498 1726 1505 1734 .
1537 1703 1580 1736 Et
1594 1701 1665 1746 post
1677 1703 1822 1746 quaedam
1835 1717 1845 1736 .·
1874 1704 1969 1738 Nihil
1984 1705 2064 1738 certe?

1175 1753 1235 1786 tale
1254 1757 1287 1785 iu
1308 1754 1436 1785 Divinis
1455 1755 1642 1794 scribturis,
1669 1764 1738 1795 με
1755 1757 1851 1787 Deum
1877 1759 1914 1786 in
1932 1754 2063 1787 humano

1175 1810 1291 1844 corpore
1319 1801 1409 1846 fuisse
1422 1827 1432 1843 ,
1458 1805 1571 1844 ajam,
1597 1809 1749 1845 reperiar.
1778 1807 1824 1837 Et
1854 1806 1966 1838 Patres
1980 1829 1990 1844 ,
2011 1810 2063 1846 qui

1177 1856 1294 1885 Nicaeae
1317 1863 1516 1886 convenerunt
1536 1864 1594 1885 non
1607 1856 1722 1895 Corpus
1735 1877 1745 1893 ,
1767 1855 1826 1895 Jed
1837 1855 1952 1887 Filium
1963 1853 2062 1896 ipsum

1179 1904 1267 1943 Patri
1289 1900 1574 1943 consubstantialem
1591 1901 1678 1944 fuisse
1715 1901 1899 1945 adseverant
1921 1928 1932 1944 ,
1969 1913 2063 1946 atque

1848 1957 1965 1995 Corpus
1986 1957 2061 1988 vero

1178 2000 1295 2044 rursum
1319 2012 1356 2033 ex
1370 2004 1471 2034 Maria
1489 1999 1611 2045 Virgine
1631 1999 1795 2043 secundum
1815 2006 1955 2036 Divinas
1985 2006 2062 2037 Scri-

1174 2059 1286 2092 pturas
1307 2059 1405 2082 ortum
1428 2051 1550 2094 traxisse
1567 2051 1742 2093 confitentur
1768 2077 1775 2084 .
1814 2059 1874 2085 aut
1900 2055 2060 2095 repudiate

1179 2106 1269 2144 igitur
1286 2104 1448 2132 Nicaenum
1467 2101 1633 2134 Concilium
1646 2125 1656 2140 ‚
1683 2103 1717 2134 (⁹⁰
1741 2111 1775 2135 ut
1789 2106 1928 2136 Haeretici
1949 2103 2004 2143 ista
2018 2109 2063 2136 in-

1172 2149 1277 2191 ferte,
1304 2158 1358 2182 aut
1375 2148 1405 2191 fi
1413 2151 1508 2183 vultis
1525 2150 1583 2193 filii
1606 2153 1734 2184 Parrum
1759 2152 1834 2194 effe,
1860 2164 1917 2186 non
1940 2153 2062 2187 debens

1174 2198 1288 2243 sentire
1309 2198 1432 2242 diversa
1444 2200 1482 2232 ab
1497 2206 1535 2233 iis
1547 2225 1557 2241 ,
1583 2212 1649 2243 quae
1662 2203 1771 2234 Patres
1783 2201 2015 2245 confiripserunt
2025 2228 2034 2236 .

1230 2249 1388 2284 Notanda
1409 2251 1483 2283 sunt
1498 2251 1594 2285 verba
1603 2254 1617 2283 ὶ-
1646 2249 1863 2295 Disceptabant
1880 2277 1890 2292 ,
1917 2254 1952 2286 (ς
1964 2255 2062 2286 decer-

1179 2300 1290 2333 tabant
1300 2297 1418 2342 interse
1430 2325 1437 2331 .
1471 2300 1551 2346 Agit
1562 2301 1602 2334 de
1614 2299 1861 2343 Apollinaristis
1873 2326 1882 2342 ‚
1895 2303 1951 2346 qui
1963 2301 2063 2336 Chri-

1179 2350 1229 2384 sto
1251 2351 1402 2384 Domino
1426 2361 1494 2383 non
1516 2349 1695 2384 humanam
1710 2375 1720 2391 ,
1747 2351 1780 2384 ὅ(
1800 2352 1897 2386 nobis
1923 2354 2062 2387 consub-

1178 2399 1363 2434 stantialem
1377 2424 1387 2439 ,
1414 2399 1468 2433 sed
1488 2400 1506 2433 ὲ
1529 2401 1656 2434 Divina
1673 2410 1729 2438 aut
1750 2401 1836 2442 alia,
1864 2404 1972 2436 nescio
1997 2414 2062 2446 qua.

1178 2449 1301 2484 coelesti
1323 2449 1500 2483 substantia
1521 2451 1639 2485 fastam
1652 2475 1663 2491 ,
1688 2451 1722 2485 δε
1744 2453 1932 2486 conversam
1954 2453 1987 2486 in
2001 2453 2063 2486 Di-

1179 2500 1289 2533 vinam
1310 2509 1457 2534 naturam
1484 2523 1495 2539 ,
1527 2500 1667 2542 ideoque
1698 2502 1774 2535 Deo
1793 2501 1885 2535 Patri
1921 2501 2062 2537 consub-

1178 2549 1358 2584 stantialem
1369 2560 1502 2583 carnem
1513 2573 1524 2590 ,
1536 2560 1592 2584 aut
1606 2551 1717 2594 potius
1725 2552 1833 2585 carnis
1844 2563 1980 2586 vacuam
1994 2554 2061 2597 spe-

1177 2601 1262 2634 ciem
1279 2599 1551 2644 dogmatizabant
1563 2626 1570 2632 .
1597 2600 1680 2634 Item
1702 2601 1736 2634 ὅ(
1757 2602 1825 2646 agit
1837 2602 1879 2635 de
1894 2602 1966 2635 Arii
1981 2626 1991 2642 ,
2019 2614 2059 2637 ac

1176 2650 1273 2683 Pauli
1294 2650 1497 2684 Samosateni
1517 2649 1686 2694 discipulis
1698 2675 1709 2691 ,
1737 2652 1795 2694 qui
1807 2650 1975 2685 Christum
1988 2653 2060 2686 Do-

1177 2701 1304 2733 minum
1323 2711 1390 2733 non
1406 2701 1518 2734 Deum
1530 2701 1716 2734 Hominem
1726 2726 1735 2741 ‚
1766 2712 1826 2734 nec
1838 2712 1939 2735 unam
1954 2702 1987 2734 in
1999 2702 2060 2736 du-

1176 2750 1256 2794 plici
1278 2760 1392 2784 natura
1410 2749 1623 2793 Hypostafim
1639 2775 1649 2790 ,
1675 2750 1730 2784 sed
1753 2761 1869 2793 purum
1883 2752 1901 2784 a
1914 2752 1989 2785 Deo
2002 2762 2060 2795 per

1176 2811 1299 2834 meram
1323 2801 1597 2835 Saneiificationis
1607 2801 1746 2845 gratiam
1758 2798 1980 2835 inhabitatum
1993 2800 2055 2836 ho-

1175 2850 1299 2884 minem
1318 2850 1521 2894 garriebant.
1550 2849 1686 2894 Agitde
1706 2849 1795 2883 hisce
1820 2851 1905 2883 inter
1926 2852 1980 2891 se,
2006 2852 2060 2886 uti

1174 2901 1287 2944 juratis
1309 2900 1451 2933 inimicis
1474 2899 1680 2944 litigantibus
1693 2923 1703 2938 ,
1732 2900 1765 2933 &
1783 2899 1942 2934 ambobus
1960 2902 2060 2944 profi-

1158 2950 1320 2996 ftentibus
1334 2974 1344 2990 ,
1370 2961 1407 2983 ac
1429 2950 1489 2983 fibi
1510 2950 1616 2983 favere
1637 2948 1870 2984 blaterantibus
1883 2951 2055 2986 Nicaenum

1177 2999 1372 3043 Symbolum
1395 3025 1402 3032 .
1440 2998 1604 3032 Adfirmat
1638 2999 1673 3032 δε
1698 2999 1832 3041 operose
1853 2999 2055 3035 demonstrat

1175 3061 1344 3093 utramque
1356 3049 1516 3082 insaniam
1528 3048 1568 3082 ab
1581 3048 1642 3082 isto
1653 3048 1815 3090 Symbolo
1825 3050 1889 3084 effe
1902 3051 2056 3093 patentis-

1176 3100 1252 3133 sime
1262 3100 1450 3133 damnatam
1462 3124 1469 3130 .
1498 3098 1553 3132 Ab
1575 3099 1642 3141 ipso
1653 3098 1736 3134 tradi
1758 3099 1864 3142 ipsum
1875 3100 1951 3135 Deo
1961 3099 2054 3135 Patri

1176 3148 1496 3184 Consubstantialem
1509 3148 1632 3181 Filium
1653 3148 1852 3184 descendisse
1870 3148 1889 3184 ὲ
1904 3151 2003 3188 Patris
2014 3151 2054 3184 fi-

1176 3211 1218 3232 nu
1232 3224 1241 3239 ,
1265 3200 1328 3232 effe
1341 3199 1545 3232 incarnatum
1558 3198 1576 3231 ἐ
1590 3198 1696 3233 Maria
1709 3198 1848 3244 Virgine
1859 3223 1870 3240 ,
1897 3200 1931 3234 ἀ
1945 3200 2053 3235 horni-

1176 3261 1249 3283 nem
1268 3249 1409 3282 fastum:
1438 3259 1506 3281 non
1526 3247 1698 3282 dumtaxat
1720 3247 1940 3284 inhabitatum
1959 3275 1970 3292 ,
1995 3250 2050 3285 sed

1175 3297 1390 3342 Hypostatice
1411 3298 1616 3332 incarnatum
1643 3299 1676 3332 &
1699 3299 1817 3334 facium
1839 3296 2013 3335 hominem
2036 3313 2050 3333 .-

1176 3361 1241 3382 non
1266 3349 1363 3383 inane
1381 3346 1526 3381 hominis
1538 3349 1714 3392 spestrum,
1742 3349 1797 3383 sed
1815 3360 1928 3389 verum
1941 3350 1975 3385 δε
1988 3361 2050 3385 no-

1175 3400 1222 3432 bis
1231 3397 1539 3432 consubstantialem
1550 3397 1720 3433 hominem
1733 3424 1741 3431 .
1767 3400 1852 3483 (grae
1865 3401 1933 3444 ipsa
1945 3400 2048 3433 abun-

1173 3449 1212 3483 de
1234 3449 1266 3481 &
1286 3446 1411 3481 erudite
1430 3447 1628 3484 demonstrat
1652 3450 1687 3483 in
1700 3448 1785 3484 libro
1820 3449 2047 3484 elncarnatio-

1175 3511 1214 3533 ne
1239 3498 1307 3533 Dei
1327 3507 1441 3534 contra
1466 3498 1606 3536 Paulum
1632 3500 1886 3583 Sagosatensem
1906 3522 1919 3539 ,
1938 3498 1979 3584 ξε
2005 3496 2045 3531 in

1722 3560 1742 3584 e
1969 3556 1993 3580 ι-
