2346 3776
329 102 377 141 σι
777 90 1220 155 DrssEnTArro

320 177 364 210 pe
374 165 465 199 nulla
473 164 672 209 exemplaria
681 163 776 199 aliter
786 173 984 198 texerentur.
1012 163 1117 198 Porro
1128 163 1207 207 Epi-

319 216 403 250 stola
425 215 496 259 post
517 214 712 250 damnatum
731 214 773 249 ab
794 212 989 249 Alexandro
1016 212 1137 249 Arium
1157 213 1203 248 est

318 265 468 302 omnine>
478 266 598 310 scripta
609 290 620 306 ,
646 265 788 308 ideoque
797 263 885 298 varie
897 263 1035 300 excedit.

369 315 496 357 Primo,
509 315 599 360 quod
611 314 730 350 harum
741 314 969 362 Qaestionum
979 313 1145 359 originem
1158 324 1206 347 re-

318 366 437 402 fundat
448 368 485 403 in
499 364 728 401 Alexandrum
735 389 747 405 ,
773 364 945 409 ipsumque
955 363 1038 399 Ario
1048 364 1204 409 aequalem

288 432 291 443 ι
318 418 502 452 incrimine
514 417 621 451 faciat.
649 413 803 450 Secundo
815 438 827 455 ‚
853 415 944 459 quod
955 416 1086 460 utrique
1098 415 1206 460 injun-

316 478 374 514 gat
385 491 396 508 ,
422 478 460 502 ut
470 466 530 502 fibi
541 466 670 500 donent
692 475 824 499 mutuas
847 465 981 509 injurias
992 490 1003 507 ,
1028 478 1067 501 ac
1091 477 1206 510 pacem

316 519 440 553 ineant.
468 516 593 562 Arguit
615 514 844 551 Alexandrum
857 540 867 557 ‚
894 516 985 560 quod
1007 517 1128 552 Arium
1139 517 1205 550 fine

316 567 538 602 fundamento
556 565 737 601 damnasset
748 590 759 607 ‚
787 577 824 600 ac
845 565 1094 602 damnationem
1113 566 1205 600 ducit

317 617 479 659 frivolam.
508 616 675 661 Alioquin
688 628 756 654 non
781 625 956 660 utrumque
975 617 1017 652 ad
1029 615 1206 651 donandas

317 666 406 704 ultro
416 668 566 711 citroque
577 666 715 710 injurias
726 691 737 708 ,
763 666 818 701 sed
828 664 950 701 Arium
961 691 972 707 ‚
984 666 1024 701 ad
1037 666 1204 710 Epi-scopo

316 717 544 754 obediendum
556 742 567 759 ,
592 716 636 752 ad
643 728 786 754 errorem
798 715 1035 751 tecantandum
1047 740 1058 756 ,
1083 716 1124 751 ad
1135 727 1207 759 pro·

317 767 478 804 fitendam
490 767 725 812 poenitentiam
734 791 746 809 ,
772 766 815 802 ad
826 766 1074 811 indulgentiam
1086 766 1206 811 suppli-

316 818 460 854 candam
473 818 582 853 fuisset
591 816 794 853 adhortatus.
817 815 941 851 Tertio
952 815 1101 860 Epistola
1112 824 1207 852 exce-

315 868 369 910 dit
379 869 416 903 in
429 867 488 902 his
485 880 522 903 ce
532 867 660 903 verbis:
687 871 736 901 De
753 865 842 901 rebus
863 864 1007 910 ejusmodi
1028 877 1080 900 nec
1089 870 1206 901 omnino

314 926 426 963 rogetis
436 943 447 959 ‚
472 929 528 954 nec
549 919 595 952 ad
612 926 747 964 rogatum
767 913 986 960 respondeatis.
1016 918 1105 952 Tales
1124 923 1208 953 enim

315 969 505 1013 ,Quaestiones
518 992 530 1008 ,
555 969 661 1010 quales
671 967 756 1002 nulla
767 970 836 1000 Lex
847 975 902 1000 aut
920 966 1138 1011 Ecclefiastlcus
1149 972 1209 1001 Ca-

315 1029 375 1052 non
385 1018 537 1060 necessario
544 1015 723 1061 prasi-ubit
732 1042 744 1059 ,
758 1015 820 1060 sed
837 1023 940 1051 inanis
951 1024 1074 1054 certatio
1083 1018 1208 1063 diffitluu

315 1074 368 1101 otii
372 1074 515 1110 proponit
527 1092 539 1108 ‚
564 1069 635 1102 licet
644 1068 691 1100 ad
697 1073 811 1113 ingenii
820 1078 945 1102 acumen
954 1064 1154 1102 exercendum
1165 1074 1211 1101 ln-

310 1117 480 1160 stttuantur
492 1141 504 1158 ,
515 1114 617 1152 tamen
629 1122 766 1152 interiori
777 1123 889 1151 mentis
899 1124 1074 1162 cogitatione
1083 1124 1210 1153 contene-

316 1179 350 1203 re
359 1168 500 1202 debemus
510 1193 522 1211 ,
547 1169 583 1204 ό·
594 1178 691 1211 neque
702 1173 735 1201 in
752 1167 890 1209 publicos
901 1170 1021 1210 -Populx'
1033 1172 1209 1203 conventus

317 1220 427 1253 temere
437 1218 542 1261 efferre
550 1242 561 1258 ,
590 1229 685 1261 neque
694 1219 782 1262 vulgi
793 1217 920 1251 auribus
931 1216 1092 1261 inconficlto
1098 1229 1212 1252 concre-

318 1270 397 1305 dere.
426 1267 583 1306 Affirmat
593 1266 688 1303 hasce
698 1266 905 1317 Qaestiones
927 1278 999 1302 non
1019 1267 1062 1303 ad
1074 1268 1213 1304 necessa-

318 1319 406 1356 rium
426 1319 564 1364 Dogma
582 1342 594 1359 ‚
621 1316 677 1352 sed
696 1317 738 1352 ad
759 1314 990 1363 Theologicas
1013 1318 1213 1353 curiositates

319 1368 460 1413 spectare
471 1393 482 1411 ,
493 1378 767 1413 unumquemque
775 1367 864 1402 eirca
876 1368 960 1412 ipsas
969 1369 1058 1412 posse
1069 1367 1214 1404 abunda-

319 1430 354 1455 re
369 1420 404 1453 in
416 1420 475 1453 suo
486 1419 579 1458 sensu
589 1443 601 1459 ,
627 1417 770 1461 ideoque
779 1416 1014 1463 Presbyterum
1026 1442 1038 1459 ,
1063 1418 1157 1463 quod
1166 1418 1214 1454 di-

319 1470 449 1504 versum
460 1468 593 1505 senserit
606 1492 617 1509 ,
641 1467 685 1502 ab
696 1467 870 1512 Episcopo
876 1480 947 1514 non
957 1469 1099 1512 potuisse
1120 1469 1214 1505 dam-

319 1520 401 1556 nari.
428 1519 487 1554 Est
500 1516 684 1554 horrendus
695 1517 813 1562 lapsus.
842 1518 937 1567 Qid
956 1519 1049 1554 enim
1061 1518 1214 1555 Consub-

320 1569 465 1607 stantiali
475 1569 543 1603 Dei
555 1568 660 1603 Verbi
671 1568 862 1603 Divinitate
875 1569 959 1603 sitin
971 1568 1161 1605 Christiana
1176 1569 1213 1603 fi-

321 1621 363 1658 de
375 1618 624 1654 substantialius
636 1619 648 1653 ἒ
674 1618 825 1654 Eandem
837 1619 1022 1655 foeditnem
1034 1623 1213 1656 continent

321 1670 388 1707 hasc
402 1669 498 1706 verba
519 1681 527 1701 z
554 1673 628 1704 Non
638 1669 676 1707 ele
682 1666 797 1711 fitmmo
807 1674 839 1702 ln
849 1671 950 1703 sacris
965 1673 1083 1704 Literls
1095 1672 1212 1704 Praece-

317 1730 372 1767 pto
382 1720 466 1754 vobis
479 1720 524 1752 ad
533 1720 764 1763 digladiandum
774 1719 875 1753 oblata
885 1719 923 1761 est
935 1718 1011 1764 ansa
1022 1745 1033 1762 ,
1059 1731 1154 1763 neque
1164 1731 1213 1753 no-

323 1784 381 1805 vus
393 1768 543 1813 quispiam
553 1770 590 1802 de
602 1772 722 1802 Divina
733 1770 883 1815 Religione
894 1770 1082 1805 introdudus
1106 1782 1188 1804 error
1201 1794 1212 1810 ,

318 1821 377 1866 sed
384 1832 477 1853 unam
487 1821 680 1862 eamdemque
692 1826 801 1859 teneus
812 1821 852 1856 de
859 1820 924 1863 fide
927 1819 1114 1863 sententiam
1128 1844 1140 1861 ,
1165 1826 1213 1853 tta

322 1882 356 1905 ut
364 1870 458 1912 facil?
463 1871 573 1912 poffltis
583 1871 629 1902 ad
637 1866 734 1912 ipsuni
744 1869 968 1903 communionis
980 1868 1151 1914 eonJ'ensum
1160 1880 1214 1903 ve-

324 1929 395 1955 nire.
423 1925 511 1953 Nam
522 1931 580 1952 non
591 1918 630 1959 est
638 1916 868 1961 consentaneum
879 1943 890 1960 ‚
900 1928 934 1955 ut
938 1927 1066 1962 propter
1082 1918 1214 1961 vestram

324 1971 571 2014 imprudentiam,
579 1970 618 2003 de
625 1970 702 2003 adeo
706 1975 824 2011 parvis
833 1981 870 2002 ac
881 1976 1001 2014 exiguis
1011 1969 1101 2003 rebus
1111 1972 1212 2002 rnatu&

324 2026 570 2057 concertationem
580 2044 591 2060 ,
617 2027 708 2052 tanta
730 2020 837 2061 Populi
850 2022 1009 2054 multitudo
1020 2021 1066 2053 ad
1073 2018 1212 2061 diffinfio-

325 2083 392 2106 nem
411 2076 562 2112 rapiatur.
586 2070 653 2103 Ima
674 2069 749 2102 vero
769 2079 828 2101 non
846 2070 932 2102 modo
945 2081 1003 2103 non
1012 2068 1051 2111 est
1062 2066 1214 2111 consenta-

325 2133 416 2156 neum
428 2144 439 2160 ,
459 2117 520 2162 sed
537 2120 656 2152 omnino
667 2116 756 2160 nefas
770 2118 824 2162 effe
834 2118 1028 2161 extstimatur.
1058 2118 1214 2161 Suprema

327 2169 524 2216 Evangelici
534 2168 715 2214 Dogmatis
726 2167 846 2212 Capita
855 2169 996 2213 appellat
1004 2180 1054 2203 res
1060 2179 1174 2213 parvas
1182 2168 1215 2202 δε

327 2222 473 2266 exiguas.
488 2219 642 2255 Affirmat
654 2216 933 2253 Alexandrum&
940 2218 1074 2260 Arium,
1084 2218 1162 2253 licet
1173 2217 1215 2252 de

330 2272 398 2310 istis
406 2269 670 2310 discordent,effe
677 2269 713 2304 in
721 2268 924 2303 substantiali
932 2269 1014 2304 Fide
1022 2268 1214 2304 concordes.

330 2321 416 2356 Vult
429 2322 515 2364 ipsos
526 2344 538 2360 ,
563 2317 628 2354 hac
641 2318 799 2353 inutili&
817 2318 951 2354 modica
970 2318 1134 2354 discordia
1144 2330 1213 2353 non

330 2371 491 2413 obstante,
501 2369 606 2406 redire
618 2369 655 2403 in
667 2378 819 2404 mutuam
829 2369 1136 2415 Communionem:
1164 2369 1216 2404 ln-

330 2422 452 2456 flistam
462 2420 547 2455 Ario
557 2420 809 2454 damnationem
829 2419 1034 2455 circumduci
1055 2431 1094 2454 ac
1112 2419 1215 2454 exsuf-

331 2471 412 2507 flari.
441 2471 510 2504 Hic
520 2470 566 2504 est
578 2470 698 2505 unicus
709 2470 825 2512 scopus
834 2471 990 2505 universae
1002 2469 1165 2513 Epistolae.

382 2519 541 2555 Notanda
554 2520 629 2552 sunt
641 2517 707 2552 haec
717 2518 861 2561 ejusdem
873 2520 970 2554 verba
982 2534 989 2553 :
1015 2525 1088 2553 Non
1099 2526 1146 2553 ita
1150 2525 1217 2561 pri-

331 2572 401 2605 dem
410 2572 454 2604 aa
463 2575 498 2603 N
499 2568 730 2610 icmnedienfium
738 2575 895 2603 civitatem
905 2572 1096 2610 adventans,
1106 2579 1217 2603 extem-

328 2623 382 2667 plo
391 2627 450 2655 lter
460 2618 566 2663 versus
578 2623 731 2653 Orientem
741 2621 860 2653 mature*
875 2619 981 2662 facere
999 2619 1214 2660 constituebam.

334 2676 375 2706 Ac
386 2683 432 2706 me
445 2671 564 2714 quidem
571 2671 615 2703 ad
622 2681 677 2703 vos
688 2675 778 2703 citato
779 2671 884 2713 gradu
888 2678 1105 2713 properantem
1114 2694 1125 2710 ‚
1149 2681 1214 2703 cum

333 2723 477 2763 majorem
488 2726 607 2754 itineris
612 2727 736 2762 partem
742 2719 931 2764 confecffim,
945 2730 980 2754 ut
984 2722 1080 2762 prope?
1082 2722 1153 2761 jam
1167 2731 1215 2753 vo·

335 2770 445 2815 bisi-um
454 2771 505 2816 effe
514 2771 636 2804 viderer
647 2794 658 2810 ,
684 2773 858 2803 Literarum
882 2769 1004 2812 istarum
1023 2774 1163 2804 Nuntius
1185 2775 1218 2802 ln

336 2828 518 2857 contrariam
527 2826 732 2865 cogitationem
744 2822 883 2863 compulit
895 2845 906 2862 ,
919 2821 956 2854 ne*
964 2821 1054 2854 oculis
1067 2832 1102 2855 ea
1113 2822 1218 2854 videre

338 2865 450 2914 cogerer
461 2896 472 2912 ,
496 2882 565 2914 quae
585 2872 624 2905 ne*
644 2870 768 2904 auribus
789 2873 911 2913 quidem
931 2872 1056 2905 tolerare
1067 2881 1113 2903 me
1119 2870 1196 2914 pff
1207 2894 1218 2910 ‚

333 2923 427 2965 plane*
445 2920 655 2964 existimabam.
693 2919 842 2958 Edicunt
867 2920 1043 2964 sequentia.
1082 2919 1197 2954 Primo
1207 2945 1218 2961 ‚

340 2969 432 3013 quod
441 2970 678 3005 Constantinus
689 2970 783 3006 iverit
795 2970 837 3006 ad
858 2971 1031 3006 Orientem
1042 2995 1053 3012 ‚
1079 2970 1220 3005 visitatu-

338 3032 394 3055 rus
403 3019 589 3063 Imperium.
617 3019 769 3056 Secundo
780 3045 791 3061 ‚
816 3020 905 3066 quod
926 3021 1108 3066 pervenerit
1118 3021 1219 3065 usque

340 3068 583 3106 Nicomediam.
610 3070 732 3104 Tertio
743 3095 755 3112 ,
767 3071 857 3115 quod
871 3070 943 3106 istic
954 3071 1080 3108 Literas
1091 3082 1220 3115 accepe-

341 3120 386 3154 rit
398 3118 440 3154 de
450 3118 584 3154 Arianis
594 3120 797 3155 tumultibus.
825 3121 954 3170 Qarto
965 3146 977 3162 ‚
1002 3120 1092 3165 quod
1103 3118 1166 3154 hos
1175 3121 1220 3154 vi-

342 3168 419 3204 dere
430 3180 499 3204 non
510 3169 612 3213 posset
623 3192 634 3209 ‚
661 3169 801 3213 ideoque
813 3170 882 3207 illic
899 3172 1034 3207 mutarit
1054 3181 1199 3206 mentem
1210 3195 1220 3211 ,

343 3230 382 3252 ac
394 3218 456 3253 iter
467 3218 592 3253 stiterit.
621 3218 753 3264 Qinto
774 3244 785 3259 ‚
810 3222 899 3264 quod
917 3222 958 3256 ad
979 3221 1042 3258 hos
1062 3221 1220 3257 sedandos

343 3278 456 3303 motus
478 3268 631 3312 legaverit
653 3268 794 3302 Hofium
815 3271 1063 3307 Cordubensem
1089 3270 1220 3315 Episco-

344 3329 434 3402 {um
447 3317 625 3354 „Existimo
637 3317 727 3361 quod
751 3319 1053 3357 Nicomedienfium
1074 3320 1221 3356 Antistes

378 3367 507 3402 usebius
517 3367 647 3410 optimo
659 3366 805 3411 Principi
818 3371 1004 3412 persuaserit
1023 3372 1137 3406 omnia
1155 3370 1220 3406 haec

346 3418 389 3453 de
400 3416 592 3452 Alexandro
603 3416 638 3451 dc
648 3416 734 3450 Ario
744 3418 914 3454 mendacia
922 3446 933 3462 ,
955 3423 1045 3465 quod
1055 3424 1220 3457 veritatem

345 3468 459 3515 detegi
469 3476 618 3504 metuens
630 3465 809 3504 dissuaserit
818 3467 1022 3517 AEgyptium
1029 3474 1106 3516 iter,
1132 3472 1221 3520 quod

1271 79 1694 149 PnotnM1AL1s.

1248 184 1250 190 »
1270 160 1329 195 has
1350 162 1452 197 findas
1473 163 1583 199 literas
1602 165 1672 208 ipse
1695 162 1928 208 composuerit.
1952 164 2149 202 Omniafiu

1271 223 1329 256 pro
1341 210 1424 248 Ario
1435 224 1551 248 contra
1562 214 1794 250 Alexandrum
1803 212 1888 248 Asta
1899 224 1956 257 per
1968 226 2023 249 eas
2031 217 2152 251 confir·

1271 263 1383 297 mavit.
1398 264 1479 298 Erat
1493 265 1596 310 Regii
1606 265 1774 310 sanguinis
1783 275 1822 299 ac
1835 264 2013 299 eminentis
2023 266 2152 300 Destri-

1271 324 1320 346 nae
1330 313 1527 359 Episcopus:
1556 314 1744 362 Qomodo
1754 315 1858 361 igitur
1869 315 1990 350 Laicus
2009 316 2045 349 ἀ
2054 314 2154 351 Cate-

1270 361 1451 399 chumenus
1461 363 1618 407 Prfficeps
1628 363 1680 397 illi
1690 364 1733 399 de
1744 364 1956 410 Dogmaticis
1969 365 2154 411 quaestioni-

1272 413 1333 448 bus
1343 425 1411 449 non
1432 413 1620 456 credidisset
1641 415 1654 448 ?
1679 413 1807 449 Verum
1825 415 1929 449 redux
1939 427 1982 450 ex
1996 416 2155 463 AEgypm

1271 463 1394 499 Hosius
1403 464 1595 508 Principem
1607 464 1733 499 veriora
1743 464 1867 500 docuit.
1894 466 1988 500 Hinc
1998 467 2033 500 δε
2054 465 2156 512 longe

1271 513 1350 548 alias
1362 513 1412 549 issi
1423 515 1574 560 persuasit
1586 514 1725 549 scribere
1734 513 1852 549 literas.
1871 516 2069 559 Encyclicas
2077 528 2160 552 con-

1269 575 1317 598 tra
1329 562 1452 600 Arium
1460 565 1503 600 ad
1512 577 1613 600 omne
1629 565 1824 600 Romanum
1834 564 2011 609 Imperium
2021 566 2133 602 literas
2144 590 2159 608 ,

1267 614 1308 649 de
1321 614 1440 658 quibus
1450 615 1585 650 sanstus
1595 613 1820 660 Epiphanius:
1846 618 2010 656 luperam
2028 620 2158 654 Divina

1269 666 1358 699 Fidei
1368 666 1476 699 ardore
1497 675 1656 699 commotus
1678 665 1844 708 Epistolam
1863 664 1937 698 bene
1955 667 2074 710 ongum
2083 692 2096 708 ,
2122 668 2159 702 θ’

1267 716 1451 756 Encyclicam
1460 717 1506 748 ad
1511 727 1612 751 omnes
1624 720 1757 749 Romano
1768 719 1895 758 Imperio
1900 713 2039 759 subditos
2047 718 2160 751 adanor-

1267 766 1319 798 sus
1329 769 1434 799 Arium
1446 777 1482 799 ac
1491 768 1557 807 ejus
1569 764 1807 812 Dogmascripstt
1818 789 1829 806 ,
1854 771 1936 799 omni
1949 763 2107 809 sapientia
2122 776 2162 799 ae

1267 820 1400 850 veritate
1423 816 1589 858 conf'ertam
1598 842 1609 858 ‚
1635 829 1706 861 quae
1723 823 1757 850 in
1775 815 1951 850 hodiernum
1969 814 2061 859 usque
2078 817 2160 850 diem

1268 866 1468 900 Eruduorum
1486 867 1627 901 manibus
1647 873 1762 901 teritur.
1791 865 1871 910 Ejus
1890 865 2042 910 quaedam
2060 865 2159 900 verba

1270 915 1415 959 superius
1425 916 1550 951 adduxi
1564 941 1576 958 ‚
1600 918 1659 951 suo
1667 917 1744 952 loco
1755 916 1917 951 adducam
1929 916 2029 960 plura.
2055 917 2160 950 Hanc

1271 965 1373 1001 solam
1384 989 1396 1007 ,
1421 977 1492 1002 non
1502 970 1646 1011 priorem
1655 967 1820 1012 Principis
1839 966 2023 1011 Epistulam
2046 964 2162 1001 laudat

1272 1014 1500 1060 Epiphanius;
1526 1017 1630 1064 Qod
1640 1016 1727 1053 hanc
1743 1017 1848 1053 solam
1870 1017 1966 1052 sciret
1980 1017 2045 1051 effe
2063 1018 2161 1061 Opus

1274 1066 1496 1100 Constantini.
1523 1066 1638 1101 Aliam
1649 1068 1767 1112 sprevit
1778 1091 1790 1109 ‚
1815 1068 1851 1102 &
1870 1067 1940 1102 alto
1951 1066 2079 1102 silentio
2100 1065 2162 1100 ob,-

1274 1117 1338 1151 ruit
1349 1140 1360 1156 ‚
1386 1116 1436 1150 uti
1449 1116 1609 1161 figmenta
1620 1117 1887 1152 Nicomedienfis
1896 1117 2039 1152 Eusebii.
2060 1115 2173 1151 Istius·

1274 1166 1449 1201 autoritate
1454 1175 1568 1211 praeter
1590 1166 1834 1202 Czsaraeensem
1857 1165 2036 1201 Eusebium
2056 1176 2160 1204 nemo

1275 1216 1506 1260 Antiquorum
1517 1217 1593 1250 usus
1604 1216 1650 1250 est
1662 1241 1675 1257 ,
1700 1217 1761 1251 nisi
1771 1216 1895 1250 unicus
1904 1216 2064 1251 Socrates.¹
2073 1215 2162 1250 Ean·

1273 1266 1348 1301 dem
1358 1259 1533 1311 epistolam
1544 1265 1563 1298 a
1573 1265 1744 1309 prudentia
1755 1266 1840 1300 male
1857 1265 1972 1300 laudat
1993 1263 2163 1310 Nicepho-

1274 1328 1326 1351 rus
1338 1315 1514 1350 Callixtus.
1542 1315 1604 1349 Per
1614 1316 1825 1350 Franciscum
1839 1315 2010 1350 Combefis
2025 1315 2160 1361 vulgata
2176 1310 2235 1344 1-31’·
2270 1314 2300 1342 ί·

1275 1366 1423 1411 quaedam
1434 1366 1650 1400 Nicaenorum
1660 1365 1823 1400 Asterum
1833 1365 1950 1399 Portio
1962 1365 2075 1400 laudat
2086 1365 2160 1399 Ho-
2175 1361 2240 1391 ⁶²9·
2251 1362 2299 1388 ¹⁴·

1275 1418 1312 1451 fii
1321 1417 1362 1451 ad
1374 1415 1621 1451 Alexandrinos
1632 1415 1855 1460 Legationem
1866 1439 1877 1455 ‚
1889 1425 1988 1460 atque
1995 1414 2159 1460 adjungit:

1276 1465 1490 1508 Constantinus
1501 1465 1581 1507 Hofio
1591 1466 1690 1499 tradit
1700 1472 1792 1500 etlam
1801 1467 1908 1500 literas
1920 1489 1932 1506 ‚
1956 1466 2022 1499 crim
2041 1465 2087 1498 ad
2102 1467 2162 1498 Del

1277 1516 1450 1560 Pontificem
1460 1516 1680 1556 Alexandrum,
1691 1516 1756 1550 nim
1765 1518 1810 1550 ad
1817 1522 1985 1558 impietatis
1997 1519 2162 1550 Parrum

1277 1571 1382 1601 Armm
1390 1591 1402 1608 ,
1429 1577 1492 1611 qua
1500 1574 1607 1608 petens
1616 1575 1652 1599 ut
1663 1567 1834 1601 Alexander
1844 1567 2000 1601 clmmta
2010 1572 2044 1599 in
2055 1569 2163 1600 &m

1274 1625 1411 1652 uteretur
1421 1640 1433 1657 ,
1459 1627 1520 1659 qua
1523 1615 1639 1659 jubens
1649 1625 1683 1649 ut
1690 1622 1718 1649 is
1728 1616 1860 1658 afurore
1868 1615 2010 1659 deffleat
2020 1640 2032 1658 ‚
2050 1627 2087 1650 ac
2091 1613 2164 1659 sen-
2178 1654 2180 1657 .

1270 1665 1341 1710 sum
1351 1675 1466 1701 teneret
1479 1664 1623 1709 Ecelqfiae.
1648 1667 1710 1700 Sed
1720 1668 1755 1704 ό*
1765 1668 1802 1700 td
1808 1666 1989 1702 hortabatur
2001 1690 2012 1707 ,
2024 1676 2058 1700 ut
2066 1667 2087 1699 ἃ
2098 1676 2167 1699 na-

1275 1726 1330 1751 tua
1339 1718 1393 1752 lite
1403 1718 1438 1751 δ’
1449 1722 1632 1752 contentione
1642 1715 1828 1760 discedmnr
1839 1741 1850 1757 ‚
1863 1728 1932 1760 qua
1941 1723 1974 1752 tn
1982 1718 2089 1751 aulus
2093 1716 2167 1758 plus·

1275 1772 1356 1801 rium
1368 1768 1517 1800 malorum
1523 1764 1615 1810 &masa
1625 1768 1775 1810 extitiffet.
1802 1766 1867 1801 Iste
1885 1766 2015 1801 Auno:
2023 1769 2172 1801 conam

1275 1827 1414 1862 purgare
1432 1816 1627 1859 Epistolam.
1665 1813 1715 1849 At
1737 1825 1887 1851 conatur.
1924 1816 1970 1850 Et
1988 1814 2059 1859 ejus
2073 1814 2168 1850 sensu

1276 1877 1347 1901 non
1358 1864 1455 1910 plene
1466 1865 1589 1910 attigit.

1326 1915 1474 1963 Qaestio
1486 1915 1532 1950 est
1547 1939 1559 1955 ‚
1567 1915 1637 1959 qud
1647 1925 1796 1958 tempore
1806 1914 1909 1949 Arius
1920 1914 2168 1959 palamoeperit

1276 1965 1430 2002 adversus
1439 1966 1583 1999 sanctum
1596 1963 1840 2006 Alexandrum,
1847 1976 1886 2000 ac
1894 1966 2007 2001 Deum
2018 1964 2171 2000 Verbum

1277 2016 1419 2051 insanire
1429 2025 1466 2049 ac
1479 2013 1716 2059 blasphemare?
1725 2015 1926 2060 Respondeo
1948 2014 2046 2050 illum
2060 2014 2171 2059 capis-

1277 2068 1308 2101 se
1321 2090 1332 2106 ‚
1357 2074 1536 2108 antequam
1549 2064 1578 2098 S.
1590 2063 1788 2102 Athanasius
1808 2067 1843 2100 in
1861 2065 2095 2102 Alexandrinae
2107 2065 2171 2100 1302

1277 2116 1378 2151 clesiae
1388 2115 1524 2150 Clerum
1537 2114 1777 2152 adscriberetur.
1813 2118 1921 2152 Lucet
1930 2114 1996 2150 hoc
2005 2127 2050 2150 ex
2062 2117 2170 2159 Syno-

1278 2166 1345 2202 dali
1356 2166 1456 2201 saneti
1467 2164 1664 2200 Patriarchae
1676 2165 1861 2203 Alexandri
1873 2166 1915 2201 de
1925 2166 2086 2201 damnato
2095 2166 2115 2199 ὲ
2135 2165 2171 2199 fe

1278 2216 1363 2254 Ario
1374 2215 1416 2251 ad
1427 2216 1575 2250 sanetum
1586 2217 1788 2260 Sylvestrum
1806 2217 2007 2253 Pontificem
2019 2214 2172 2251 Relatio·-

1282 2278 1334 2309 ne,
1342 2277 1442 2311 quam
1452 2266 1488 2300 in
1500 2266 1620 2301 Litoris
1631 2267 1674 2301 ad
1685 2268 1920 2312 Imperatorem
1932 2265 2170 2302 Constantium

1280 2316 1391 2352 laudat
1402 2317 1431 2350 S.
1444 2316 1603 2351 Pontifex
1628 2317 1779 2354 Liberius
1793 2332 1800 2352 :
1828 2323 1957 2353 Manent
1978 2315 2171 2351 theraeale-

1279 2367 1392 2401 xandri
1402 2364 1541 2410 Episcopi
1550 2368 1618 2401 olm
1628 2370 1673 2401 ad
1685 2369 1859 2411 sylvestrum
1877 2368 1994 2413 sancYae
2015 2371 2170 2401 memorie

1278 2416 1736 2463 destinatae‚quibusfignificavit
1747 2430 1819 2454 ante
1831 2422 2060 2453 ordinationem
2071 2413 2168 2449 Atha·

1278 2467 1350 2511 nasi!
1362 2469 1496 2501 undecim
1505 2476 1570 2500 tam
1580 2469 1771 2509 Presbytero:
1780 2495 1793 2515 ,
1805 2473 1897 2514 quam
1906 2475 1998 2503 etiam
2009 2471 2168 2506 Diaconos,

1279 2520 1359 2561 quod
1366 2521 1432 2552 Arii
1443 2516 1575 2559 haerefim
1594 2517 1791 2563 ‚li-querentur
1800 2545 1811 2562 ,
1839 2522 1877 2555 de
1901 2517 2029 2561 Ecclqfia
2051 2515 2167 2560 <inff-

1279 2570 1380 2603 Extat
1391 2568 1538 2612 Epistola
1549 2568 1635 2603 inter
1647 2571 1844 2615 Fragmenta
1864 2570 1965 2605 saneti
1982 2566 2106 2602 Hilarii
2115 2564 2170 2598 Pi-

1281 2618 1456 2653 ·staviensis.
1483 2617 1751 2662 Agitadversum
1759 2620 1894 2656 technas
1906 2617 2102 2653 Eusebianae
2110 2615 2170 2650 Fa·

1280 2669 1402 2702 stionis
1417 2692 1429 2708 ,
1454 2679 1525 2711 quae
1535 2669 1571 2702 in
1591 2669 1835 2705 Mediolanensi
1858 2668 1998 2714 Synodo
2019 2665 2169 2702 Athana-

1281 2719 1363 2753 fium
1375 2742 1386 2758 ‚
1414 2727 1451 2752 ut
1472 2717 1589 2753 harum
1611 2718 1782 2754 turbarum
1806 2720 1971 2755 Autorem
1984 2743 1996 2760 ‚
2030 2715 2171 2753 tentavit

1281 2769 1436 2803 damnare
1448 2791 1458 2808 ,
1485 2778 1583 2812 atque
1594 2770 1638 2803 ita
1652 2769 1787 2804 tandem
1795 2770 1836 2805 ad
1850 2771 1994 2805 Nicaenae
2003 2769 2104 2803 etiarn
2113 2765 2169 2800 Fi-

1281 2820 1333 2854 dei
1343 2818 1586 2854 esufflationem
1597 2819 1789 2867 pertingere.
1818 2820 2010 2865 Respondet
2022 2815 2170 2852 Athana-

1282 2871 1364 2904 sium
1377 2893 1388 2909 ‚
1413 2868 1494 2903 dum
1508 2868 1609 2903 Arius
1622 2880 1699 2904 cum
1709 2871 2050 2905 asseclis'damnaretur
2060 2886 2072 2908 9
2097 2876 2172 2900 nec*

1284 2920 1365 2955 dum
1374 2920 1467 2954 fuifle
1480 2919 1651 2955 Clericum
1664 2945 1676 2962 ,
1703 2920 1846 2965 ideoque
1856 2922 1971 2965 primis
1981 2917 2078 2961 hujus
2088 2915 2174 2950 blas-

1284 2969 1422 3015 phemiae
1432 2970 1580 3005 exordiis
1591 2970 1781 3005 nullatenus
1792 2972 1933 3015 potuisse
1942 2967 2079 3005 misceri.
2093 2965 2169 3000 Nec

1283 3021 1372 3055 enim
1385 3019 1427 3055 de
1438 3020 1624 3065 Episcopali
1639 3021 1886 3056 consecratione
1897 3020 2060 3064 loquitur:
2073 3016 2171 3051 Affir-

1283 3081 1352 3115 mat
1364 3070 1460 3106 hasce
1473 3071 1582 3106 turbas
1593 3071 1678 3106 adeo
1690 3083 1760 3107 non
1776 3070 1955 3116 proceffifle
1966 3080 2008 3104 ex
2018 3066 2171 3102 Athana-

1282 3122 1327 3155 fio
1339 3146 1350 3161 ,
1363 3131 1400 3155 ut
1412 3122 1553 3166 ipsarum
1567 3121 1711 3158 Antores
1721 3123 1822 3157 etiam
1832 3131 1910 3155 ante
1922 3118 2017 3162 hujus
2028 3118 2171 3154 Clericass

1283 3182 1355 3206 tum
1367 3172 1489 3206 fuerint
1501 3172 1716 3216 Synodaliter
1734 3171 1882 3207 damnati
1903 3181 1960 3214 per
1980 3171 2010 3204 S.
2023 3167 2171 3203 Alexan-

1282 3221 1378 3256 drum
1392 3246 1402 3262 ‚
1425 3222 1458 3256 &
1469 3221 1510 3256 ad
1519 3221 1750 3266 Apostolicam
1760 3220 1877 3256 Sedem
1898 3219 2003 3254 relati.
2030 3218 2079 3253 At
2092 3216 2171 3253 vero

1285 3270 1487 3306 Athanasius
1499 3273 1563 3306 fuit
1574 3273 1609 3307 in
1623 3273 1758 3307 Clerum
1768 3273 1946 3314 assumptus
1957 3270 2065 3313 quarti
2076 3267 2173 3304 Chri«

1282 3322 1377 3357 stiani
1388 3323 1492 3356 saeculi
1516 3335 1606 3357 anno
1624 3321 1815 3357 duodecino
1826 3345 1838 3362 ,
1863 3330 1920 3355 aut
1941 3319 1984 3355 ad
2006 3321 2172 3354 summum

1281 3371 1531 3407 decimo-tertio.
1559 3373 1694 3407 Etenim
1706 3371 1884 3406 undecimo
1894 3370 1986 3405 istius
1997 3370 2103 3405 saeculi
2114 3381 2171 3404 an·
2217 3374 2219 3376 ’

1284 3433 1328 3455 no
1340 3422 1425 3457 Puer
1438 3424 1507 3468 egit
1516 3422 1715 3466 Episcopum
1726 3423 1761 3455 in
1772 3421 1879 3455 Maris
1891 3421 2003 3455 littore
2015 3445 2027 3461 ,
2050 3421 2084 3455 ὃ(
2097 3420 2174 3463 bap-

1281 3472 1394 3510 tizavit
1407 3471 1672 3511 Catechumenos
1684 3494 1697 3517 ,
1709 3472 1816 3520 ipsum
1825 3471 1867 3511 ad
1877 3471 1910 3511 se
1921 3471 2085 3515 affumpfit
2095 3469 2176 3555 gile-

2029 3531 2094 3558 xan
2117 3530 2152 3556 er
2163 3542 2175 3562 ‚
