2346 3776
629 99 1077 155 D1ssERTAT1o
1126 91 1547 152 PnooeMmms,

163 199 229 224 eam
252 199 309 223 non
330 188 501 232 jejunavit*
525 185 571 220 Et
601 181 668 218 hoc
692 182 836 219 omnino.
857 192 971 221 verum
992 182 1047 216 est.

165 240 240 274 Nec
260 239 472 283 jejunandum
494 230 666 278 Ap'ostolis
688 242 746 270 aut
769 231 866 269 nobis
889 234 1048 276 praecepit.
1071 232 1074 236 '

165 289 302 324 Etenim
312 291 397 326 inter
404 286 483 323 alias
506 283 705 328 perfidorum
728 281 912 327 Judaeorum
933 282 1052 317 calum-

165 340 238 373 nias
248 339 311 375 fuit
318 339 352 376 ὃς
363 336 428 374 haec
439 348 447 368 ε
475 334 579 382 Qod
595 334 734 377 Ioannis.
741 332 891 377 Baptistae
901 331 1052 376 Discipu-

164 389 206 423 lis
212 385 433 432 jejunantibus
445 397 507 420 nec
526 385 594 428 ipse
614 384 772 427 jejunaret
784 407 795 423 ,
822 393 884 417 nec
904 381 973 424 ejus
993 383 1053 417 Di-

163 438 290 483 scipuli..
328 437 374 474 Et
394 436 462 480 ipse
479 435 669 471 constanter
687 433 816 468 asseruit
828 433 892 467 suis
911 432 1052 467 necdum

164 487 328 525 advenisse
337 484 507 529 jejunandi
517 495 648 529 tempus
669 497 679 517 ι
702 481 794 528 quod
806 482 968 526 Sponsum
981 494 1053 527 prae-

164 538 289 583 sentem
298 534 406 571 adhuc
418 534 588 576 haberent,
601 535 741 579 ideoque
751 531 787 566 N
789 532 912 575 uptiale
922 532 1053 574 festum,

165 587 200 624 in,
211 598 279 634 quo
290 586 427 629 jejunari
440 597 511 620 non
523 585 601 620 licet
613 610 624 627 ‚
633 583 741 620 adhuc
751 581 943 618 decurreret.
970 584 1052 617 Non

165 637 224 674 nisi
234 636 369 680 expleto
378 634 443 671 hoc
455 646 602 680 tempore
614 659 625 675 ,
650 632 823 669 &sublato
836 633 964 677 Sponso
985 634 1055 676 pos-

165 687 198 724 se
207 686 354 730 jejunari.
383 686 428 724 Et
438 685 520 723 hinc
531 687 567 720 in
579 685 723 721 Ratiaria
731 683 865 727 Iudaica
875 683 997 726 jejunia
1008 683 1053 716 es-

165 737 199 771 se
208 748 263 780 per
273 735 446 775 Christum
454 736 644 774 Dominum
662 733 788 771 sublata
799 758 810 775 ‚
837 734 977 769 affirmat
987 732 1055 766 san-

33 803 138 841 Haerefi
166 788 236 824 Ct-us
249 784 474 830 Epiphanius,
500 795 599 829 atque
611 784 760 829 adjungit
773 797 789 818 ,·-
803 784 1054 829 Jejunareporro

34 857 50 886 3
53 857 81 886 3.
92 858 116 880 c,
127 858 151 884 5·
166 838 233 873 cum.
243 836 414 875 Dominus
424 842 553 877 imperat
562 860 573 876 ‚
597 847 656 868 non
666 835 750 868 illam
761 837 901 874 Corporis
911 834 1055 873 inediam,

36 1955 141 1996 Cas-¹2.

161 885 222 933 sed
230 892 325 920 animi
336 891 572 928 temperantiam,
579 886 710 923 decernit
722 909 733 928 ,
759 893 792 919 ut
802 885 823 917 ἂ
830 882 957 932 flagitiis
968 888 1056 919 omni·
1076 914 1079 917 ,

165 936 223 972 bus
234 935 447 976 abstineamus.;

216 985 367 1023 Secunda
378 985 510 1030 quaestio
521 985 567 1020 est
579 1010 591 1027 ,
615 996 660 1021 an
668 984 728 1020 ista
738 984 927 1029 Disciplina
937 984 976 1017 fit
987 993 1056 1018 non
1078 1008 1080 1021 2

166 1035 406 1074 tantummodo
419 1036 570 1071 instituta
592 1035 634 1070 ab
661 1035 834 1079 Apostolis
843 1060 852 1076 ,
881 1034 936 1070 sed
954 1034 1057 1069 etiam

165 1096 323 1132 praecepta
335 1087 349 1121 ?
385 1085 586 1130 Respondeo
597 1087 660 1121 effe
671 1085 866 1120 institutam.
900 1086 951 1119 Ita
961 1083 1056 1119 nobis

165 1136 284 1172 diserte
293 1136 379 1174 dixit
391 1135 608 1180 Epiphanius.
635 1136 679 1170 Et
691 1136 841 1179 Septimii
854 1132 1054 1170 Tertulliani

165 1195 316 1230 tempore
324 1196 394 1221 tam
405 1185 600 1221 Orthodoxi
613 1209 627 1225 ,7
639 1186 739 1229 quam
751 1185 946 1220 Paracletici
957 1184 1056 1218 Mon-

166 1235 293 1273 tanistae
304 1261 315 1276 ‚
333 1234 568 1280 profitebantur
576 1235 671 1269 illam
682 1235 746 1269 effe
756 1234 1014 1277 antiquiffimam
1024 1233 1058 1267 &

166 1286 384 1325 universalem
405 1303 416 1326 1,
451 1285 594 1328 ideoque
613 1286 647 1319 δε
671 1283 909 1326 Apostolicam.
936 1284 1058 1318 Omnis
1079 1321 1082 1324 Δ

167 1336 304 1380 quaestio
311 1343 380 1370 erat
389 1334 434 1368 de·
441 1334 618 1377 Praecepto.

168 1385 290 1421 bantur
311 1383 397 1419 illud
418 1383 624 1427 Praeceptum
642 1394 711 1418 non
729 1384 794 1417 effe
812 1381 1055 1427 Apostolicum.

167 1436 282 1471 Etiam
301 1434 517 1469 Montanistae
538 1433 775 1477 profitebantur
796 1433 903 1476 ipsu-m
927 1434 992 1468 effe
1010 1444 1059 1468 re-

166 1496 246 1520 cens
255 1509 266 1525 ,
279 1495 382 1529 nuper
392 1483 581 1518 institutum
591 1484 609 1516 a
621 1482 791 1518 Paracleto
802 1483 926 1527 Spiritu
939 1509 950 1524 ,
963 1495 1058 1527 appa·

166 1544 261 1569 rente
279 1534 314 1568 &
335 1535 493 1577 loquente
513 1534 550 1567 in
572 1534 749 1567 Montano.
788 1534 912 1568 Omnis
922 1533 1056 1577 quaestio

165 1593 235 1620 erat
247 1608 259 1625 ‚
284 1595 328 1618 an
341 1582 406 1618 haec
419 1583 598 1627 Prophetia
609 1584 687 1618 esset
698 1595 811 1618 verum
821 1583 1004 1624 Charisrna,
1015 1595 1056 1618 an

166 1636 265 1671 fucus.
274 1632 492 1678 pythonicus.
505 1633 635 1668 Diserte
645 1632 710 1668 hoc
720 1633 820 1668 tradit
828 1634 1058 1668 Tertullianus

166 1685 206 1720 in
216 1683 321 1721 Libro
331 1683 372 1718 de
381 1684 518 1728 jejuniis.
531 1683 685 1719 Affirmat
695 1684 737 1718 ab
749 1682 1058 1728 orthodoxis‚quos

169 1732 277 1768 homo
286 1735 494 1771 Montanista
505 1735 645 1779 appellat
656 1733 851 1778 psychicos,
863 1734 993 1769 nullum
1003 1746 1060 1768 co-

168 1785 287 1828 gnosci
305 1783 508 1828 Praeceptum
533 1785 692 1827 jejunium
701 1809 711 1825 ,
739 1785 804 1819 nisi.
819 1784 895 1820 illos
905 1784 975 1820 dies
987 1809 997 1824 ,
1024 1785 1058 1817 in

169 1833 290 1877 quibus
301 1833 428 1868 ablatus
440 1835 655 1869 seuTmortuus
670 1835 733 1867 fuit
753 1835 895 1877 Sponsus
906 1859 917 1874 ,
944 1832 1060 1877 nempe

169 1885 297 1919 sextam
310 1883 450 1926 Majoris
469 1883 698 1919 Hebdomadae
721 1884 853 1919 Feriam
876 1895 914 1918 ac
941 1883 1061 1918 Sabba-

168 1932 267 1970 thum
276 1933 429 1968 Sanstum
439 1946 454 1975 ,ἡ
480 1943 579 1978 atque
591 1934 796 1976 prosequitur
808 1947 816 1966 ι
841 1938 948 1977 Itaque
958 1935 995 1968 de
1006 1945 1061 1967 cae-

171 1992 232 2016 tero
243 1982 416 2024 differenter
420 1984 631 2024 jejunandum
639 1994 678 2016 ex
688 1982 816 2017 arbitrio
826 2007 836 2023 ‚
847 1995 907 2016 non
916 1995 958 2017 ex,
968 1990 1062 2026 impe·

169 2039 213 2067 rio
225 2044 313 2066 novae
325 2037 366 2065 Di
365 2031 505 2075 sciplinae
513 2057 524 2072 ,
546 2041 604 2075 pro
617 2033 797 2075 temporibus
808 2035 842 2068 Θ·
852 2034 952 2073 caussis
960 2032 1060 2076 unius-

167 2081 319 2126 cujusque.
345 2085 392 2115 Sic
403 2084 443 2117 Θ
451 2082 593 2124 Apostolos
603 2081 778 2127 observasti,
787 2084 900 2117 nullum
910 2084 996 2116 aliud
1005 2090 1061 2116 im·

164 2140 311 2176 ponentes
314 2135 425 2176 jugum
436 2142 580 2166 certorum
593 2134 626 2166 (π
637 2138 669 2166 in
690 2144 841 2166 commune
861 2134 997 2166 omnibus
1015 2133 1061 2165 ob-

171 2183 336 2218 eundorum
337 2186 369 2228 J
371 2185 537 2224 ejuniorum
549 2195 563 2224 ;
590 2184 720 2216 Proinde
730 2194 784 2216 nec
792 2185 812 2216 5
814 2190 962 2217 rationum
970 2208 980 2223 ,
992 2195 1061 2225 quae

172 2233 209 2266 (Ὺ
217 2231 282 2276 ¹?st
289 2231 358 2275 suos
370 2234 492 2275 quidem
503 2234 569 2266 dies
583 2232 715 2266 habeant
727 2233 941 2275 quartaeferiae
954 2232 1061 2276 &sex-

172 2292 217 2317 τά
231 2294 238 2314 :
260 2283 375 2322 P‘affivc*
385 2292 486 2317 tamen
495 2292 621 2316 currant
633 2308 644 2324 ‚
655 2294 746 2325 neque
751 2281 808 2326 sub
818 2283 879 2327 lege
892 2286 1040 2325 Praecepti
1049 2308 1058 2323 ‚

171 2343 266 2374 neque
276 2333 357 2366 ultra
364 2331 542 2375 supremam
548 2334 608 2366 diei
621 2357 631 2372 ,
651 2334 771 2376 quando
793 2335 828 2367 Gr
839 2333 1060 2375 orationes-fere?

173 2381 249 2414 hora
258 2394 336 2415 nona
345 2384 498 2417 concludat
510 2384 548 2416 de
562 2385 646 2416 Petri
656 2384 790 2425 exemplo
804 2408 813 2423 ‚
833 2385 914 2426 quod
922 2383 1003 2416 Aah
1014 2395 1062 2416 re-

166 2430 283 2474 fertur*
293 2432 445 2467 Affirmat
455 2433 557 2476 plura.
569 2432 698 2474 Primo,
707 2433 798 2477 quod
811 2432 988 2468 Catholica
1002 2434 1062 2468 Ec-

170 2480 267 2514 clesia
290 2482 385 2515 variis
396 2493 504 2525 praeter
524 2483 628 2517 dictos
649 2483 734 2518 duos
755 2483 872 2517 diebus
881 2483 1039 2526 jejunaret
1051 2508 1060 2523 ,

173 2531 289 2565 verum
298 2531 381 2565 citra
391 2531 590 2575 Praeceptum
601 2545 641 2567 ex
653 2533 788 2567 arbitrio
800 2557 811 2573 ‚
837 2534 1062 2577 pro-tempori-

175 2580 240 2616 bus.
248 2581 282 2615 &
292 2581 409 2617 cauffis
421 2583 680 2626 uniuscujusque.
711 2583 876 2624 Secundo,
887 2583 978 2627 quod¹
990 2595 1061 2626 prae-

172 2640 222 2665 ter
232 2629 298 2665 haee
313 2631 497 2666 voluntaria
510 2633 544 2666 &
560 2633 734 2678 fingularia
759 2633 884 2676 jejunia
907 2634 1061 2678 agnosce-

173 2690 222 2715 ret
232 2681 267 2714 &
277 2681 340 2715 alia
351 2683 543 2716 communia
564 2683 598 2716 δε
620 2684 684 2717 fixa
699 2697 709 2717 .-
737 2684 866 2727 Nempe
885 2693 1005 2727 quartae
1027 2685 1061 2718 &

174 2732 271 2764 sextae
279 2731 364 2765 feriat
375 2732 560 2766 Stationum
569 2733 697 2776 jejunia.
726 2732 849 2767 Tertio
861 2757 872 2773 ,
892 2733 983 2777 quod
994 2732 1059 2768 haec

172 2781 295 2825 jejunia
305 2791 437 2826 negaret
447 2784 510 2817 effe
520 2783 681 2827 Praecepta
691 2808 702 2824 ‚
730 2782 782 2818 sed
797 2784 942 2818 assereret
966 2783 1060 2818 Paffi-

173 2831 213 2865 ve
223 2842 358 2865 currere.
388 2832 517 2878 Qarto
526 2857 537 2873 ‚
563 2834 653 2877 quod
665 2834 698 2867 se
711 2833 862 2868 fundaret
874 2833 907 2868 in
918 2833 1059 2876 Aposto³

173 2882 282 2916 lorum
292 2883 485 2916 auctoritate
500 2906 511 2922 ,
530 2883 587 2927 qui
596 2883 630 2916 &
643 2884 688 2917 ita
699 2884 847 2918 vixerant
860 2908 871 2924 ,
883 2884 918 2918 δε
928 2884 1059 2918 nullum

172 2931 338 2981 jejunandi
361 2931 563 2975 Praeceptum
573 2934 625 2966 san
631 2933 757 2967 xiffent.
784 2934 918 2979 Qinto
929 2959 940 2975 ‚
967 2934 1057 2976 quod

173 2991 269 3014 novae
280 2982 467 3024 Disciplinae
479 2982 653 3025 imperium
662 2984 845 3027 spernerent
863 3008 873 3024 ,
885 2984 919 3020 id
930 2983 989 3024 est,
1002 2997 1058 3018 no-

172 3042 229 3064 vas
239 3032 345 3076 Leges
355 3032 522 3065 Montani.
550 3031 725 3066 Profitetur
746 3032 805 3067 has
824 3034 938 3077 jejunii
952 3034 1057 3080 Leges

173 3081 234 3115 effe
242 3091 345 3115 novas
359 3106 369 3122 ‚
396 3093 433 3115 ac
443 3082 462 3115 a
475 3082 645 3116 Montano
658 3084 843 3125 proceffiffe.

223 3131 302 3165 Haec
321 3130 437 3165 omnia
455 3132 562 3175 ample
579 3132 751 3167 confirmat
772 3134 805 3166 in
817 3135 916 3168 tertio
926 3134 1056 3168 decimo

174 3179 315 3222 ejusdem
326 3181 418 3215 Libri
430 3182 537 3225 capite
558 3194 564 3213 z
593 3181 792 3225 Praescribitis
820 3183 986 3223 Constltuta
1009 3185 1059 3227 effir

175 3232 319 3264 solemma
328 3231 394 3263 huic
401 3231 474 3273 fidei
483 3235 645 3274 scripturis
655 3233 708 3266 vel
713 3234 883 3267 Traditlone
895 3236 1058 3275 majorum,

176 3278 306 3321 nihilque
318 3280 534 3323 observationis
545 3284 678 3324 amplius
698 3283 902 3322 adjiciendum
910 3307 920 3323 ‚
948 3283 982 3315 ob
1004 3286 1058 3317 illi-

651 1333 746 1380 Qin
767 1333 802 1367 &
813 1332 915 1368 ambo
929 1333 1059 1376 profite-

176 3335 488 3364 cituminnovaetionis.
516 3335 602 3366 State
612 3338 644 3365 in
650 3331 699 3372 isto
703 3334 804 3377 gradu
810 3332 841 3374 ſs
841 3332 970 3374 potestis.
997 3337 1055 3367 Ec·

176 3390 208 3411 ce
218 3384 440 3413 enimcum-nio
450 3393 503 3414 vos
516 3384 550 3416 δ’
558 3391 672 3424 praeter
686 3380 802 3425 Pascha
807 3385 987 3423 jejunantes
998 3408 1009 3424 ,
1019 3390 1055 3416 cl-

175 3429 302 3462 rmillas
313 3430 377 3462 dies
391 3454 400 3469 ‚
426 3432 533 3473 quibus
543 3433 662 3466 ablatus
676 3432 713 3472 est
725 3435 744 3465 5
741 3431 854 3475 ponsus
867 3457 878 3472 ,
904 3435 1056 3467 &statio-

178 3490 253 3513 num
260 3480 465 3520 Semi-jejunia
473 3487 691 3526 interponentes
703 3506 714 3524 ‚
731 3484 765 3524 <J
778 3494 832 3517 vos
845 3484 996 3519 interdum
998 3491 1055 3527 pa-

1078 3094 1080 3096 ’
1121 3089 1194 3119 dicit
1199 3084 1234 3129 [ὲ
1244 3098 1301 3118 non
1313 3086 1422 3119 habere
1428 3094 1613 3127 praeceptum
1638 3098 1647 3127 ;

1119 3139 1191 3170 lium
1201 3160 1211 3175 ,
1231 3135 1316 3177 quasi
1325 3135 1554 3178 rniftricmdtam
1566 3134 1734 3179 consecutus
1745 3140 1765 3169 ἃ
1778 3141 1904 3171 Domino
1921 3152 1935 3180 ;
1963 3145 2011 3173 ita

1940 123 1984 154 12

1115 194 1152 216 ne
1161 184 1196 218 ὁ·
1205 193 1288 226 aqua
1299 181 1478 218 vigitantes·
1485 204 1501 221 ‚,
1522 179 1669 223 uteuz'que
1678 179 1776 226 visum
1788 181 1835 225 est.
1861 126 2017 229 Denique⁷

1112 232 1296 275 respondetis.
1306 231 1370 267 baec
1376 243 1415 269 ex
1426 232 1551 264 arbitrio
1560 233 1682 276 agenda
1693 255 1704 271 ,
1730 244 1787 265 non
1809 245 1847 267 ex
1866 243 2003 280 imper-10.

1115 283 1249 324 novistis
1259 289 1351 328 igitur
1355 283 1493 327 gradum
1502 282 1671 318 excedendo
1681 282 1890 319 Traditionem
1900 309 1911 325 ‚
1935 297 2004 320 cum

1118 344 1188 375 quae
1199 345 1258 367 non
1263 332 1325 375 fint
1337 331 1503 372 Constitut'a
1515 356 1527 372 ,
1554 332 1653 365 obitis.
1682 334 1783 376 ,Quale
1793 330 1831 372 est
1840 343 1939 366 autem
1950 360 1960 376 ‚
1969 346 2006 369 ui·

1119 392 1170 417 tua
1177 383 1302 420 arbitrio
1305 388 1470 425 permittas
1482 407 1493 423 ‚
1518 384 1599 424 quod
1615 389 1747 424 imperio·
1759 386 1817 416 Dei
1836 394 1893 416 non
1914 386 1972 418 das
1988 385 2007 432 ἐξ

1116 430 1309 476 Apostolica
1324 442 1421 476 atque
1438 430 1629 466 authentica
1650 432 1950 470 adversumomnes
1960 446 2008 468 er·

1115 494 1203 517 rores
1214 482 1474 526 Praescriptioest
1487 494 1493 513 :
1515 482 1690 532 Qidquid
1700 482 1746 517 est
1760 494 1886 518 novum
1898 483 1934 518 in
1947 483 2009 518 Ec-

1117 532 1211 567 clefia
1223 557 1234 573 ,
1257 532 1304 566 est
1316 532 1445 567 falsum.
1472 531 1571 569 Nihil
1581 532 1627 567 est
1639 533 1883 568 admittendum
1901 558 1912 574 ‚
1949 534 2011 568 nist

1122 583 1212 627 quod
1224 582 1397 617 Divinitus
1406 581 1453 616 est
1471 582 1600 625 Scripto
1623 593 1681 616 aut
1701 583 1814 618 Verbo
1835 583 2011 619 traditum:

1121 634 1191 667 Nifi
1201 631 1292 677 quod
1304 644 1364 666 nos
1375 632 1417 666 ab
1431 630 1600 676 Apostolis
1617 634 1804 675 accepimus
1819 658 1829 673 ,
1855 634 2012 678 Apostoli

1119 683 1137 716 a
1148 681 1282 719 Christo
1295 707 1306 722 ‚
1319 681 1468 721 Christus
1479 681 1498 716 ὲ
1507 683 1593 716 Deo.
1615 682 2013 727 HancPraescriptionem

1122 745 1190 767 non
1203 733 1375 770 dumtaxat
1385 730 1581 770 Catholicus
1589 732 1625 766 in
1633 733 1788 777 lingulati
1803 733 2014 778 Prescriptio-

1121 792 1200 817 num
1210 783 1316 818 Libro
1324 808 1334 823 ‚
1364 782 1418 817 sed
1429 782 1529 817 etiam
1540 783 1745 817 Montanista
1758 783 1795 816 in
1808 783 1920 820 Libris
1931 797 2011 822 con-

1120 842 1169 866 tra
1190 833 1400 867 Marcionem
1421 845 1460 867 ac
1479 832 1562 866 alios
1581 833 1732 870 Errones.
1747 833 2011 872 constantiffime

1119 881 1263 917 laudavit
1276 895 1315 917 ac
1325 884 1467 917 firmavit
1476 882 1708 921 Tertullianus
1718 908 1734 925 2,
1755 883 1943 928 ideoque&
1958 883 2016 919 hic

1119 942 1188 966 non
1200 933 1394 977 praesumplit
1406 932 1553 976 abjicere.
1582 933 1636 970 Ex
1646 934 1718 977 ipsa>
1724 934 1827 979 igitur
1840 933 2014 974 Catholici

1109 982 1360 1027 impugnabant
1380 981 1449 1017 haec
1472 994 1560 1017 nova
1582 995 1638 1027 per
1657 984 2011 1021 Montanumindusta

1108 1032 1235 1075 ¹jejunii
1241 1032 1413 1076 Praecepta.
1449 1031 1493 1066 Et
1506 1033 1734 1068 Tertullianus
1745 1033 1836 1069 aliud
1848 1036 1988 1070 nescivit
1998 1060 2012 1076 ,

1119 1081 1476 1126 quamresponderead
1486 1080 1660 1117 hominem
1674 1096 1681 1116 ε
1706 1084 1819 1118 Etiam
1832 1097 1890 1119 vos
1902 1110 1913 1125 ,
1935 1086 2015 1120 licet

1120 1144 1188 1166 non
1199 1144 1241 1166 ex
1251 1132 1394 1176 Imperio
1406 1156 1417 1172 ‚
1443 1141 1555 1166 tamen
1569 1144 1615 1166 ex
1636 1132 1803 1168 arbitraria
1822 1135 1943 1177 pietate
1955 1137 2017 1170 fre-

1119 1192 1256 1227 quenter
1267 1181 1418 1227 &rigide
1438 1182 1591 1225 jejunatis
1603 1207 1614 1222 ,
1639 1182 1789 1227 adeoque
1811 1184 1910 1229 agitis
1932 1184 1989 1219 illa
2004 1211 2018 1226 ‚

1120 1244 1264 1276 quae-nec
1272 1233 1398 1279 Scripta
1411 1233 1487 1267 sunt
1498 1244 1559 1266 nec
1571 1232 1722 1267 Tradita.
1752 1233 1948 1272 Catholicos
1968 1247 2027 1270 ar·-

1120 1284 1204 1328 guit‚
1215 1282 1310 1327 quod'
1317 1283 1467 1327 plussuo.
1474 1281 1616 1317 arbitrio.
1622 1283 1794 1325 deferrent,
1807 1285 1912 1331 quam
1918 1286 1995 1321 Deo
2006 1310 2020 1326 ‚

1080 1370 1082 1372 y
1122 1333 1156 1367 id
1168 1333 1213 1368 est
1226 1358 1236 1374 ,
1250 1333 1422 1368 Paracleto
1436 1343 1538 1376 nuper
1549 1332 1664 1369 locuto
1675 1334 1711 1368 in
1723 1335 1904 1371 Montano.
1934 1338 2019 1371 Am-

1131 1384 1256 1427 plificat
1267 1383 1331 1418 hoc
1340 1393 1575 1428 argumentum
1585 1409 1595 1425 ‚
1621 1394 1719 1428 atque
1729 1384 1881 1429 adjungit
1899 1399 1906 1418 2
1933 1389 2019 1420 Beni?

1122 1444 1222 1468 autem
1233 1459 1244 1474 ‚
1263 1436 1344 1477 quod
1352 1436 1386 1467 (ν
1398 1432 1539 1476 Eptftopt
1550 1433 1700 1476 universae
1713 1435 1798 1468 Plebi
1810 1437 1958 1469 mandare
1966 1438 2016 1476 je-

1117 1488 1209 1526 Jum‘a
1218 1484 1335 1527 affolent
1347 1495 1357 1526 3
1370 1494 1427 1516 non
1439 1484 1501 1516 dico
1511 1485 1549 1516 de
1560 1484 1706 1524 industria
1719 1487 1849 1526 stipium
1858 1485 2014 1527 conferen·

1125 1537 1234 1569 darum
1246 1558 1257 1574 ,
1282 1543 1317 1567 ut
1329 1533 1436 1574 vestrae
1446 1542 1580 1575 capturae
1592 1533 1629 1574 est
1641 1547 1650 1576 3
1671 1533 1731 1577 sed
1737 1536 1891 1568 interdum
1911 1547 1948 1569 ex
1961 1538 2016 1578 alj-

1131 1598 1192 1629 qua
1201 1585 1412 1618 sollicitudinis
1423 1582 1626 1625 Ecclffiasticae
1636 1586 1739 1628 cauffa.
1768 1590 1875 1628 Itaque
1887 1585 1919 1628 fi
1934 1588 1969 1620 ὁ·
1981 1598 2020 1620 ex·

1128 1636 1257 1669 hominis
1268 1634 1378 1668 Edu‘lo
1387 1658 1396 1674 ‚
1423 1635 1457 1667 (9⁶
1469 1640 1502 1667 in
1513 1646 1606 1668 unum
1617 1647 1716 1669 omnes
1738 1628 2019 1678 Tabeinopbronefin

1123 1691 1249 1730 agnatis
1260 1709 1271 1726 ,
1295 1684 1434 1727 quomodo
1444 1690 1476 1717 in
1489 1684 1573 1718 nobis
1584 1684 1687 1728 ipsam.
1694 1695 1806 1729 quoque
1815 1693 1966 1720 unitatem
1969 1689 2019 1728 Je-

1117 1736 1362 1778 jamnerium&
1383 1734 1646 1780 Xerophagiasum
1667 1737 1888 1771 &stationum
1899 1738 2018 1770 denota-

1122 1793 1163 1819 tis
1175 1787 1197 1818 ,ἓ
1219 1784 1342 1830 Arguit
1355 1796 1415 1818 nos
1426 1785 1516 1829 quod
1539 1786 1748 1829 Episcopalia
1769 1798 1997 1823 veneraremur
2009 1814 2021 1828 ,

1123 1837 1218 1879 ipfius
1228 1846 1340 1870 autem
1350 1835 1511 1869 Paracleti
1523 1835 1663 1879 Spiritus
1674 1836 1799 1871 Divina
1812 1838 2018 1882 generalium

1122 1886 1319 1929 jejuniorum
1330 1884 1450 1919 Edicta
1457 1896 1754 1920 contemneremus.
1793 1887 2020 1931 Palamprofi-

1125 1945 1232 1976 tetur,
1257 1933 1348 1978 quod
1360 1935 1393 1968 δε
1405 1933 1576 1970 Catholici
1598 1935 1632 1969 δε
1655 1936 1876 1970 Montanistae
1889 1939 2020 1981 profite-

1125 1995 1234 2020 rentur
1246 1983 1311 2019 haec
1322 1984 1488 2027 jejunandi
1514 1985 1674 2030 Praecepta
1697 1998 1773 2020 non.
1792 1989 1855 2021 effe
1873 1988 1914 2021 ab
1928 1988 2024 2032 Apo-⁴

1125 2036 1216 2071 stolis
1229 2034 1305 2075 ,sed
1315 2034 1438 2077 caepisse
1447 2036 1467 2067 a
1479 2036 1655 2070 Montano.
1684 2037 1777 2070 Hinc
1791 2036 1903 2072 scribit
1913 2040 1956 2072 eti
1964 2051 2021 2072 am·

1125 2088 1160 2120 in
1171 2084 1320 2128 sequenti
1332 2084 1439 2127 capite
1452 2098 1462 2117 .-
1474 2089 1538 2117 Cur
1548 2086 1732 2118 stationibus
1746 2097 1890 2129 quartam
1904 2088 2021 2131 &se³⁶⁴⁴
2039 2065 2109 2102 Cis».
2124 2075 2171 2100 ¹4-

1112 2146 1189 2175 *tam
1198 2137 1218 2167 5
1220 2134 1325 2167 abbati
1335 2135 1470 2167 dicamus
1483 2159 1493 2174 ,
1506 2137 1676 2176 &jejuniis
1687 2135 1880 2179 Parasc'even
1892 2139 1904 2171 ?
1914 2150 2020 2180 quam-

1125 2198 1216 2229 quam
1229 2196 1283 2218 vos
1296 2190 1387 2217 etiam
1397 2184 1604 2225 sabbathum„
1623 2185 1654 2227 fi
1670 2188 1791 2228 quando
1811 2194 1994 2221 continuatis
2008 2214 2017 2228 ,

1127 2247 1280 2278 nunquam
1291 2233 1515 2278 nisiinPascha
1531 2238 1738 2276 jejunandum
1752 2236 1917 2280 secumdum
1927 2246 2019 2272 ratio-

1113 2285 1115 2287 ’
1126 2298 1192 2319 nem
1203 2285 1277 2318 alibi
1284 2285 1438 2317 redditam
1449 2297 1458 2327 3
1473 2285 1556 2317 nobis
1569 2287 1648 2319 certe*
1658 2293 1753 2319 omnis
1766 2289 1831 2320 dies
1844 2294 1936 2321 etiam
1949 2291 2018 2322 vul-

1120 2345 1197 2380 gata
1206 2333 1418 2378 consecratione
1428 2335 1600 2369 celebratur.
1629 2335 1784 2370 Affirmat
1795 2337 1888 2380 plura
1901 2362 1912 2378 ,
1924 2339 2024 2381 quod.

1113 2387 1156 2420 2&
1167 2384 1381 2420 Catholici&
1392 2385 1605 2419 Montanistae
1626 2396 1774 2430 quartam
1786 2389 1819 2421 δε
1837 2389 1961 2422 sextam
1974 2390 2025 2423 fe·-

1126 2437 1207 2469 riam
1232 2434 1436 2468 stationibus
1458 2437 1511 2469 seu
1535 2436 1766 2479 Semi-jejuniis
1783 2462 1793 2477 ‚
1819 2437 2017 2473 Parasceven

1125 2486 1266 2520 dicarint
1277 2484 1384 2519 Pleno
1394 2484 1528 2528 jejunio.
1567 2486 1723 2520 Secundo
1734 2511 1745 2527 ,
1772 2488 1861 2530 quod
1880 2488 2018 2531 quidam

1126 2534 1294 2570 Catholici
1307 2536 1398 2569 sextae
1410 2536 1495 2570 feriae
1507 2535 1723 2581 adjungerent
1735 2536 1963 2579 Sabbathum·‚
1982 2541 2017 2574 δε

1125 2597 1298 2630 utrumque
1309 2585 1398 2619 diem
1419 2585 1607 2628 jejunarent.
1634 2586 1763 2621 Forsan.
1781 2585 1934 2622 Romana
1958 2590 2018 2623 Ec-

1124 2637 1224 2670 clesia.
1252 2634 1374 2669 Tertio
1384 2634 1466 2670 dicit
1480 2660 1490 2676 ‚
1516 2636 1607 2680 quod
1627 2635 1796 2672 Catholici
1820 2639 1926 2673 solum
1941 2638 2022 2673 Sab-

1126 2685 1262 2720 bathum
1274 2687 1415 2719 sanCtum
1426 2686 1608 2729 jejunarent
1619 2698 1660 2720 ex
1674 2687 1850 2732 Praecepto.

1175 2737 1255 2770 Haec
1267 2737 1381 2770 omnia
1393 2737 1569 2771 confirmat
1582 2737 1738 2780 antiquus
1750 2739 1784 2771 ’ὃς
1797 2739 1942 2784 Magnus
1955 2739 2016 2772 Ec-

1125 2786 1222 2820 clefiae
1232 2787 1376 2830 Scriptor
1390 2787 1616 2830 Apollonius,
1644 2788 1729 2821 inter
1751 2789 1910 2822 Montani
1933 2788 2022 2822 Prae-v

1126 2837 1315 2880 scrIptiones
1326 2848 1453 2879 pon-ens
1464 2837 1498 2870 &
1509 2836 1601 2870 hunc
1610 2837 1785 2871 articulum
1800 2851 1806 2869 ε
1836 2843 1892 2871 Hic
1913 2838 1950 2878 est
1963 2845 2022 2881 qui*
2035 2830 2091 2861 Ub-
2105 2841 2130 2867 5·

1113 2887 1434 2929 ›novasjeiuniileges
1443 2885 1548 2929 sancit.
1589 2885 1667 2929 Ejus
1684 2887 1747 2920 haec
1769 2887 1866 2922 verba
1886 2888 2015 2923 exstant
2031 2881 2092 2910 cap*
2105 2880 2147 2907 ¹7'

1128 2937 1215 2980 apud
1228 2936 1482 2970 Ecclefiasticam
1497 2937 1680 2970 Historiam
1689 2936 1822 2970 Eusebii
1832 2938 2015 2973 Caesaraeen-

1124 2987 1171 3020 fis.
1201 2987 1244 3019 Et
1256 2987 1290 3019 in
1304 2987 1410 3030 primo
1424 2986 1573 3020 adversus
1596 2987 1805 3028 jovinianum
1828 2988 1932 3022 Libro
1944 2990 2013 3023 san-

1122 3039 1190 3071 stus
1203 3037 1450 3079 Hieronymus:
1465 3038 1617 3079 ‚Quomodo
1628 3037 1664 3069 de
1676 3037 1850 3080 Virginibus
1863 3038 2016 3080 Apostolus·

1685 3089 1720 3120 (9·
1739 3097 1840 3120 tamen
1862 3090 1917 3122 dat
1927 3088 2012 3128 confi-

1121 3188 1155 3220 &
1166 3193 1197 3218 in
1209 3184 1511 3226 Ecclefiasticoordine
1523 3185 1719 3224 constituendo
1730 3211 1740 3226 ‚
1767 3195 1839 3230 quia
1862 3191 1950 3222 rudis
1970 3201 2009 3223 ex

1121 3235 1263 3281 gentibus
1275 3234 1499 3275 constituebatur
1510 3234 1641 3276 Ecclefia·
1648 3260 1657 3276 ,
1669 3238 1781 3271 leviora
1789 3247 1882 3280 nuper
1892 3241 2014 3273 ereden-
2025 3258 2094 3287 Cp„
2104 3266 2111 3285 1
2121 3266 2145 3290 9,

1118 3287 1199 3319 tibus
1213 3287 1268 3317 dat
1286 3288 1455 3325 Praecepsa,
1467 3296 1503 3318 ne
1514 3285 1703 3327 territiferre
1714 3298 1771 3320 non
1776 3289 1896 3330 poffent.
1916 3293 2007 3325 Dem'-
2055 3284 2058 3286 v
2071 3278 2077 3294 ¹

1118 3348 1174 3378 que
1187 3337 1221 3369 (tr
1231 3334 1351 3377 Apostoli
1359 3336 1533 3369 &Seniores
1543 3336 1579 3368 de
1591 3335 1793 3380 Hierosolymis
1805 3342 1927 3372 Literas
1938 3346 2007 3373 mit-

1118 3395 1186 3419 tunt
1198 3410 1208 3424 ,
1233 3394 1267 3417 ut
1278 3396 1339 3416 non·
1346 3386 1474 3426 amplius
1497 3391 1668 3426 imponatur
1690 3394 1785 3420 oneris
1811 3388 1859 3421 his
1872 3414 1880 3428 ,
1907 3395 1959 3432 qui
1972 3389 2008 3421 de

1113 3434 1253 3479 gentibus
1266 3431 1455 3468 crediderunt
1467 3448 1476 3477 3
1505 3435 1599 3477 nifiut
1620 3436 1786 3476 abstineant
1794 3436 1827 3480 se
1839 3440 1877 3471 ab
1888 3440 2010 3471 Μαῖσιν-

1119 3492 1179 3518 tria
1191 3509 1202 3527 ‚
1229 3484 1463 3527 &fornicatione
1476 3510 1487 3527 ,
1507 3488 1540 3522 Θ
1548 3488 1568 3520 ἂ
1580 3489 1755 3533 sanguine*
1766 3490 1799 3523 (ι’
1807 3489 1829 3521 ἱι
1843 3488 1979 3528 Suffocati
1987 3500 2007 3516 s.

1966 3538 2012 3568 Iit
