2346 3776
342 121 387 159 14
785 91 1231 143 DrSSERTATlo
1281 89 1704 146 PRooners'.

334 189 398 217 na,
426 173 727 217 Hierosolymitana
748 199 759 215 ‚
786 174 916 207 Veneta
937 198 948 214 ‚
985 173 1019 206 &
1042 171 1212 206 Gradenfis

332 224 506 269 postmodo
517 225 778 260 accesseruntDe
787 223 854 258 illis
862 221 966 258 tribus
974 221 1085 256 scribit
1095 221 1137 256 ad
1150 223 1213 256 Eu-

332 276 462 321 logium
470 274 697 309 patriarcham
708 272 974 308 Alexandrinum
984 282 1125 317 magnus
1134 272 1213 306 Gre-

330 326 464 371 gorius:
501 330 581 358 Cum
598 326 686 359 multi
700 322 761 364 sint
786 322 928 365 Apostoli,
948 331 1006 365 pro
1030 321 1093 365 ipso
1113 331 1214 356 tamen

331 379 512 418 Principatu
525 377 591 409 Sola
612 373 806 416 Apostolorum
819 376 960 415 Princips
970 374 1062 406 Sedes
1074 378 1107 405 in
1119 373 1215 406 autio-

327 432 421 460 ritate
443 428 595 459 convaluit
608 448 617 463 ,
643 435 711 466 quae
733 429 766 456 in
787 423 886 457 tribus
896 424 963 456 locis
974 429 1063 457 unius
1075 422 1120 463 est.
1147 422 1214 466 Ipsi*

328 483 407 513 enim
420 475 601 520 sublimavit
623 476 728 507 Sedem
749 498 759 513 ,
796 486 830 506 tn
852 485 911 516 qua
932 480 1025 506 etiam
1046 472 1190 517 quiescere
1204 497 1214 512 ,

328 529 363 561 (2⁶
378 523 560 568 praesentem
578 531 678 558 vitam
695 523 786 565 finire
808 525 950 567 dignatus
971 522 1018 564 est.
1046 522 1113 566 Ipse
1134 525 1214 556 deco-

621 580 654 607 in
684 585 744 616 qua
776 572 1003 617 Evangelistam
1026 571 1214 616 *Discipulum

328 625 411 666 mifit.
440 623 507 668 Ipse
518 625 659 667 firmavit
679 626 807 664 5edem,
834 630 867 656 in
887 635 947 666 qua
965 622 1080 666 septem
1100 629 1189 655 annis
1203 646 1213 660 ,

327 682 469 717 quamvis
491 677 651 718 deceffurus
664 699 674 714 ‚
694 673 785 717 sedit.
825 675 901 706 Cum
920 676 987 716 ergo
1011 679 1100 705 unius
1124 682 1214 714 atque

326 737 387 757 una
392 724 430 767 fit
442 727 533 758 Sedes
548 750 557 765 ‚
583 732 629 758 cui
650 737 689 759 ex
708 724 886 757 auc‘loritate
908 727 1027 755 Divina
1049 731 1112 754 tres
1135 733 1212 755 nunc

326 773 465 818 Episcopi
481 775 667 817 praesident,
693 774 845 816 quidquid
857 784 906 815 ego
917 773 954 804 de
964 771 1048 818 vobis
1069 770 1137 804 boni
1161 783 1211 804 au-

325 826 374 856 dio
396 849 407 864 ‚
435 825 487 858 hoc
508 824 582 858 mihi
602 832 722 866 imputo.
758 827 790 857 si
815 824 890 864 quid
909 821 978 853 bom·
996 822 1034 854 de
1054 833 1101 855 me
1119 824 1212 855 credi·-

326 880 367 906 tis
380 899 392 915 ‚
418 874 470 908 boc
491 875 597 914 vestris
615 881 732 907 meritis
757 879 916 913 imputate.
943 873 1030 914 ,Quia
1039 877 1073 904 in
1085 875 1210 906 Domino

185 917 245 962 Ub-
263 928 288 953 5·
324 923 536 967 unumficmus.
564 926 603 957 In
614 923 678 958 alia
699 921 741 956 ad
761 920 904 956 eundem
925 920 1110 967 Eulogium
1132 922 1211 966 Epi-

187 958 305 994 ⁶p¹st·⁶0
325 973 409 1007 stola
423 975 560 1007 affirmat
583 975 760 1008 fraternam
784 970 991 1007 Charitatem
1009 972 1071 1007 este
1084 970 1209 1007 Catho-

190 356 251 387 Lib.
271 361 298 386 6.

195 397 274 436 epist.
276 407 312 435 37

325 583 413 609 ravit
447 577 552 608 sedem
575 600 586 616 ,

321 1022 392 1056 licae
417 1024 678 1057 Communionis
703 1022 871 1060 radicem,
897 1031 994 1065 atque
1020 1021 1171 1067 adjungit
1200 1035 1206 1054 ε

320 1077 410 1105 Hanc
421 1075 473 1115 effe
486 1074 569 1106 nobis
579 1085 644 1106 cum
655 1078 772 1106 caeteris
775 1071 933 1113 fratribus
945 1083 1124 1105 communem
1131 1071 1209 1115 sem-

314 1130 372 1165 per
383 1131 530 1164 optamus.
557 1123 612 1163 Est
623 1133 725 1156 tamen
745 1124 881 1164 aliquid,
909 1123 989 1164 quod
997 1133 1050 1154 nos
1060 1134 1132 1166 erga
1144 1124 1208 1155 Ale-

320 1174 507 1206 xandrinam
530 1172 690 1214 Ecclefiam
700 1175 833 1215 quadam
838 1173 1050 1214 peculiaritate
1071 1172 1206 1212 constrin-

314 1229 364 1265 git
375 1246 386 1261 ,
415 1224 449 1256 (θ’
458 1230 491 1256 in
501 1226 567 1264 'eius
581 1235 679 1256 amore
684 1229 839 1264 proniores
851 1220 972 1260 existere
981 1219 1106 1263 speciali
1118 1223 1206 1263 quod-

318 1274 455 1305 ammodo
477 1275 538 1316 lege
555 1274 708 1314 compellit.
737 1276 825 1304 Nam
840 1270 915 1312 ficut
933 1270 1069 1303 omnibus
1090 1271 1205 1313 liquet,

317 1323 399 1363 quod
406 1322 511 1367 beatus
524 1321 719 1366 Evangelista
734 1325 856 1354 Marcus
876 1322 898 1352 a*
909 1320 1016 1358 sancio
1027 1323 1119 1355 Petro
1130 1325 1205 1364 Apo-

310 1371 381 1412 stolo
394 1371 531 1415 Magistro
545 1371 599 1415 fi⁴⁰
621 1373 841 1405 Alexandriam
854 1369 894 1411 fit
918 1369 1104 1413 transmiffus
1124 1395 1136 1412 ‚
1163 1370 1203 1414 fic

319 1421 410 1462 hujus
435 1433 487 1454 nos
512 1421 647 1464 Magistri
668 1424 702 1455 Θ
723 1420 868 1463 Discipuli
895 1426 1013 1454 unitate
1038 1420 1216 1465 constringi·⁴

317 1483 384 1503 mur
406 1496 417 1512 ‚
453 1481 488 1504 ut
511 1473 546 1505 <9⁹
565 1483 614 1515 ego
631 1473 701 1505 sedi
724 1469 871 1514 Discipuli
899 1469 1062 1511 praefidere
1093 1473 1202 1504 videar

311 1528 441 1562 propter
462 1521 634 1565 Magistrum
653 1546 664 1562 ‚
702 1523 737 1555 (5
755 1533 810 1555 vos
830 1522 899 1553 Sedi
919 1519 1054 1564 Magistri
1079 1528 1203 1563 propter

318 1569 510 1613 Discipulum.
533 1573 614 1605 Non
624 1570 704 1616 ergo
713 1571 947 1614 cujuscumque
958 1570 1114 1613 Apostoli
1125 1596 1137 1612 ‚
1150 1571 1203 1606 sed

319 1621 427 1659 Solius
439 1620 617 1665 Coryphaei
638 1620 728 1656 Petri
748 1621 880 1656 Inseffio
900 1620 979 1655 facit
1004 1619 1202 1656 Cathedram

319 1669 547 1713 Apostolicam
560 1673 594 1706 ὅ(
605 1670 869 1706 patriarchalem.
896 1671 941 1705 Et
954 1669 1033 1704 hinc
1046 1683 1106 1705 nec
1126 1673 1203 1706 San-

313 1723 384 1755 &us
396 1721 535 1763 Jacobus
549 1723 692 1756 Hieroso
698 1721 866 1765 lymitanae
875 1746 886 1762 ‚
912 1733 973 1755 nec
986 1722 1120 1755 sanstus
1134 1721 1202 1756 An-

314 1771 408 1806 dreas
429 1771 622 1814 Byzantinae
634 1771 783 1806 Ecclefiae
805 1772 915 1815 potuit
938 1771 1033 1805 istam
1045 1772 1203 1817 Dignita-

315 1832 383 1855 tem
394 1822 591 1864 imprimere.
620 1821 724 1856 Porrd
734 1823 868 1858 Sanetus
879 1821 994 1855 Petrus
1015 1822 1133 1856 insedit
1146 1822 1204 1856 So-

315 1871 362 1904 las
386 1882 452 1907 tres
474 1872 592 1906 Sedes:
619 1872 809 1907 Romanam
829 1870 1125 1905 &Antiochenam
1148 1883 1202 1914 per

314 1921 537 1965 semetipsum,
550 1919 812 1958 Alexandrinam
824 1932 880 1965 per
890 1921 1102 1964 Discipulum
1113 1921 1202 1955 Mar-

313 1983 398 2006 cum.
428 1973 525 2007 Hinc
548 1970 614 2004 istae
634 1981 698 2005 tres
717 1971 814 2005 Sedes
836 1973 911 2004 sunt
923 1971 1010 2013 quasl
1020 1972 1119 2005 unica
1131 1995 1142 2011 ‚
1168 1972 1201 2007 δι

313 2022 406 2065 plura
417 2022 500 2056 inter
511 2023 545 2056 se
568 2024 822 2056 communicant
843 2019 1014 2053 Idiomata.
1042 2020 1200 2054 Notanda

315 2074 390 2106 sunt
403 2072 511 2106 Sanffi
524 2071 680 2116 Gregorii
693 2069 810 2104 verba:
836 2073 891 2103 Ex
913 2070 1090 2103 auelornate
1111 2073 1201 2103 Divi-

315 2134 365 2154 na.
394 2122 562 2157 Videntur
574 2123 733 2156 affirmare
744 2144 755 2160 ‚
781 2119 871 2163 quod
883 2118 1039 2163 Apostoli
1062 2131 1132 2154 non
1144 2121 1199 2153 sua

317 2174 508 2207 auetoritate
521 2198 532 2214 ,
543 2171 598 2207 sed
611 2183 652 2206 ex
664 2171 791 2206 Divina
802 2169 941 2212 juffione
951 2179 1014 2204 tres
1021 2168 1095 2204 istas
1103 2169 1199 2212 Sedes

314 2234 371 2265 per
381 2223 534 2257 Sanstum
548 2223 683 2258 Petrum
694 2219 823 2257 insideri
841 2219 987 2263 jusserint
999 2244 1009 2260 ‚
1035 2229 1132 2263 atque
1153 2221 1199 2254 ita

315 2274 475 2309 erexerint
487 2274 522 2307 in
535 2270 778 2308 patriarchales.
808 2269 847 2305 Id
868 2269 1035 2304 decretum
1054 2270 1148 2303 fuiffe
1164 2270 1199 2312 in

316 2321 530 2357 Antiochena
551 2322 791 2368 Apostolorum
802 2319 940 2363 synodo
952 2319 1066 2353 adserit
1077 2321 1112 2353 in
1123 2320 1201 2363 Epi-

319 2372 399 2407 stola
420 2373 461 2407 ad
484 2372 661 2408 Ruthenos
682 2374 724 2408 de
746 2370 894 2407 Primatu
917 2369 1012 2413 Papae
1042 2369 1199 2404 Melerius

316 2421 503 2456 Patriarcha
515 2423 777 2458 Alexandrinus.

367 2472 542 2518 Qidquid
553 2473 591 2506 fit
603 2498 613 2513 ‚
640 2474 730 2516 quod
739 2474 815 2507 Sola
826 2473 935 2507 Sansti
955 2471 1046 2505 Petri
1067 2469 1199 2504 Inseffio

313 2522 416 2556 'faciat
428 2522 458 2555 A
463 2522 658 2565 postolicam
669 2536 705 2556 ac
714 2522 968 2558 Patriarchalem
983 2520 1100 2555 Sedem
1111 2545 1122 2561 ,
1141 2519 1199 2554 do-

316 2582 367 2605 cet
379 2572 479 2605 etiam
493 2573 595 2615 prima
607 2573 714 2606 Sanffi
727 2573 845 2607 Gelafii
859 2573 1034 2607 Pontificis
1045 2572 1199 2605 Romana

317 2621 471 2664 Synodus
485 2634 491 2653 2
520 2625 625 2654 Prima
637 2626 703 2666 ergo
715 2625 800 2658 Petri
814 2622 935 2664 Apostoli
944 2623 1033 2655 sedes
1044 2620 1082 2661 est
1094 2625 1200 2654 Roma-

318 2684 358 2704 na
369 2671 504 2713 Ecclesia.
530 2674 665 2705 Secunda
674 2674 764 2706 Sedes
774 2674 860 2714 apud
870 2673 1086 2705 Alexandriam
1106 2673 1199 2703 Beati

320 2724 404 2754 Petri
416 2728 531 2755 nomine
550 2724 570 2754 ιῐ
592 2726 692 2755 Marco
712 2725 779 2763 ejus
799 2721 948 2765 Discipulo
959 2723 993 2755 (9·
1005 2719 1200 2764 Evangelista

319 2770 484 2814 consecrata
502 2771 548 2812 est.
585 2771 655 2816 Ipse
673 2774 694 2804 a
717 2776 807 2806 Petro
827 2772 952 2814 Apostolo
974 2777 1006 2804 in
1029 2773 1200 2814 AEgyptum

320 2822 450 2854 direclus
474 2821 599 2855 verbum
619 2829 760 2856 veritatis
768 2823 955 2864 praedicavit
965 2847 976 2863 ‚
1001 2818 1200 2864 &gloriosum

320 2868 532 2912 consummavit
553 2875 735 2910 Martyrium.
763 2876 867 2906 Tertia
885 2867 975 2906 sedes
997 2872 1083 2913 apud
1101 2874 1201 2903 Antio-

322 2918 418 2951 chiam
427 2919 557 2962 ejusdem
567 2923 726 2962 Beattffimi
738 2925 824 2955 Petri
837 2922 958 2964 Apostoli
979 2927 1095 2954 nomine
1116 2919 1201 2953 babe-

323 2978 372 3014 tur
383 2967 561 3014 honorabilis
572 2995 583 3010 ‚
608 2975 639 3005 εὐ
650 2974 729 3014 quod
736 2973 793 3005 illic
805 2997 816 3013 ,
841 2982 1003 3014 antequam
1015 2975 1139 3003 Romam
1149 2982 1201 3003 ve-

324 3018 405 3061 niffet
418 3043 429 3058 ‚
454 3018 610 3051 habitavit
623 3044 633 3060 ,
659 3023 692 3055 (ε’
700 3023 759 3056 illic
763 3028 898 3064 primum
911 3033 1013 3054 nomen
1024 3019 1201 3060 Christiano-

322 3079 390 3100 rum
402 3092 411 3107 ,
438 3068 561 3101 novellae
575 3077 677 3111 gentis
690 3096 700 3111 ,
709 3081 843 3105 exortum
852 3071 900 3113 est.
928 3072 971 3105 Et
984 3072 1019 3104 in
1032 3069 1150 3104 Literis
1159 3069 1200 3104 ad

204 3162 206 3164 v
235 3152 240 3159 ,
323 3117 554 3160 Imperatorem
576 3117 776 3154 Michaelem
796 3123 932 3156 tertium
951 3120 1201 3155 scribitSanstus

190 3151 303 3191 Ep¹st·⁸·
322 3166 408 3211 Rapa
420 3167 580 3201 Nicolaus
592 3169 732 3210 primus:
758 3172 896 3204 santiam
918 3175 1083 3204 Romanam
1104 3172 1203 3204 Eccle-

315 3215 391 3258 fiam
411 3220 519 3250 Petrus
544 3218 578 3250 o·
601 3219 715 3250 Paulus
734 3218 809 3260 roseo
832 3233 928 3255 cruore
945 3220 998 3264 suo
1019 3219 1202 3263 consecrave-

322 3275 402 3298 runt.
429 3269 475 3299 Sic
485 3268 603 3299 demum
621 3269 857 3301 Alexandrinam
878 3270 1034 3312 Ecclesiam
1052 3268 1139 3313 suam
1153 3269 1202 3310 fe-

322 3325 423 3348 cerunt
441 3325 497 3358 per
512 3319 643 3350 Beatum
664 3318 765 3350 Sclicet
778 3321 910 3350 Marcum
922 3344 931 3358 ‚
957 3327 1046 3353 unius
1057 3319 1159 3353 borum
1165 3320 1202 3361 fi-

323 3367 395 3397 lium
406 3377 441 3400 ac
454 3365 644 3408 Discipulum.
675 3371 799 3400 Fecerat
820 3378 919 3400 autem
938 3371 1122 3410 Beatiffimus
1147 3371 1202 3402 Pe-

323 3424 389 3447 trus
406 3415 573 3458 praesentia
590 3418 731 3457 corporali
752 3418 786 3450 (θ’
804 3417 961 3459 Ecclefiam
994 3418 1202 3452 Antiochenam

317 3466 387 3505 jam
402 3463 499 3508 fitam.
527 3468 585 3499 Per
607 3464 663 3499 has
687 3472 778 3511 igitur
799 3476 860 3501 tres
877 3473 1048 3511 praecipuas
1059 3468 1201 3512 Ecclefias

1276 179 1401 206 omnium
1419 173 1613 216 Ecclefiarum
1631 177 1797 210 Sollicitudo
1815 178 1993 211 ⁴Beatorum'
2014 177 2153 219 Apostolo-

1276 234 1341 255 rum
1354 225 1538 265 *Principum
1558 227 1643 259 Petri
1662 228 1697 260 Θ
1719 228 1811 259 Pauli
1827 228 1933 268 procul
1949 227 2038 260 dubio
2057 230 2154 263 made-

1276 283 1376 307 ramen
1390 274 1540 315 expectat.
1576 275 1680 321 Qod
1702 277 1808 318 ipsum
1826 278 1943 319 repetit
1972 278 2008 311 in
2030 277 2153 312 Rescri-

1277 332 1334 365 pto
1353 323 1394 358 ad
1415 323 1636 368 Bulgarorum
1654 325 1816 360 Consulta
1829 349 1841 366 ‚
1865 326 1990 362 addens
1999 328 2154 364 Sanctum

1277 372 1429 409 Marcum
1451 374 1546 408 fuiffe
1566 374 1677 408 Sanffi
1697 373 1786 410 Petri
1811 387 1855 410 ex
1879 376 2083 421 Baptismate
2101 378 2154 411 Fi-

1276 422 1379 463 lium,
1403 423 1446 459 ab
1465 425 1536 468 ipso
1560 424 1692 458 missum
1713 422 1951 461 Alexandriam
1976 451 1986 467 ‚
2011 427 2155 471 ideoque

1276 471 1360 507 hanc
1380 474 1560 510 Ecclesiam
1579 475 1642 509 effe
1662 475 1763 509 etiam
1782 474 2023 518 plantationem
2043 477 2155 512 Saneti

1274 521 1371 556 Petri.
1398 524 1443 558 Et
1454 525 1491 558 in
1501 525 1631 560 famosis
1642 537 1679 559 ac
1690 523 1824 560 eruditis
1833 526 1984 561 adversus
1993 528 2156 565 Hincmar

1275 584 1346 607 rum
1359 573 1609 611 Laudunensem
1620 576 1821 618 Episcopum
1832 587 1869 610 ac
1879 577 1976 610 suum
1997 587 2155 620 nepotem

1273 623 1478 662 Hincmarus
1485 625 1703 669 Metropolita
1716 624 1885 659 Remenfis
1896 626 2007 661 scribit
2028 638 2036 659 z
2061 629 2154 661 Sedes

1272 673 1486 715 Ecclesiasum,
1508 674 1620 718 stilicet
1641 679 1784 708 Romana·
1808 698 1819 715 ‚
1846 674 2082 717 Alexandrjnae,
2107 686 2157 710 at·

1273 733 1328 764 que
1339 723 1547 767 antiochena,
1572 728 1679 759 idcirco
1685 724 1854 769 specialiter
1861 727 1986 769 legimus
2006 726 2158 759 sedesdi·

1272 776 1556 816 ci,-cumplurimae
1565 777 1656 810 Sedes
1677 777 1712 811 (5
1736 774 1949 818 Apostolorum,
1970 773 2081 818 ‚sedicet
2091 779 2160 820 Jaffl

1272 822 1332 854 cobi
1354 824 1554 868 Hiero-solymae
1573 851 1585 867 ,
1610 827 1645 860 ὢ*
1655 831 1798 871 Joannis
1814 827 1901 868 apud
1919 822 2095 868 Ephesum,
2122 831 2160 858 in

1271 881 1331 913 qua
1338 871 1645 915 sidit&Timotheus
1668 879 1762 910 Beati
1783 877 1874 911 Pauli
1896 873 2086 919 Discipulus‚
2119 876 2158 909 ὁ·

1269 923 1372 956 multae
1389 925 1460 959 aliae
1474 927 1694 968 principalium
1716 932 1891 960 civitatum
1914 950 1925 966 ,
1950 931 2090 968 quoniam
2106 927 2158 962 Se.-

1269 973 1323 1004 des
1342 970 1439 1014 fimi,
1463 983 1537 1017 quin
1552 977 1654 1018 potius
1667 1001 1678 1017 ,
1703 979 1771 1011 licet
1783 975 1976 1020 disparentur
1989 976 2157 1019 longinqui»-

1270 1031 1332 1054 tate
1352 1031 1502 1058 terrarum
1523 1049 1535 1065 ‚
1558 1037 1621 1060 una
1642 1028 1734 1060 sedes
1751 1025 1826 1070 sunt
1846 1032 1950 1070 magni
1971 1027 2059 1059 Petri
2081 1028 2158 1068 Apo-

1263 1070 1399 1111 stolorum
1420 1074 1578 1116 Principis.
1604 1074 1709 1122 Qod
1723 1077 1837 1119 ipsum
1851 1076 1986 1111 tradunt
2010 1076 2047 1109 in
2066 1075 2161 1110 Lite‘⁹
2170 1098 2247 1138 Epist
2259 1101 2295 1130 23

1270 1122 1313 1154 ris
1324 1121 1365 1156 ad
1375 1121 1580 1157 Michaelem
1600 1123 1808 1159 Gerulatium
1827 1123 2052 1160 patriarcham
2064 1125 2157 1160 Con·
2249 1122 2253 1127 ’

1270 1170 1605 1216 stantinopolitanum
1623 1197 1635 1213 ,
1670 1173 1706 1207 δε
1741 1173 1893 1208 Leonem
1914 1174 2076 1217 Bulgariae
2094 1174 2158 1218 Ars

1269 1219 1515 1265 chiepiseopum
1527 1222 1661 1255 sanetus
1683 1223 1755 1255 Leo
1778 1234 1888 1257 nonus
1899 1221 2092 1264 Pontifiex,
2117 1224 2166 1263 in.

1268 1271 1386 1305 Literis
1397 1271 1439 1306 ad
1451 1271 1665 1315 Anti-papam
1676 1270 1864 1306 Cadaloum
1881 1273 2017 1307 Sanetus
2039 1272 2159 1316 Petrue

1269 1321 1449 1363 Damimi,
1475 1322 1511 1356 in
1531 1321 1664 1356 Animae
1684 1321 1826 1356 Gemma
1844 1322 2022 1356 HonorIus
2033 1321 2155 1369 Auguf

1267 1371 1470 1406 stodunenfis
1490 1396 1502 1412 ,
1529 1371 1563 1405 in
1588 1370 1804 1415 Theologica
1826 1371 2025 1407 Eruditione
2044 1373 2158 1419 Hugq

1267 1422 1460 1456 Vidiorinus
1472 1446 1483 1462 ,
1510 1422 1544 1456 &
1554 1421 1611 1454 alii
1622 1421 1728 1464 plures
1736 1420 1849 1456 Latini
1859 1433 1897 1456 ac
1909 1421 2015 1455 Graeci
2029 1445 2040 1462 ,
2050 1423 2155 1459 etiam

1267 1470 1421 1506 hodierni
1432 1469 1650 1506 Schismatici.
1952 1504 1954 1508 ,

1315 1521 1461 1571 Qaestio
1471 1521 1539 1562 est,
1566 1533 1630 1566 qua
1650 1523 1779 1557 ratione
1798 1524 1930 1557 Sanetus
1949 1520 2153 1558 Petrus-Ale·

1266 1572 1460 1606 xandrinam
1475 1571 1675 1616 Cathedram
1698 1584 1754 1616 per
1765 1572 1979 1616 Discipulum
1989 1573 2153 1607 ·Maroum

1266 1623 1376 1656 fecerit
1399 1621 1632 1665 Apostolicam
1652 1623 1686 1657 δε
1706 1621 1987 1658 Patriarchalem?
2015 1623 2158 1668 Etenim.

1266 1671 1354 1706 idem
1366 1671 1480 1706 Petrus
1491 1671 1670 1716 Aquilejen
1676 1673 1741 1707 sem
1753 1685 1810 1716 per
1820 1673 1964 1709 eundem
1972 1673 2132 1718 Marcum
2138 1697 2159 1719 ρ

1264 1723 1298 1756 &
1310 1722 1609 1758 Vesontionensem
1636 1723 1814 1757 Ecclesiam
1824 1723 1950 1761 ,docuit
1960 1734 2015 1766 per
2024 1723 2156 1768 Linum

1265 1773 1494 1817 Discipulum:
1523 1773 1567 1808 Et
1577 1784 1687 1808 tamen
1701 1774 1808 1807 neutri
1824 1773 1917 1806 dedit
1929 1771 2157 1817 istamDigni7

1263 1833 1372 1856 tatem.
1396 1824 1440 1855 Et
1451 1822 1492 1855 ad
1503 1822 1709 1856 Decentium
1720 1820 1937 1867 Eugubinum
1948 1821 2153 1864 Episcopum

1264 1871 1375 1905 scribit
1400 1871 1616 1907 Innocentius
1638 1873 1762 1915 primus
1792 1870 1954 1904 Pontifex
1975 1882 1982 1901 :
2020 1870 2155 1917 Mam-'fef

1255 1921 1335 1962 stum
1353 1921 1392 1962 ⁶st
1412 1929 1446 1955 in
1467 1933 1580 1954 omnem
1599 1923 1722 1954 Italiam
1743 1944 1754 1961 ,
1782 1921 1899 1954 Gallias
1922 1944 1933 1960 ,
1959 1918 2151 1963 Hispanias,

1262 1971 1395 2012 Africam
1418 1994 1429 2010 ,
1465 1980 1556 2012 atque
1575 1971 1707 2004 siciliam
1731 1994 1741 2010 ‚
1775 1968 1948 2014 Insulasque
1969 1972 2150 2012 interjacen-

1265 2030 1332 2060 tes,
1359 2021 1472 2053 nullum
1493 2019 1641 2064 instituiffii
1672 2019 1814 2062 Ecclefias
1837 2045 1848 2062 ‚
1885 2018 1944 2062 nisi
1954 2031 2004 2054 eos
2023 2044 2039 2061 ‚
2076 2032 2153 2064 quos
2181 2054 2186 2056 ,

1261 2070 1446 2104 Venerabilis
1480 2069 1626 2112 Apostolus
1658 2073 1769 2104 Petrus
1799 2080 1854 2103 aut
1883 2072 1949 2111 eJ'us
1974 2071 2150 2115 Successore-s

1259 2119 1457 2160 constituerint
1484 2122 1664 2154 Sacerdotes.
1699 2119 1769 2154 Cur
1799 2121 1901 2165 igitur
1918 2119 2054 2154 istarum
2077 2118 2152 2155 ‘Ec-

1261 2170 1427 2204 clefiarum
1446 2169 1563 2213 aliquae
1583 2182 1654 2205 non
1664 2168 2002 2205 fintPatriarchales?
2027 2169 2069 2203 In
2081 2181 2152 2214 pre-

1262 2221 1327 2254 fata
1341 2220 1490 2263 Epistola
1500 2220 1673 2264 respondet
1686 2220 1837 2255 laudatus
1847 2219 2070 2254 Hincmarus:
2097 2223 2151 2255 Li-

1259 2279 1304 2304 cet
1314 2272 1431 2304 Beatus
1442 2273 1552 2304 Petrus
1563 2280 1656 2304 antea
1665 2277 1698 2304 in
1723 2269 1877 2304 Antiochia
1893 2269 2028 2314 sederit,
2053 2271 2149 2312 quim

1260 2324 1385 2353 Romam
1404 2327 1541 2363 venerit,
1567 2323 1646 2355 unde
1674 2324 1810 2354 Marcum
1821 2319 1896 2362 mifit
1908 2320 2147 2359 Alexandriam,

1260 2383 1317 2404 non
1336 2380 1438 2404 tamen
1458 2372 1525 2404 ideo
1546 2370 1701 2404 Antiochia
1716 2369 1853 2415 secunda
1872 2394 1883 2410 ‚
1905 2368 1966 2413 sed
1984 2376 2076 2411 tertia
2096 2371 2153 2403 Se·-

1260 2422 1314 2454 des
1335 2445 1347 2461 ,
1372 2422 1407 2456 &
1427 2422 1634 2455 Alexandrina
1658 2420 1786 2463 Ecclesia
1804 2418 1938 2465 secunda
1957 2421 2048 2454 sedes
2064 2420 2151 2455 >diei-

1259 2479 1309 2503 tur
1330 2495 1341 2511 ‚
1361 2479 1485 2513 propter
1502 2473 1698 2515 privilegium
1716 2472 1903 2515 Evangelii,
1928 2471 2010 2513 quod
2017 2468 2150 2506 Samius

1261 2524 1381 2554 Marcus
1406 2521 1602 2565 Evangelista
1627 2534 1666 2554 ex
1692 2533 1739 2555 ore
1760 2524 1846 2555 Petri
1856 2527 1969 2562 accepit
1980 2529 2070 2562 atque
2084 2529 2150 2552 σου·

1255 2569 1371 2613 scripsit
1389 2595 1400 2611 ‚
1436 2573 1518 2613 quod
1537 2579 1569 2604 in
1590 2572 1775 2604 Alexandria
1792 2572 1987 2614 praedicavit.
2032 2566 2146 2612 Loqui

1260 2620 1387 2654 videtur
1410 2631 1451 2654 ex
1477 2633 1602 2665 magno
1623 2622 1738 2655 Leone
1760 2621 1796 2654 in
1819 2621 1939 2655 Literis
1959 2618 2000 2653 ad
2022 2618 2149 2653 Gallia-

1260 2682 1332 2704 rum
1363 2671 1546 2714 Episcopos
1570 2683 1578 2702 :
1616 2672 1827 2703 Alexandrina
1858 2668 1986 2711 Ecclefia
2013 2671 2148 2712 Beatum

1260 2723 1416 2760 Marcum,
1444 2721 1605 2761 Beatzffimi
1625 2722 1710 2753 Petri
1733 2719 1854 2762 Apostoli
1874 2716 2086 2762 Discipulum‘3
2110 2723 2144 2751 in

1258 2769 1392 2803 omnibus
1414 2770 1520 2812 ubique
1546 2769 1695 2803 Dollrinis
1728 2768 1778 2812 sui
1811 2769 1945 2802 Doc‘lorts
1980 2766 2147 2812 Magfflerio

1259 2818 1464 2863 consonantem
1477 2844 1486 2859 ‚
1512 2819 1618 2853 habuit
1627 2819 1835 2862 fundatorem.
1865 2819 1977 2854 Plures
1998 2816 2148 2853 Ecclefiae

1259 2869 1369 2903 Patres
1382 2868 1611 2913 Apostolicam
1632 2881 1670 2903 ac
1692 2868 1949 2905 Patriarchalem
1969 2868 2060 2902 istius
2085 2866 2148 2900 Ca-

1261 2919 1381 2953 thedrae
1394 2918 1593 2964 dignitatem
1604 2919 1745 2954 fundant
1758 2920 1793 2953 in
1817 2919 1951 2954 laudato
1962 2915 2147 2960 Discipula-

1260 2981 1296 3004 tu
1308 2970 1422 3003 Marci
1433 2970 1626 3006 fundatoris.

1310 3019 1437 3054 Verum
1446 3020 1532 3054 solus
1543 3019 1767 3063 Discipulatus
1777 3019 1872 3054 nullo
1895 3016 1997 3052 modo
2019 3015 2145 3050 sufficit.

1261 3070 1352 3103 Nam
1363 3070 1396 3104 &
1409 3071 1474 3113 ipse
1485 3069 1618 3104 Marcus
1629 3068 1791 3114 Aquilejae
1802 3094 1813 3110 ‚
1828 3070 1861 3103 &
1872 3067 2081 3102 Vesontione
2094 3060 2148 3098 Li—

1264 3131 1324 3154 nus
1331 3120 1513 3163 praedicavit
1524 3119 1675 3154 auditum
1684 3131 1727 3154 ex
1742 3119 1830 3153 Petri
1842 3128 1899 3151 ore
1912 3114 2145 3160 Evangelium.

1262 3171 1339 3203 Hoc
1354 3170 1456 3213 ipsum
1470 3170 1527 3203 alii
1537 3171 1684 3204 fecerunt
1706 3171 1742 3207 in
1762 3168 1835 3203 aliis
1859 3167 1996 3209 Europa:
2007 3163 2146 3201 achfri-

1261 3232 1305 3253 cae
1316 3219 1527 3254 Dloecefibus.
1542 3219 1688 3255 Proinde
1698 3218 1813 3253 reffius
1825 3229 1862 3251 ac
1873 3215 2002 3260 plenius
2014 3217 2145 3258 respon-

1261 3269 1315 3303 det
1326 3256 1522 3304 in'sermone
1541 3270 1583 3304 de
1605 3270 1722 3303 Sancto
1744 3267 1863 3303 Marco
1874 3267 2008 3301 sanetus
2031 3264 2148 3299 Petrus
2164 3284 2219 3316 Ser,
2237 3288 2282 3314 16.

1263 3320 1432 3353 Damiani.
1461 3318 1626 3359 Auditum
1636 3330 1677 3353 ex
1695 3316 1902 3352 SanffiPecri
1913 3327 1970 3349 ore
1997 3315 2149 3359 Evange-

1263 3370 1346 3403 lium
1358 3370 1498 3404 affirmat
1518 3371 1537 3403 a
1550 3367 1726 3411 Discipulo
1747 3367 1865 3400 Marco
1886 3365 1978 3400 fuisse
2000 3365 2150 3409 praedica·

1261 3428 1333 3452 tum
1345 3418 1552 3454 Alexandriae
1563 3430 1599 3452 ac
1619 3429 1674 3461 per
1685 3427 1819 3452 ornnem
1831 3415 2035 3460 AEgypmm,
2050 3425 2149 3458 atque

1264 3468 1411 3514 adjungit
1435 3482 1442 3501 ε
1480 3469 1594 3504 Fadius
1619 3466 1786 3511 Episcopus
1815 3467 2055 3501 Alexandrinam
2070 3463 2147 3507 -fun-

2059 3515 2148 3547 davit

2279 2959 2294 2979 Χ
