2346 3776
358 105 407 154 βο.

354 171 475 214 Angelis
494 170 658 204 dumtaxat
674 192 685 208 ,
705 165 765 211 fhd
784 169 804 200 ἂ
825 166 994 202 Virtutibus
1014 166 1114 199 Deum*
1129 165 1234 198 lauda-

350 226 382 267 μ’
395 219 486 260 jubet
497 243 508 260 ,
534 221 570 254 e·
581 219 714 253 omnibus
736 219 781 250 ad
799 216 917 255 hymnos
939 221 1082 249 invitatis
1095 226 1235 259 magnam

351 270 400 314 ad
418 271 455 303 td
480 270 701 303 multitudinem
722 276 860 313 convocat
881 292 892 308 ‚
926 278 998 309 quos
1022 267 1056 299 (ς
1086 264 1233 305 Ministros

353 321 412 353 Dei
434 321 566 362 appellat
587 343 598 359 ‚
635 321 669 360 ὼ·
698 320 763 357 ejus
797 318 983 355 voluntatem
995 315 1101 358 faeere
1122 316 1236 348 demon-

345 368 435 411 strat.
472 370 606 404 Sanctus
626 366 824 402 Athanasius
842 366 891 401 ibi
901 366 1017 401 recitat
1027 365 1134 409 plures
1146 364 1236 398 istius

343 416 496 465 'ieelerati
507 418 628 452 Asterii
640 416 815 457 horrendas
835 416 1050 461 blasphemias
1062 439 1072 456 ‚
1099 426 1237 459 quarum

350 470 505 513 pmnium
515 467 769 502 fundamentum
781 476 849 502 erat
871 467 957 502 istud
976 467 1049 500 Arii
1071 465 1232 507 solemne:

351 519 407 563 Est
419 530 457 552 ex
468 530 525 553 non
536 518 670 555 Entibus
683 531 692 551 :
717 521 802 551 Erat
814 541 825 557 ,
850 519 971 561 quando
978 529 1035 550 non
1046 525 1120 550 erat.

400 568 550 602 Asterius
562 567 641 613 ergo
651 579 749 612 atque
760 566 861 602 Arius
872 567 948 602 Deo
961 567 1052 601 Patri
1064 565 1235 608 adscripse-

348 628 426 664 vrunt
439 618 562 663 duplex
573 618 723 658 Verbum
735 643 745 658 ‚
770 617 935 662 duplicem
946 616 1148 660 Sapientiam
1159 639 1169 655 ,
1178 614 1235 648 du—

349 668 470 713 plicem
489 669 614 705 Filium
626 683 636 703 .-
663 669 834 712 Propriam
846 669 880 702 &
891 669 1035 703 alienam
1046 689 1057 705 ‚
1083 665 1235 699 intrinse-

349 721 422 762 jeam
434 719 467 752 δε
478 719 692 754 extrinsecam
702 744 713 760 ‚
740 728 890 752 aeternam
901 718 934 751 δε
946 718 1063 750 factam
1077 739 1087 754 ,
1112 711 1235 748 increa-

350 777 421 813 tam
441 769 475 807 i&
495 779 636 804 creatam
657 769 865 813 Sapientiam.
903 764 1080 814 Qudquid
1100 765 1233 808 Sapiens

348 817 456 856 homo
467 821 584 854 artifex
596 820 696 860 facit,
723 819 801 852 facit
820 828 878 860 per
897 816 1110 850 intrinsecam
1130 825 1232 849 artem

349 870 406 905 seu
426 870 618 913 sapientiam
638 882 645 901 :
673 869 826 911 &ipsum
842 865 912 910 ejus
932 867 1134 901 arte-factum
1148 876 1233 908 ,opus

348 920 451 961 etiam
462 919 641 963 appellatur
650 917 718 960 ejus
728 917 793 952 Ars
803 926 903 961 atque
914 916 1088 960 Sapientia.
1106 915 1234 949 Praeser-

347 970 412 1004 tim
421 970 442 1002 si
455 970 493 1001 fit
506 970 706 1009 arte-fastum
717 991 727 1007 ,
755 968 792 1001 in
803 979 871 1011 quo
885 967 943 1001 ille
952 967 1097 1002 exercuit
1117 977 1234 1000 omnes

347 1019 431 1053 vires
442 1018 476 1052 &
487 1030 603 1053 nervos
615 1020 678 1053 suae
689 1017 781 1052 Artis
793 1029 831 1051 ac
840 1018 1020 1060 Sapientiae.
1048 1016 1096 1050 At
1116 1016 1175 1050 ista
1187 1015 1234 1049 in-

345 1069 487 1103 trinseca
501 1066 565 1108 Ars
576 1093 587 1109 ,
613 1068 690 1103 licet
702 1069 738 1102 fit
748 1068 817 1111 ejus
826 1067 969 1102 mentale
982 1066 1130 1101 Verbum
1142 1090 1153 1107 ‚
1164 1077 1232 1100 non

344 1119 393 1153 est
404 1118 516 1164 genita
528 1130 583 1163 per
596 1119 702 1162 ipsum
714 1117 855 1152 Persona
865 1143 877 1159 ,
902 1117 962 1154 sed
973 1117 1063 1161 quod
1074 1117 1142 1159 ejus
1153 1116 1234 1150 acci-

345 1169 492 1208 densaut
506 1168 726 1204 Attributum.
756 1167 887 1202 Eodem
906 1167 1011 1202 modo
1032 1166 1180 1204 Asterius
1199 1166 1233 1199 ὅ(

345 1219 449 1254 Arius
471 1220 692 1264 argumentati
716 1219 792 1253 sunt
811 1217 853 1251 de
863 1219 941 1252 Deo
952 1216 1069 1257 Patre,
1096 1215 1234 1250 Artifice

343 1269 380 1304 ἃ
392 1269 549 1306 Creatore
561 1269 665 1303 totius
677 1267 811 1303 Mundi.
841 1268 987 1301 Omnem
998 1265 1054 1300 ille
1065 1265 1233 1301 Mundum

344 1320 426 1354 fecit
449 1331 504 1364 per
528 1318 647 1353 Artem
669 1319 703 1353 δε
723 1318 924 1362 sapientiam.
951 1316 1007 1361 Isti
1019 1316 1163 1351 scelerati
1181 1327 1235 1350 vo-

345 1369 421 1403 lunt
432 1369 522 1414 quod
536 1381 591 1412 per
601 1368 776 1412 duplicem.
805 1367 884 1410 Ejus
895 1367 1104 1403 intrinsecam
1116 1367 1151 1401 ὃ(
1163 1377 1235 1409 pro-

346 1420 451 1463 priam
461 1420 663 1462 Sapientiam
675 1419 709 1452 &
720 1428 823 1453 artem
833 1417 951 1455 volunt
961 1418 1024 1452 effe
1040 1417 1114 1460 >ejus
1137 1418 1235 1451 essen'-

346 1469 462 1504 rialem
490 1493 501 1509 ‚
533 1470 567 1504 δέ
589 1468 778 1503 naturaliter
799 1467 833 1514 a&
855 1467 1067 1510 personaliter
1087 1465 1236 1501 indistin-

347 1522 433 1560 ssam
445 1544 456 1559 ,
481 1519 630 1563 adeoque
642 1519 864 1552 &increatam
876 1516 1133 1551 intellestionem
1143 1542 1154 1558 ‚
1170 1528 1233 1560 qua

345 1569 500 1606 condidit
512 1569 704 1613 quampiam
726 1566 1014 1602 eminentissimam
1036 1566 1235 1600 intellessua-

348 1620 414 1654 lem
428 1620 618 1654 Creaturam
631 1643 641 1658 ,
667 1618 768 1652 tantis
781 1616 969 1651 instructam
978 1616 1168 1651 Virtutibus
1178 1641 1187 1657 ,
1198 1626 1235 1658 ut

347 1671 414 1711 Dei
428 1670 554 1709 Filius,
581 1668 730 1703 Verbum
743 1692 754 1708 ‚
782 1667 900 1707 Virtus
911 1691 922 1706 ‚
949 1666 1088 1710 Imago,
1116 1665 1236 1708 Poten-

348 1722 395 1754 tia
409 1746 418 1761 ,
445 1733 482 1754 ac
494 1720 661 1763 Sapientia
673 1718 827 1762 meruerit
839 1716 1015 1760 appellari,
1026 1727 1063 1750 ac
1075 1716 1142 1759 ipsa
1152 1728 1234 1750 crea·

348 1772 415 1806 trix
425 1771 526 1805 notius
537 1769 655 1813 reliqui
667 1767 790 1817 Mundi
801 1792 812 1811 ,
824 1766 978 1815 oninium
990 1765 1181 1806 Visibilium
1192 1777 1236 1811 at-

348 1833 414 1866 que
428 1820 656 1866 Invifibilium3
805 1816 811 1824 ⁴

400 1873 511 1906 Etiam
530 1870 706 1908 Catholica
727 1873 871 1908 Ecclesia
899 1871 1072 1919 distinguit
1088 1869 1236 1914 eiii-,ntia-

345 1923 415 1957 lem
428 1934 467 1957 ac
478 1923 662 1968 ingenitam
674 1949 685 1965 ‚
702 1935 739 1958 ac
747 1925 896 1969 genitam
907 1924 942 1958 ὃ(
952 1922 1158 1959 notionalem
1169 1920 1236 1956 Dei

347 1972 455 2009 Patris
466 1973 682 2017 Sapientiam,
694 1975 822 2009 &inter
833 1975 917 2018 ipsas
925 1973 1021 2017 ponit
1034 1983 1164 2007 tantum
1174 1971 1236 2005 dis-

346 2023 473 2059 crimen
486 2048 496 2064 ,
522 2034 560 2057 ut
572 2022 658 2057 hanc
670 2022 935 2067 propositionem
945 2049 956 2064 ,
982 2027 1077 2056 Deus·
1087 2024 1180 2054 Pater
1197 2019 1236 2059 est

348 2077 476 2116 Sapiens
485 2075 756 2117 Sapienaagenna
778 2097 790 2114 ,
815 2073 925 2107 credat
943 2082 1113 2107 erronea-m
1135 2072 1170 2104 δε
1181 2070 1237 2103 fal-

346 2126 427 2158 sam.
455 2124 540 2158 Eam
554 2147 565 2163 ‚
589 2123 682 2167 quod
691 2132 781 2157 certo
794 2124 831 2157 in
843 2123 937 2157 sensu
959 2121 1158 2166 quandoque
1178 2121 1237 2153 usl-

347 2174 442 2209 taffet
454 2198 464 2214 ‚
489 2172 574 2207 male
584 2174 699 2208 sonare
707 2174 832 2208 sanstus
840 2170 1048 2217 Augustinus
1059 2169 1236 2215 postmodo

346 2224 465 2260 docuit
485 2249 496 2264 ,
530 2235 568 2261 ac
590 2224 626 2256 in
649 2223 935 2268 RetraCtationum
962 2221 1073 2265 Libris
1094 2220 1235 2255 reduxit.

346 2275 431 2309 Haec
441 2274 554 2319 genita
567 2273 602 2308 ἀ
612 2273 796 2308 notionalis
815 2273 981 2316 Sapientia
1004 2270 1102 2316 nobis
1114 2269 1239 2305 Ortho-
1256 2308 1257 2311 ,

348 2324 446 2362 doxis
456 2324 502 2358 est
513 2324 582 2358 sola
593 2323 687 2358 Deus
697 2323 848 2358 Verbum
859 2347 870 2364 ,
897 2323 964 2357 Dei
985 2322 1093 2356 Patris
1109 2321 1213 2354 Filius
1226 2344 1235 2360 ,
1255 2322 1258 2327 '

347 2375 465 2420 Imago
479 2399 490 2415 ,
516 2372 701 2415 Charaster,
738 2373 855 2419 Imago
878 2373 991 2418 genita
1003 2396 1014 2413 ‚
1041 2382 1111 2405 non
1132 2372 1236 2411 fatta3

348 2424 529 2465 naturalis,
555 2435 625 2458 non
644 2423 800 2468 adoptiva
822 2436 832 2466 ;
858 2424 971 2468 genita
987 2433 1031 2457 ex
1042 2421 1147 2456 Patris
1160 2420 1238 2455 Sub-

348 2475 486 2515 stantia,
510 2475 545 2510 δε
557 2474 733 2517 peromnia
745 2473 1042 2507 consubstantialis.
1079 2471 1237 2513 Effentia÷

348 2525 391 2559 iis
402 2524 590 2568 Sapientia,
617 2534 723 2566 neque
735 2522 885 2556 Verbum
904 2522 950 2556 est
973 2522 1102 2561 Patris,
1130 2531 1236 2564 neque

348 2574 457 2610 Filius
480 2601 491 2617 ,
514 2584 622 2617 neque
643 2574 768 2618 Imago.
802 2573 885 2608 Haec
908 2572 1024 2606 omnia
1044 2570 1234 2604 Asterius&

350 2619 452 2671 Arius
461 2625 683 2658 inverterunt:
709 2622 923 2657 Essentialem
936 2621 1138 2664 Sapientiam
1150 2619 1237 2655 dixe-

349 2684 427 2709 r-unt
439 2674 653 2709 intrinsecum
673 2672 780 2706 Patris
800 2672 977 2714 Verbum·,
1004 2670 1165 2704 Genitam
1184 2681 1238 2704 au-

348 2735 418 2760 tem
430 2725 629 2769 Sapientiam
639 2723 703 2758 effe
716 2734 787 2757 non
798 2722 948 2767 genitam
960 2721 975 2761 ,'
1000 2720 1054 2755 sed
1065 2721 1182 2755 saetam
1202 2719 1236 2754 &

348 2786 492 2810 creatam
502 2784 600 2818 atque
610 2773 827 2808 extrinsecam
839 2785 846 2804 :
875 2771 949 2805 Effe
961 2782 1030 2804 non
1042 2779 1173 2810 natura,
1183 2768 1236 2802 sed

350 2826 423 2860 {blo
434 2825 573 2861 nomine
587 2848 597 2864 ‚
623 2823 771 2869 gratia&
781 2821 962 2865 adoptione
978 2820 1103 2854 Filium
1115 2843 1126 2859 ‚
1152 2819 1233 2853 lma-

351 2876 465 2919 ginem
476 2873 681 2910 acVerbum.
709 2872 768 2907 Est
791 2871 941 2906 Verbum
962 2869 1087 2905 V'erbir.
1111 2868 1168 2903 Ab
1192 2870 1237 2902 in-

351 2935 462 2958 creato
473 2924 586 2960 Verbo
608 2923 758 2958 Verbum
781 2931 936 2956 creatum.
974 2921 1087 2967 Qem
1098 2930 1237 2953 errorem

352 2973 438 3008 Ario
449 2974 609 3014 attribuit,
622 2986 660 3008 ac
672 2971 841 3018 infigniter
852 2973 972 3006 refutat
987 2971 1113 3004 sanctus
1124 2968 1236 3013 Augu-

353 3023 457 3069 stinus
469 3023 504 3057 in
515 3025 622 3066 primo
633 3024 793 3058 Trastatu
805 3024 898 3066 super
908 3020 1131 3065 Evangelium
1143 3020 1172 3053 S.
1187 3019 1238 3062 Jo-

354 3074 460 3107 annis.
487 3074 628 3117 Errones
641 3075 692 3107 isti
706 3073 824 3108 eodem
837 3071 939 3106 modo
950 3072 1083 3105 fuerunt
1093 3068 1182 3105 abusi
1192 3068 1236 3102 di-

355 3121 553 3162 stinffione,
582 3133 645 3165 qua
657 3123 798 3157 Ecclesia
810 3120 987 3157 Catholica
1007 3119 1183 3164 distinguit
1202 3119 1236 3152 in

354 3172 434 3205 Deo
446 3171 613 3214 duplicem
621 3171 809 3206 Potentiam
821 3185 858 3207 ac
868 3172 1037 3206 Virtutem
1048 3183 1058 3210 2:
1083 3168 1238 3203 Effentria-

357 3221 424 3255 lem
446 3233 482 3255 ac
504 3222 691 3265 ingenitam
713 3246 723 3261 ,
749 3223 781 3254 ὃ(
802 3223 949 3266 genitam
971 3233 1008 3255 ac
1023 3219 1237 3254 notionalem.

357 3271 451 3304 Nam
457 3271 550 3304 Deus
561 3271 666 3304 Filius
675 3294 687 3310 ,
710 3271 761 3304 uti
773 3271 876 3305 Patris
883 3272 928 3306 est
940 3270 1091 3305 Verbum
1102 3293 1114 3310 ‚
1138 3269 1183 3303 ita
1204 3268 1239 3302 &

359 3320 486 3356 V‘irtus.
522 3319 577 3366 lsti
600 3320 741 3356 scelerati
761 3319 913 3354 dixerunt
931 3323 994 3355 esse
1015 3317 1182 3354 Virtutem
1194 3319 1239 3352 fa—

358 3372 445 3416 {tam
458 3395 468 3411 ‚
476 3379 618 3403 creatam
628 3394 638 3410 ,
648 3370 863 3402 extrinsecam
874 3393 884 3408 ‚
895 3370 1139 3404 ministerialem
1149 3394 1158 3410 ,
1168 3378 1238 3412 quae

357 3419 538 3467 aliquando
550 3414 620 3452 non
643 3420 749 3467 fuerit.
778 3419 879 3459 Erat,
903 3420 994 3452 enim
1014 3419 1147 3462 quando
1168 3421 1258 3452 non''

357 3480 437 3519 erat.
464 3470 508 3516 Et
519 3468 652 3516 quidem
664 3467 808 3503 Asterius
820 3469 863 3502 est
877 3468 1042 3520 prolapsus
1055 3470 1088 3504 in
1113 3477 1238 3507 tantam

819 80 1736 137 D1ssm=rirrioslenoemims

1303 162 1473 201 audaciam
1485 188 1497 206 ,
1521 175 1558 200 ut
1576 165 1805 211 blasphemat-it
1825 168 1938 202 Deum
1950 167 2098 203 Verbum
2111 182 2182 205 non

1301 212 1364 248 alia
1373 214 1501 250 ratione
1510 215 1577 250 dici
1588 217 1654 251 Dei
1667 217 1857 252 Potentia-m
1869 242 1879 258 ,
1893 218 1990 262 quam
2001 230 2114 253 erucas
2124 230 2183 255 aut

1300 262 1435 298 locustas
1446 289 1458 305 ,
1468 266 1595 299 emistis
1606 266 1625 300 a
1636 267 1756 310 Moyse
1765 268 1800 301 in
1813 269 1890 303 Deo
1901 268 2036 303 rebelles
2052 269 2185 315 AEgyp-

1301 314 1373 348 tios.
1399 313 1498 354 Adeo
1515 315 1624 350 viliter
1646 309 1688 350 δὲ
1701 317 1778 352 Deo
1790 318 1904 353 Verbo
1918 331 1986 353 non
1997 319 2127 354 erubuit
2138 319 2184 354 lov

1300 363 1364 407 qui.
1376 363 1476 399 Hanc
1486 375 1664 399 creaturam
1673 365 1756 402 dicit
1765 369 1831 402 Dei
1845 368 1995 404 Verbum
2007 395 2017 410 ,
2029 370 2095 404 Dei
2108 369 2185 404 Vite

1301 418 1422 456 tutem,
1431 427 1470 449 ac
1481 416 1549 449 Dei
1562 416 1762 459 Sapientiam
1773 419 1929 462 appellari
1940 419 1985 454 ob
1996 420 2076 454 duas
2088 420 2186 454 ratio-

1302 475 1368 501 nes.
1393 464 1539 499 Primam
1548 465 1614 509 ipse
1623 467 1762 510 exponit
1772 465 1840 509 his,
1849 480 1921 512 quae
1933 470 2021 513 apud
2035 468 2184 504 Athana-

1301 513 1429 550 fium'in
1438 514 1573 550 laudato
1582 516 1624 550 de
1634 515 1778 560 synodis
1787 517 1890 553 Libro
1900 519 2043 561 exstant,
2054 519 2160 555 verbis
2172 532 2180 552 2

1302 562 1479 605 chrfflusest
1489 569 1612 600 Primus
1622 578 1721 600 rerum
1732 569 1933 614 conditarum,
1943 571 1978 604 ζ’)
1989 581 2067 603 unus
2079 582 2119 605 ex
2132 582 2186 603 na-

1302 620 1379 647 turis
1391 615 1646 650 intelleeualtbus.
1660 620 1706 649 Et
1717 626 1752 650 ut
1761 618 1782 649 5
1782 619 1811 650 ol
1819 623 1897 651 inter
1905 630 1953 660 ea,
1964 631 2032 662 quae
2042 622 2132 654 oculis
2141 626 2187 654 vi-

1277 709 1281 712 *
1298 662 1408 706 suntur
1418 688 1429 705 ,
1451 676 1528 702 unus
1537 665 1576 707 est
1588 678 1626 701 ex
1635 666 1813 700 Luminibus
1825 691 1836 708 ‚
1855 678 1921 700 cum
1932 677 2034 703 tamen
2043 669 2187 714 universo

1337 715 1414 748 undo
1425 712 1588 757 secundum
1604 719 1739 751 ordinem
1759 719 1794 752 (Ὗ
1813 718 1993 751 mandatum
2011 719 2184 753 eonditum

1301 765 1397 798 luceat
1407 776 1417 806 ;
1431 770 1476 798 ita
1489 778 1601 809 quoque
1609 768 1643 801 (a
1654 769 1754 801 Filius
1768 791 1778 808 ,
1799 779 1877 801 unus
1887 780 1926 802 ex
1937 768 2187 803 intellectualibus

1302 820 1420 847 naturis
1433 837 1444 855 ,
1454 816 1589 850 omnibus
1600 823 1652 859 qui
1664 824 1696 850 in
1709 819 1824 851 Mundo
1833 818 2027 852 intelleHuali
2032 816 2109 861 sunt
2119 842 2129 859 ‚
2138 821 2187 852 lue

1299 872 1344 896 cet
1352 875 1388 897 ac
1394 863 1541 908 splendet.
1560 866 1656 906 Dicit
1668 866 1839 902 Christum
1850 863 2041 903 Dominum
2050 868 2189 913 appellas-

1300 913 1326 947 ti
1334 913 1400 949 Dei
1411 914 1625 959 Sapientiam,
1638 920 1716 961 quia
1727 917 1773 952 est
1784 919 1936 963 primaria
1945 919 1979 952 ὃς
1991 919 2188 962 Sapientiffi-

1299 974 1351 997 ma
1362 988 1374 1004 ,
1404 965 1458 1000 seu
1470 966 1603 1000 Divinae
1614 967 1788 1011 Sapientiae
1799 969 2103 1013 participantiffima
2112 994 2124 1010 ,
2148 980 2189 1003 ac

1300 1013 1479 1056 plenisfima
1489 1013 1655 1051 creatura.
1668 1017 1818 1053 Alteram
1828 1020 1994 1054 rationem
2005 1031 2045 1054 ex
2056 1018 2125 1063 ejus
2135 1018 2190 1053 ad.-

1296 1062 1400 1098 <iustis
1411 1064 1517 1098 verbis
1526 1064 1628 1100 edicit
1638 1067 1674 1100 in
1686 1069 1783 1102 tertia
1804 1079 1921 1104 contra
1944 1068 2091 1106 Arianos
2104 1070 2190 1105 Ora-

1297 1114 1388 1147 tione
1400 1111 1636 1148 S-Athanafius
1647 1129 1658 1148 .·
1672 1119 1755 1149 Deus
1767 1118 1896 1154 Verbum
1906 1144 1917 1160 ,
1928 1129 1963 1153 ut
1973 1118 2030 1161 anst
2037 1120 2188 1153 arbitran-

1294 1173 1344 1197 tur
1355 1188 1366 1203 ,
1386 1175 1445 1196 non
1459 1175 1498 1198 ex
1511 1175 1543 1198 eo
1553 1165 1636 1207 quod
1642 1166 1659 1198 ἑ
1669 1165 1808 1208 Patrefit
1815 1174 1940 1211 genitus
1952 1191 1963 1208 ,
1988 1179 2084 1210 neque
2105 1179 2144 1201 ex
2157 1179 2191 1202 eo

1295 1215 1374 1256 quod
1378 1219 1538 1255 proprium
1546 1216 1695 1256 quiddam
1714 1227 1752 1249 ex
1763 1218 1831 1258 qius
1841 1216 2056 1259 Substantiafit
2065 1241 2076 1258 ,
2087 1218 2189 1256 Filius

1296 1271 1486 1305 nuncupatur
1499 1287 1510 1303 ,
1530 1261 1591 1306 sed
1597 1263 1630 1296 ob
1642 1267 1804 1298 rationalia
1817 1291 1828 1307 ,
1850 1271 1942 1300 Ratio
1953 1292 1964 1308 ,
1983 1269 2018 1302 (tt
2026 1267 2061 1301 ob
2072 1278 2109 1302 ea
2119 1279 2191 1312 qna

1297 1314 1481 1349 erudiuntur
1493 1336 1504 1353 ‚
1531 1315 1686 1355 Sapientia
1702 1338 1712 1354 ‚
1738 1316 1816 1349 &ob
1827 1327 1863 1354 ea
1879 1329 1947 1360 quae
1958 1316 2190 1359 simistrum,

1291 1363 1442 1405 fortitude
1472 1361 1614 1406 censetur.
1662 1365 1843 1400 Sceleratus
1873 1366 2022 1407 Asterius
2046 1367 2190 1402 affirmat-

1301 1415 1412 1450 Deum
1423 1412 1573 1451 Verbum
1585 1437 1596 1454 ‚
1629 1413 1708 1453 licet
1730 1426 1840 1451 revera
1863 1427 1932 1451 non
1944 1417 1983 1451 fit
1994 1418 2010 1457 ,‘
2032 1417 2190 1460 appellari

1299 1464 1478 1500 Rationem
1490 1487 1501 1503 ,
1513 1464 1716 1507 Sapientiam
1729 1489 1739 1505 ‚
1751 1460 1998 1502 For-titudinem
2009 1467 2064 1500 seu
2074 1466 2190 1501 virtu.

1299 1522 1366 1548 tem
1379 1538 1390 1553 ‚
1417 1513 1506 1557 quod
1519 1514 1604 1548 inter
1616 1515 1730 1549 omnia
1741 1517 1915 1551 rationalia
1927 1541 1939 1558 ,
1949 1516 2108 1560 sapientia
2117 1540 2130 1557 ‚
2150 1527 2191 1555 ae

1300 1563 1402 1601 sortia
1411 1564 1448 1600 sit
1460 1563 1590 1603 Primus
1600 1564 1634 1599 ὃς
1645 1564 1784 1607 P-ritnas,
1796 1562 1835 1602 ac'
1844 1567 1924 1602 item
1936 1567 2020 1602 alios
2030 1567 2191 1608 forteffl'ae

1299 1614 1425 1656 pientes
1436 1638 1447 1654 ,
1457 1614 1492 1647 &
1503 1614 1680 1650 rationales
1692 1626 1779 1651 creet
1790 1618 1843 1659 ,ὃς
1853 1617 1958 1653 faciat.
1987 1616 2136 1653 Primam
2142 1611 2192 1652 ta-

1298 1666 1425 1698 tionem
1438 1663 1538 1699 habes
1548 1665 1649 1701 etiam
1659 1667 1695 1701 in
1707 1668 1800 1712 supra
1813 1667 1953 1704 laudatis
1963 1668 2065 1703 saneti
2084 1666 2190 1703 Atha*

1299 1714 1378 1750 nafii
1391 1713 1497 1751 verbis
1511 1727 1518 1748 ε
1530 1717 1656 1752 Addunt
1667 1720 1827 1757 Dominum
1837 1718 1992 1760 Christum
2001 1717 2136 1762 vespe&
2141 1727 2191 1751 mn

1298 1767 1457 1801 amalum
1463 1790 1475 1807 ,
1495 1779 1566 1809 quae
1576 1768 1681 1801 verbis
1691 1777 1819 1802 utuntur-
1827 1793 1839 1809 ,
1875 1768 2005 1802 Verbum
2014 1769 2067 1811 effe
2076 1777 2190 1800 nuum-

1295 1824 1416 1857 patum,
1428 1827 1463 1850 ac
1471 1814 1604 1858 respedu
1614 1818 1658 1850 ¹&
1675 1823 1890 1860 comparatione
1911 1815 2109 1859 sapientum,
2134 1817 2189 1860 eff·⁴

1299 1865 1411 1902 datum
1421 1867 1618 1908 Sapientiam.
1646 1866 1912 1908 Eminentiffime
1932 1867 2117 1911 sapientem
2127 1866 2189 1900 Vi·.

1300 1926 1372 1951 rum
1383 1927 1444 1950 nos
1455 1916 1569 1959 paffim
1578 1915 1720 1950 dicimus
1731 1918 1792 1951 effe
1803 1916 1886 1953 adeo
1902 1916 2094 1960 sapientem,
2103 1926 2140 1951 ut
2151 1917 2191 1952 fit

1301 1966 1393 2000 vivus
1403 1966 1567 2008 sapientia:
1575 1965 1765 2002 Thesaurus
1777 1979 1786 2009 ;
1812 1968 1918 2001 immo
1931 1967 1997 2010 ipsa
2009 1966 2168 2010 sapientia
2178 1977 2191 2010 ς

1300 2017 1380 2050 Hoc
1392 2014 1464 2048 solo
1476 2014 1579 2049 modo
1590 2016 1692 2050 etiam
1715 2018 1808 2051 Deus
1829 2016 1980 2051 Verbum
1998 2017 2045 2051 est
2056 2016 2194 2053 Arianis

1301 2066 1468 2108 sapientia.
1495 2069 1583 2098 Arius
1596 2071 1675 2099 enim
1684 2068 1767 2100 dixit
1790 2067 1891 2100 Deum
1910 2067 2039 2102 Verbum
2051 2078 2091 2101 ex
2101 2064 2190 2110 effebi

1300 2117 1371 2149 tt'alt'
1381 2119 1439 2149 Dei
1449 2117 1605 2157 sapientia
1613 2117 1734 2159 traxiffe
1756 2125 1874 2158 ortum,
1899 2128 1935 2149 ac
1955 2126 2027 2150 tunc
2046 2117 2166 2150 demam
2176 2140 2190 2157 ,

1299 2177 1365 2199 cum
1375 2168 1441 2206 ejus
1446 2164 1610 2208 sapientia:
1620 2166 1768 2208 estfac‘lus
1774 2172 1930 2208 particeps
1942 2190 1951 2204 ,
1967 2172 2083 2199 nomme
2092 2167 2193 2200 renas

1300 2216 1447 2258 appellati
1456 2217 1644 2257 Sapientiam
1654 2218 1688 2251 <5
1700 2216 1837 2255 Verbum.
1857 2245 1859 2247 .
1874 2216 1965 2267 Qia
1976 2217 2022 2256 est
2033 2216 2196 2253 omnium>

1302 2265 1531 2309 sapientissima
1543 2267 1711 2302 ereatura.

1350 2316 1487 2350 Santtus-
1499 2314 1699 2353 Athanasius
1712 2318 1747 2351 in
1758 2317 1900 2352 secunda
1912 2317 2028 2352 contra
2041 2315 2190 2351 Arianos

1287 2372 1290 2382 ²
1302 2366 1538 2409 Disputatione
1547 2366 1683 2403 discutit
1694 2366 1761 2403 haec
1773 2367 1894 2402 Asterii
1917 2368 2016 2402 verba
2030 2379 2037 2399 :
2064 2367 2135 2410 Effe
2144 2368 2190 2400 al-.

1301 2425 1397 2449 teram
1402 2422 1558 2458 propriam
1569 2420 1627 2451 Det
1639 2422 1789 2452 Virtutem
1800 2417 1916 2460 infitam
1927 2422 1990 2452 Deo
2007 2442 2018 2457 ‚
2043 2418 2079 2451 &-
2089 2416 2190 2451 εοεαε-14

1294 2466 1422 2506 stentem
1424 2465 1489 2508 fine
1501 2474 1699 2510 generatione.
1736 2469 1830 2502 Dicit
1852 2467 2075 2511 blasphemam
2097 2465 2194 2500 faba-v

1303 2516 1368 2552 lam
1389 2516 1446 2551 fibi
1466 2517 1522 2560 ipsi
1540 2529 1611 2551 non
1623 2516 1791 2556 cohaerere,
1828 2518 1963 2552 Etenim
1982 2516 2053 2560 ejus
2073 2515 2191 2550 funda·-

1302 2567 1444 2601 mentale
1454 2566 1659 2611 Principium
1670 2567 1716 2602 est
1730 2592 1740 2608 ,
1766 2567 1859 2611 quod
1870 2570 1904 2601 in
1927 2568 2006 2602 Deo
2024 2577 2096 2601 non
2115 2565 2191 2611 post

1302 2617 1364 2652 lint
1377 2617 1441 2651 effe
1449 2616 1517 2651 duo
1527 2618 1680 2662 Ingenita
1692 2631 1698 2650 :
1713 2619 1757 2652 Et
1768 2617 1843 2652 ecee
1852 2618 1920 2651 istis
1930 2618 1965 2651 in
1979 2616 2085 2651 verb-is
2095 2614 2190 2650 Asta

1303 2667 1368 2703 rius
1379 2666 1447 2700 duo
1457 2667 1611 2711 ingenita
1622 2669 1739 2702 diserte
1750 2669 1928 2711 profitetur.
1940 2667 2074 2701 Sanstus
2085 2663 2190 2701 Atha-2

1303 2717 1406 2750 nasius
1417 2716 1450 2750 id
1463 2717 1579 2759 probat
1590 2716 1656 2752 hoc
1668 2717 1771 2752 modo
1794 2731 1801 2750 ε
1828 2720 1892 2750 Sed
1908 2719 1945 2751 ne
1966 2716 2043 2760 ipsas
2061 2716 2188 2760 ‘quidem

1304 2766 1448 2800 Arianos
1467 2767 1597 2800 arbitror
1618 2779 1656 2801 ea
1677 2792 1688 2808 ‚
1715 2768 1832 2811 utique
1850 2768 1887 2801 in
1908 2768 1985 2802 Deo
2004 2777 2072 2801 non
2094 2765 2187 2808 posti>

1302 2816 1371 2850 dari
1395 2817 1462 2850 duo
1486 2816 1637 2861 Ingenita
1650 2842 1662 2858 ,
1687 2819 1823 2860 deinceps
1834 2819 1911 2852 velie
1920 2820 2002 2861 lvqul
2012 2841 2023 2860 ‚
2040 2814 2190 2858 fidstk'rlss

1304 2866 1441 2909 sophista·
1462 2866 1672 2909 obtemperent.
1709 2869 1763 2902 Ille
1786 2874 1866 2901 em'm
1893 2873 2036 2910 quamam
2057 2866 2186 2899 advoca:

1303 2923 1412 2949 tionem
1426 2916 1549 2957 praestet
1568 2922 1690 2951 Artanae
1710 2918 1803 2951 Sec‘Iae
1821 2943 1830 2958 ,
1858 2914 2111 2960 dicatque-unum
2132 2914 2188 2957 effa

1302 2972 1493 3010 ingenitum,
1520 2976 1622 3000 tamen
1644 2967 1704 3008 tstt's
1725 2975 1876 3001 contraria
1894 2969 2007 3011 allegat
2023 2990 2035 3006 ‚
2070 2966 2105 2999 ὁ·
2123 2967 2184 2997 Del

1302 3019 1488 3058 Sapientiam
1498 3022 1664 3051 increatam
1686 3042 1696 3058 ,
1721 3029 1756 3051 ae
1770 3019 1848 3051 nullo
1866 3021 2016 3058 Prtncqm
2036 3016 2110 3048 dicit
2130 3014 2186 3056 effe-

1301 3066 1475 3099 inchoatam.
1504 3065 1653 3102 Adducit
1662 3067 1720 3102 ista
1732 3067 1801 3111 ejus
1822 3067 1941 3106 vei-ba²
1961 3063 1997 3099 ἃς
2019 3064 2186 3108 ριόῐεςυίε

1301 3127 1372 3150 tur:
1402 3121 1458 3149 Hic
1475 3115 1617 3159 tametsi,
1632 3119 1737 3160 prave·
1754 3118 1919 3161 intellgens
1931 3114 2054 3157 Apostoli
2065 3113 2160 3147 verba
2171 3137 2183 3154 ‚

1300 3168 1377 3199 duas
1390 3166 1606 3209 anbitratasfit
1616 3169 1668 3211 effe
1687 3170 1857 3209 sapiemus
1868 3190 1884 3213 ,ἱ
1903 3174 2039 3198 attamen
2056 3165 2180 3206 sapien-

1300 3223 1375 3250 tiam
1393 3222 1591 3258 in-expertem
1614 3221 1781 3258 Panem,
1806 3211 1931 3257 uncique
1944 3214 2114 3255 existentem
2130 3214 2189 3257 effe»

1301 3268 1391 3299 dixit.
1419 3268 1544 3309 Ideoque
1553 3269 1685 3308 nonjam
1695 3277 1787 3299 unum
1809 3269 1978 3309 Ingenitum
1991 3263 2046 3307 feu
2067 3268 2188 3297 increta

1299 3326 1385 3357 tum,
1424 3317 1466 3352 ed·
1482 3318 1517 3350 6*
1532 3318 1660 3351 alterum
1680 3315 1779 3348 adbuc-
1796 3322 1822 3348 ei
1846 3316 2045 3348 accumulavit
2065 3340 2076 3356 ‚
2103 3313 2188 3356 quod

1301 3368 1362 3399 und
1381 3377 1449 3399 cum
1466 3378 1499 3400 eo
1517 3366 1659 3408 existeret.
1697 3366 1792 3408 ,Quod
1819 3371 1896 3397 em'm
1919 3364 2062 3405 cco-existit
2081 3389 2093 3404 ,
2128 3374 2188 3400 non

1295 3414 1394 3457 secum
1408 3415 1549 3457 co-cxistit
1572 3440 1583 3456 ‚
1614 3413 1673 3458 sed
1701 3416 1766 3447 cum
1800 3416 1900 3447 altero.
1939 3413 2052 3448 Etiam
2072 3414 2108 3448 in
2128 3423 2190 3446 ter-

1302 3465 1347 3500 tia
1366 3467 1480 3504 cont-ra
1493 3465 1637 3504 Arianos
1650 3465 1812 3501 Oratione
1821 3476 1964 3504 errorem
1977 3489 1988 3507 ,
2007 3475 2075 3511 quo
2086 3462 2189 3502 Arius

2134 3511 2191 3545 Iri-
