2346 3776
115 809 266 848 1..·2.Epist.

111 858 162 893 1³⁷·
191 859 239 889 32·

112 1193 198 1239 Epist.
209 1198 253 1230 28.-

111 2387 194 2427 ιθόι

294 213 368 245 cere
381 214 503 238 novam
522 202 664 237 formam
678 201 880 245 judiciorum
894 223 904 240 ,
932 209 1029 242 atque
1050 196 1180 230 ordina-

295 256 447 289 tionum.

346 303 454 339 Addit
481 304 604 338 Canon
631 301 783 347 generale
811 298 1041 343 Epiphonema
1068 309 1075 328 :
1113 299 1181 330 5qu

292 356 478 399 privilegia·
482 353 644 397 serventur
670 350 805 392 Ecclefiis
825 375 831 382 .
868 350 949 383 Non
972 347 1100 382 tantum
1123 345 1182 380 Pa-

295 404 523 440 triarchalibus
549 427 559 442 ‚
585 400 829 434 Primatialibus
853 423 863 440 ,
892 409 930 433 ac
955 397 1182 441 Metropolita-

296 456 349 489 nis
372 480 383 496 ‚
409 455 462 489 sed
482 451 768 496 &Suffraganeis;
797 450 861 483 illis
883 450 1075 492 potestatem
1094 473 1103 488 ‚
1131 445 1182 480 his

295 506 419 539 avitam
433 503 613 536 libertatem
629 523 642 542 ,
668 512 737 544 quae
755 500 797 534 ab
822 500 887 533 illis
907 499 991 533 ultra
1004 499 1181 532 Canonum

296 555 471 599 praescripta
496 563 564 586 non
593 548 689 594 poffit
711 551 813 594 premi
838 574 849 590 ‚
876 548 977 594 longe
998 548 1106 581 minus
1127 558 1183 590 op*

295 604 414 648 primi:
440 603 523 636 Haec
544 601 637 635 enim
659 601 704 635 est
725 600 934 644 privilegium
958 598 1179 632 subditorum.

294 654 391 687 Huic
417 651 669 701 epiphonemati
698 651 849 685 nituntur
875 650 959 683 dic'ta
975 649 1082 682 Sansti
1104 646 1183 679 Gre-

294 704 380 748 gorii
392 705 529 747 magni.-
558 701 635 734 Mihi
659 700 716 743 ipsi
734 703 878 742 injurtam
890 699 995 740 facio,
1023 698 1095 729 dum
1108 695 1180 737 fra-

292 764 374 788 trum
396 764 526 786 mearum
553 754 632 793 jura
649 751 792 793 perturbo
818 775 825 782 .
865 750 909 782 Et
939 761 946 779 ι
985 750 1063 779 sicut
1085 746 1182 786 nostra

293 803 486 855 dfindt’mus
512 824 523 845 ,
556 801 596 850 fic
621 801 756 838 omnibus
782 797 916 847 Ecclefiis
938 795 997 846 [ua
1022 799 1099 838 ‚iura
1118 794 1179 845 fir-

282 897 284 900 .
293 865 405 890 vamur
414 879 423 888 .

345 905 468 939 Canon
496 904 612 938 servari
641 898 774 935 mandat
801 899 974 943 praesertim
1010 896 1178 942 privilegia

295 955 445 989 Ecclefiae
458 953 634 987 Romanae.
663 951 845 984 Rationem
865 950 921 983 dat
933 948 1098 982 Nicolaus
1119 948 1180 995 pri-

292 1011 367 1040 mus
377 1004 412 1037 in
426 1003 541 1037 litteris
564 1002 606 1036 ad
620 1002 840 1035 Hincmarum
855 1000 1052 1033 Remensem
1063 997 1181 1032 Archi-

290 1053 513 1097 Episcopum,
545 1054 608 1086 suae
633 1052 821 1085 confirmari
846 1050 1086 1093 postulantem,
1112 1048 1179 1081 Ro-

291 1115 396 1138 manae
411 1114 522 1138 autem
537 1102 684 1136 Eccleflae
705 1101 875 1145 privilegia
900 1101 1152 1145 impugnantem
1169 1109 1175 1128 :

294 1155 448 1198 ,Quomodo
465 1154 631 1196 privilegia
655 1161 710 1184 tua
726 1151 807 1190 stare
823 1159 967 1192 poterunt
981 1174 990 1189 ‚
1011 1148 1105 1191 stilla
1117 1146 1175 1190 cas—

287 1203 394 1248 sentur
415 1228 426 1243 ,
449 1211 506 1245 per
530 1199 596 1245 quei·
619 1211 673 1235 tua
697 1207 816 1234 initium
831 1199 975 1243 sumpfiffe
995 1198 1175 1242 noscuntur;

291 1263 347 1288 aut
367 1256 451 1294 cujus
475 1259 615 1286 momenti
646 1261 734 1284 erunt
766 1259 819 1283 tua
840 1274 850 1289 ,
877 1248 908 1290 fi
918 1258 975 1291 pro
1004 1248 1094 1281 nihile
1130 1259 1179 1280 no-

282 1304 350 1350 stra
364 1305 542 1345 pendantur
565 1305 576 1336 ?
623 1301 797 1334 Destrusto
820 1300 911 1333 enim
936 1299 1174 1337 fundamento,

291 1355 358 1388 ruit
377 1363 446 1388 tota
472 1352 599 1387 aediflcii
623 1352 727 1385 moles
776 1351 888 1397 Qare
908 1348 1011 1397 hocce
1034 1346 1179 1391 Epipho-

290 1414 386 1445 nema
398 1403 516 1437 affidue
528 1403 642 1436 obviat
663 1401 787 1446 legenti
801 1401 921 1434 litteras
933 1424 943 1438 ‚
969 1400 1002 1432 &
1013 1400 1082 1432 aeta
1093 1397 1178 1431 anti-

293 1463 436 1498 quorum
447 1453 582 1485 Parrum
597 1476 607 1491 ,
634 1451 838 1485 Pontificum
862 1449 1034 1493 praesertim
1058 1449 1175 1481 Roma-

290 1501 411 1538 norum
439 1528 446 1535 .
483 1503 553 1536 Hic
577 1526 588 1542 ,
627 1501 761 1544 inquam
779 1525 789 1540 ‚
817 1511 874 1543 pro
895 1499 1006 1533 omnis
1029 1494 1178 1532 Ecclefiae

290 1553 472 1598 Privilegio
494 1552 539 1587 est
562 1552 684 1586 Canon
709 1550 880 1592 palmaris,
921 1559 1019 1590 quem
1042 1547 1176 1592 nequea

290 1600 679 1646 constantinopolitana,
690 1600 852 1636 Damasus
863 1622 873 1639 ,
889 1609 996 1642 neque
1017 1598 1058 1632 ab
1072 1597 1177 1641 Ephe-

289 1655 368 1695 flna,
379 1652 566 1687 Celestinus
579 1676 589 1693 ‚
602 1661 707 1694 neque
719 1650 737 1683 a
752 1648 1013 1685 Chalcedonensi
1026 1647 1178 1691 Synodo,

290 1705 363 1745 Leo
394 1703 575 1742 PontifeX,
604 1713 710 1745 neque
730 1700 773 1735 ab
796 1699 872 1734 ullls
891 1709 1036 1743 unquam
1059 1696 1180 1731 haereti-

289 1763 405 1790 corum
415 1780 425 1795 ‚
437 1764 492 1787 aut
504 1752 784 1786 schismaticorum
796 1750 976 1790 violentiis,
986 1759 1100 1784 eorum
1113 1749 1179 1785 suc-

289 1807 426 1845 cessores
438 1804 653 1848 permiserunt
667 1802 740 1836 laedi
752 1826 763 1842 ‚
776 1801 826 1835 vel
838 1801 956 1844 attingi
969 1825 975 1832 .

338 1853 510 1890 Secundus
536 1853 656 1888 Canon
684 1850 1086 1895 constantinopolitanus
1114 1847 1178 1882 hoc

290 1906 431 1940 Canone
445 1902 609 1949 prohiberi
632 1903 714 1937 dicit
736 1900 836 1936 etiam
848 1900 1033 1945 peregrinas
1049 1899 1178 1933 ordina-

290 1958 412 1996 tiones,
425 1953 655 1999 atquejudicia
669 1974 679 1993 -,
692 1963 726 1986 ut
741 1963 859 1995 nempe
874 1950 1132 1989 Alexandrinus,
1144 1949 1178 1982 ὃς

289 2004 525 2042 Antiochenus
538 2002 730 2038 Patriarchae
741 2028 751 2043 ‚
763 2014 823 2036 tres
835 1999 1043 2044 autocephali
1057 2000 1180 2033 Prima·

288 2066 356 2097 tes,
381 2056 560 2097 omnesque
572 2054 767 2099 generaliter
788 2054 842 2085 seu
854 2050 1109 2097 Metropolitani
1121 2050 1176 2083 seu

288 2106 514 2142 Provinciales
531 2104 704 2148 Episcopi,
727 2101 812 2136 nihil
822 2110 985 2135 attentent
1006 2109 1096 2132 extra
1107 2100 1178 2132 suas

287 2156 466 2196 Dioeceses.
486 2154 590 2202 ngd
600 2155 703 2198 ipsum
713 2151 798 2195 apud
810 2150 924 2184 Photii
938 2148 1175 2183 bibliothecam

290 2208 327 2241 in
339 2207 406 2241 vita
414 2206 522 2241 Sanffl
534 2204 670 2247 Ioannis
680 2200 908 2246 Chrysostomi
919 2200 1001 2234 dicit
1013 2199 1178 2244 Georgius

298 2255 490 2295 Patriarcha
515 2253 777 2288 Alexandrinus.
804 2251 871 2284 Soli
895 2261 1035 2293 namque
1058 2249 1178 2283 Roma·

295 2320 342 2343 no
355 2307 520 2350 Episcopo
533 2305 636 2339 totius
648 2304 749 2336 vinea:
769 2301 916 2335 custodia
930 2301 946 2333 ὲ
957 2299 1108 2333 Domino
1131 2298 1177 2332 est

292 2352 584 2392 commiffaHunc
595 2354 695 2399 igitur
708 2354 882 2386 Canonem
895 2348 1031 2393 respexit
1045 2349 1179 2383 Sanetus

293 2408 435 2452 Ioannes
458 2403 718 2452 Chrysostomus
742 2427 752 2442 ,
780 2398 1099 2443 dumaTheophilo
1119 2399 1179 2433 Pa·

294 2454 433 2490 triarcha
448 2454 678 2488 Alexandrino
691 2452 731 2486 ad
741 2451 909 2495 Synodale
925 2450 1084 2493 judicium
1099 2449 1180 2483 cita-

294 2517 348 2540 tus
363 2506 540 2543 dixit‚eum
550 2513 652 2536 contra
666 2508 757 2545 Leges
768 2503 803 2535 Θ·
812 2506 950 2534 Canones
962 2498 1179 2534 conscendere

295 2557 331 2590 in
358 2555 473 2599 judicis
501 2554 612 2587 locum
638 2552 695 2585 fibi
724 2563 792 2584 non
819 2560 1061 2593 competentem
1090 2574 1101 2588 ‚
1144 2549 1178 2583 &

293 2604 446 2639 Thraces
457 2602 498 2638 ab
513 2602 688 2647 AEgyptiis
700 2613 768 2635 non
785 2600 871 2643 poffe
883 2599 1018 2642 judicari
1033 2624 1039 2630 .
1069 2599 1113 2632 Et
1124 2610 1178 2632 an·

294 2662 327 2692 te
342 2654 408 2689 haec
425 2654 491 2696 ipse
512 2653 655 2700 Joannes
670 2675 680 2690 ,
707 2650 747 2684 ab
773 2649 920 2683 Arcadio
932 2648 1085 2693 Augusto
1107 2659 1179 2682 cau-

295 2708 364 2740 sam
377 2699 720 2748 ejusdemTheophili
734 2700 776 2734 de
788 2699 943 2743 gravibus
963 2698 1105 2733 accusati
1126 2709 1180 2731 au-

295 2757 365 2790 dire
377 2756 499 2798 jussus,
525 2751 686 2786 recusavit
711 2773 722 2791 ,
745 2749 841 2794 sciens
858 2773 869 2789 ,
894 2760 931 2782 ut
953 2748 995 2782 ad
1017 2748 1178 2781 Innocen-

296 2807 382 2839 tium
395 2803 593 2839 Pontificem
605 2801 714 2836 scribit
729 2825 740 2841 ,
764 2804 857 2843 Leges
870 2802 998 2832 Parrum
1010 2819 1017 2829 ι
1045 2797 1179 2838 Utique

296 2856 404 2900 Leges
426 2880 436 2895 ‚
475 2853 516 2888 de
538 2852 656 2894 quibus
678 2851 718 2885 ad
742 2850 836 2883 illum
859 2874 868 2888 ‚
908 2848 955 2881 uti
983 2848 1051 2890 jam
1075 2847 1180 2880 dietus

298 2905 462 2949 Georgius
489 2903 600 2937 scribit
627 2926 637 2942 ,
663 2912 740 2935 cum
765 2900 830 2933 bile
851 2898 937 2932 dixit
948 2895 1179 2940 Theophilus:

300 2955 439 2988 Arbitror
452 2965 508 2986 non
533 2958 668 2996 ignorare
691 2961 719 2984 te
730 2955 854 2995 Nicaem‘
875 2949 998 2981 Conciln·
1019 2951 1157 2980 Can-nes
1170 2972 1180 2987 ‚

299 3002 546 3047 iisqueprohibert
562 3028 571 3042 ,
598 3014 634 3036 ne
654 3000 820 3044 Episcopus
843 3000 881 3032 de
904 3001 1081 3041 Peregrina,
1108 2998 1178 3030 alte-

290 3052 416 3095 ¹riusque
430 3052 731 3097 DioecefisJadiciam
752 3058 904 3085 exerceat.
927 3049 979 3081 Ex
990 3047 1106 3081 eodem
1117 3047 1180 3080 Ca-

300 3113 390 3136 none
404 3101 563 3145 Ephesma
580 3102 734 3144 Synodus
756 3098 1033 3134 exau&orationis
1056 3098 1178 3130 senten·

299 3151 380 3188 tiam
403 3176 412 3191 ,
441 3163 539 3193 quam
562 3152 596 3185 in
619 3153 771 3185 sanetum
797 3149 963 3192 Cyrillum
987 3146 1182 3181 Alexandri-

305 3210 387 3234 num
403 3223 412 3238 ‚
434 3201 694 3234 &Memnonem
707 3200 882 3243 Ephesium
903 3198 1020 3232 tulerat
1042 3197 1181 3239 Ioannes

302 3249 485 3292 Episcopus
524 3249 755 3284 Antiochenus
794 3274 805 3289 ,
841 3250 904 3284 effe
928 3248 1085 3291 judicavit
1111 3253 1196 3303 n0n{

302 3297 502 3344 sacerdotale
523 3298 681 3340 judicium
703 3324 713 3338 ,
747 3299 800 3333 sed
821 3298 1060 3334 contumeliam
1083 3307 1197 3346 atque3

303 3348 492 3384 convicium
505 3371 515 3386 ,
542 3348 631 3389 quod
654 3347 885 3382 Antiochenus
901 3349 936 3381 in
952 3347 1137 3392 AEgyptios
1148 3346 1197 3379 &²

304 3398 464 3436 ,Asiaticos
487 3396 611 3430 nullam
630 3395 746 3430 habeat
771 3398 962 3439 potestatem
977 3423 985 3431 .
1024 3398 1067 3431 Et
1088 3398 1181 3440 Joan·

302 3456 382 3486 ,nem
403 3446 645 3488 Hierosolymae
667 3446 865 3489 Episcopum
888 3470 898 3486 ,
939 3448 1069 3481 causam
1091 3447 1182 3480 suam

660 128 693 154 -·
751 120 1053 169 CANoNEs
1088 98 1395 166 Coucnoii
1429 113 1686 168 NicAEui

1251 194 1468 252 alexandrini
1488 222 1500 239 ,
1533 199 1667 234 Sanctus
1684 201 1916 245 Hieronymus
1940 203 2128 247 arguit¹aut

1249 256 1500 289 ignoratorum,
1527 260 1583 283 aut
1601 251 1781 292 spretorum
1808 257 2003 286 Nicaenorum
2030 257 2127 287 Cano-
2189 278 2195 284 .

1249 307 1299 348 nu·
1345 321 1357 337 ,
1380 297 1471 340 juxta
1494 310 1578 341 quos
1598 299 1766 340 Palaestinae
1794 304 1968 345 Metropolis
2000 302 2039 343 est
2061 307 2131 337 Cae-
2144 277 2280 354 ξριιξὶω

1249 307 1367 387 (²³3⁴
1346 354 1351 398 ’Ἰ
1367 349 1427 381 ⁸&
1450 355 1540 382 totius
1565 353 1698 382 Orientis
1719 352 1874 386 Antiochia
1889 379 1897 385 .
1923 353 1995 401 Qii
2019 352 2130 388 lucide
2162 340 2169 350 ’

1248 388 1436 451 effliCanon
1461 399 1568 433 noster
1587 400 1694 433 sextus
1717 424 1729 442 ,
1753 402 1910 438 omnibus
1933 402 2130 448 generaliter

1249 445 1417 490 Episcopis
1435 449 1597 483 mandans
1631 473 1642 489 ‚
1669 459 1706 483 ut
1726 461 1832 495 neque
1850 453 1959 497 quoad
1985 453 2130 496 judicia,

1247 506 1352 537 neque
1362 498 1470 545 quoad
1490 499 1718 534 ordinationes
1741 511 1831 537 extra
1853 502 2009 539 territorii
2034 504 2083 538 sui
2093 504 2130 538 fi-

1247 557 1304 580 nes
1326 545 1452 590 aliquid
1465 550 1654 592 praesumant
1671 576 1678 582 .

1297 596 1404 631 Addit
1416 598 1549 633 tandem
1563 599 1681 634 Canon
1697 600 1824 636 nullum
1851 605 1940 646 posse
1959 604 2030 639 fieri
2053 605 2127 648 Epi-

1251 647 1386 689 scopum
1408 647 1477 682 fine
1497 649 1616 692 praevio
1628 651 1800 693 examine,
1826 652 1980 695 licentia,
2007 655 2130 689 &con-

1249 696 1438 732 firmatione
1448 698 1722 743 Metropolitani,
1750 713 1805 744 per
1826 701 2126 746 Metropolitanum

1247 758 1316 803 non
1328 747 1396 790 Jam
1407 772 1418 787 ,
1443 749 1614 790 quomodo
1629 761 1763 793 quartus
1774 752 1895 786 Canon
1908 778 1918 794 ,
1936 753 2125 797 intelligens

1243 807 1341 830 unius
1363 798 1566 839 Provinciae,
1593 800 1648 835 sed
1670 801 1772 836 totius
1793 802 1982 837 Dioeceseos
2004 803 2125 837 Praese--

1243 848 1351 887 stum,
1379 847 1624 890 patriarcham,
1650 851 1703 884 seu
1723 851 1906 886 Primatem
1928 851 2127 896 autocepha-

1244 896 1312 929 lum
1324 922 1331 928 .
1358 897 1524 942 Frequens
1535 900 1579 933 est
1592 901 1684 934 vocis
1697 900 1785 935 illius
1797 903 1945 946 acceptio
1957 901 2126 945 hujusmo-

1247 946 1281 980 di
1292 970 1300 978 .
1327 947 1376 980 lta
1390 948 1563 983 Facundus
1573 950 1819 986 Hermianenfis
1831 953 2012 997 Episcopus
2021 954 2126 987 Dom-

1245 1006 1333 1030 num·
1350 996 1604 1033 Antiochenam
1631 1000 1696 1034 lbae
1721 1001 1872 1036 Edeffeni
1899 1003 2124 1047 Metropolitae

1242 1057 1337 1083 vocat
1347 1050 1626 1090 Metropolitanum,
1653 1050 1744 1084 idest
1756 1075 1767 1091 ‚
1789 1051 2028 1087 Patriarcham.
2056 1053 2124 1087 Eo·

1241 1096 1316 1130 dem
1329 1097 1433 1132 modo
1457 1099 1599 1142 Joannes
1619 1098 1878 1143 Antiochenus,
1902 1102 1938 1136 in
1962 1103 2125 1146 synodali

1242 1147 1402 1181 relatione
1426 1159 1467 1181 ex
1490 1147 1656 1191 Ephefino
1681 1160 1847 1185 conventu
1858 1162 1916 1195 per-
1931 1151 2119 1187 Palladium

1242 1197 1493 1242 Magistrianum
1505 1200 1587 1233 fasta
1597 1199 1637 1233 ad
1652 1198 1880 1234 Theodosium
1907 1199 2124 1246 Augustum,

1246 1256 1343 1280 vocat
1354 1247 1572 1283 Memnonem
1593 1247 1792 1291 Ephefinum
1808 1275 1815 1282 .
1843 1251 1886 1284 Er
1907 1252 2016 1285 sextus
2034 1251 2127 1286 «ἰαὶ--

1242 1308 1314 1330 mus
1341 1297 1460 1332 Canon
1482 1297 1716 1332 Antiochenus
1746 1302 1920 1343 perfcstam
1947 1326 1958 1341 ,
1995 1301 2028 1335 id
2049 1302 2124 1343 οὓς

1242 1348 1344 1381 totius
1355 1348 1543 1382 Dioeceseos
1555 1349 1728 1391 synodum
1750 1351 1812 1384 effe
1821 1350 1902 1385 dicit
1924 1351 2036 1392 illam,
2063 1351 2125 1386 cui

1242 1397 1371 1431 interest
1385 1398 1664 1442 Metropolitanus
1686 1399 1882 1443 Episcopus,
1908 1401 1942 1435 id
1954 1401 1999 1434 est
2012 1425 2024 1441 ,
2050 1400 2125 1435 Pri-—

1242 1459 1328 1488 mas,
1350 1448 1404 1481 seu
1420 1447 1626 1482 patriarcha.
1653 1449 1788 1483 Etenim
1800 1461 1915 1484 eorum
1937 1451 2054 1485 civitas
2071 1450 2123 1486 est*

1249 1509 1317 1531 non
1350 1498 1413 1530 suae
1449 1497 1580 1531 tantum
1611 1497 1795 1532 Provinciae
1829 1524 1840 1540 ,
1875 1499 1930 1534 sed
1956 1501 1990 1534 ἀ
2014 1501 2131 1537 totius

1243 1548 1431 1581 Dioeceseos
1458 1546 1660 1590 Metropolis
1675 1571 1687 1588 ,
1714 1548 1857 1591 ideoque
1889 1551 1924 1583 ἀ
1949 1550 2007 1592 ipfi
2041 1551 2124 1584 sunu

1241 1596 1385 1634 omnino
1427 1598 1630 1634 summorum
1683 1596 1880 1637 thronorum
1921 1598 2119 1648 Metropoli-

1243 1659 1329 1683 tani.
1638 1660 1642 1662 ’
2079 1671 2081 1674 -
2116 1660 2125 1684 ’.

1293 1699 1413 1733 Statuit
1425 1699 1533 1744 itaque
1544 1699 1686 1741 Canon,
1707 1698 1909 1744 Episcopum
1920 1700 1940 1734 a
1957 1699 2123 1744 Compron

1244 1748 1440 1783 vincialibus
1450 1750 1587 1784 elestum
1599 1774 1609 1790 ‚
1636 1761 1674 1783 ac
1684 1751 1702 1783 a
1715 1749 1896 1784 Provincia:
1905 1749 2124 1794 Metropolim

1243 1799 1419 1833 discussum
1428 1800 1461 1833 &
1473 1799 1706 1833 confirmatum
1715 1824 1727 1840 ,
1754 1799 1960 1836 referendum
1967 1800 2069 1834 etiam
2078 1798 2124 1835 ul

1245 1849 1433 1883 Dioeceseos
1442 1848 1695 1892 Metropolitam
1703 1874 1714 1891 ‚
1740 1860 1778 1884 ac
1790 1851 1858 1884 fine
1868 1850 1937 1893 ejus
1947 1861 2037 1885 novo
2047 1854 2127 1885 αν

1244 1899 1354 1939 mine,
1376 1900 1410 1932 &
1423 1899 1535 1942 praevia
1549 1899 1682 1934 licentia
1702 1910 1771 1935 non
1793 1899 2017 1935 ordinandum
2036 1925 2044 1933 .
2072 1899 2124 1936 lu

1245 1950 1349 1992 ipssim
1360 1949 1498 1992 exponit
1514 1949 1729 1985 Innocentius
1750 1950 1874 1994 primus
1895 1950 1930 1984 in
1941 1949 2057 1985 litteris
2077 1948 2120 1984 ad
2182 1989 2189 1996 ,

1244 1998 1472 2033 Alexandrum
1484 1998 1705 2034 patriarcham
1716 1998 1970 2034 Antiochenum
1981 2024 1988 2032 .
2016 2000 2123 2033 Revol-
2138 1987 2222 2029 ¹39¹st¹
2235 1992 2280 2022 ¹⁸·

1244 2059 1356 2083 ,ventes
1379 2048 1588 2083 auHoritatem
1610 2053 1749 2084 Nicaenae
1769 2051 1872 2089 synodi
1887 2074 1898 2090 ,
1932 2061 2002 2092 quae
2026 2061 2121 2083 unam
2139 2039 2197 2061 Εἰ·

1244 2105 1373 2132 omnium
1390 2107 1447 2141 per
1468 2099 1566 2132 orbem
1575 2109 1726 2132 terrarum
1743 2109 1872 2133 mentem
1882 2100 2013 2142 explicat
2021 2102 2123 2134 sacer·

1245 2151 1346 2183 dotum
1368 2174 1379 2189 ,
1404 2149 1590 2182 arbit-amur
1615 2174 1625 2189 ,
1643 2149 1750 2191 frater
1776 2149 1932 2189 cbartffime
1956 2173 1967 2189 ,
1993 2158 2027 2182 ut
2044 2147 2120 2191 stem

1246 2202 1488 2240 metropolitanos
1509 2199 1686 2232 amaritate
1709 2201 1835 2233 ordinas
1848 2198 1994 2242 fingulari
2005 2222 2017 2239 ,
2035 2197 2121 2240 fic&

1244 2258 1363 2282 caeteros
1375 2260 1432 2281 non
1457 2246 1521 2289 fine
1533 2249 1693 2293 permiffu,
1719 2247 1950 2292 confiientiaque
1960 2258 2015 2281 tua
2033 2247 2122 2292 finus

1245 2296 1402 2341 Episcopos
1418 2303 1593 2340 procreari,
1619 2304 1651 2330 in
1673 2299 1780 2340 quibus
1804 2297 1881 2331 hunc
1899 2300 2018 2334 modum
2042 2298 2121 2334 νεθὲ

1240 2347 1380 2391 servabis
1410 2372 1420 2387 ,
1446 2357 1479 2381 ut
1499 2348 1581 2391 longe
1598 2346 1702 2390 pqfitos
1723 2349 1834 2381 litteris
1872 2349 1956 2380 datis
1983 2349 2120 2380 ordinari

1243 2397 1362 2440 censeas
1383 2398 1423 2440 ab
1442 2397 1510 2438 bis,
1538 2403 1589 2440 qui
1601 2408 1678 2430 nunc
1697 2409 1745 2431 eos
1759 2396 1814 2441 suo
1839 2398 1958 2431 tantam
1977 2398 2119 2430 ordinant

1244 2449 1417 2489 arbitratu3
1442 2453 1556 2481 visinos
1567 2456 1688 2486 autem,
1709 2446 1740 2490 fi
1759 2447 1886 2487 aesttmas
1907 2444 1928 2487 ,v
1944 2448 1990 2480 ad
2009 2458 2119 2481 manus

1245 2497 1449 2539 impositionem
1470 2506 1531 2530 tuae
1538 2496 1771 2541 gratiaestatuas
1787 2503 1966 2539 pervenire.
1994 2497 2121 2531 Protra-

1246 2550 1333 2581 &um
1353 2548 1418 2583 fere
1439 2557 1495 2591 per
1513 2556 1647 2581 centum
1669 2557 1774 2581 annos
1795 2545 1942 2581 Schisma
1963 2546 2122 2581 Eustatia-

1246 2610 1326 2631 num
1340 2595 1587 2631 Antiochenam
1608 2597 1783 2631 Ecclesiam
1803 2596 1982 2630 involverat
2006 2596 2122 2630 multis

1244 2647 1486 2681 calamitatibus
1498 2672 1508 2687 ‚
1519 2647 1728 2691 ejusdemque
1738 2647 1806 2690 jura
1816 2646 1999 2689 permiserat
2010 2645 2028 2678 a
2047 2646 2121 2680 Me*-

1245 2697 1411 2740 tropolitis
1424 2697 1536 2730 invadi
1548 2697 1582 2730 &
1593 2697 1734 2730 lacerari.
1754 2697 1885 2729 Horum
1896 2695 2122 2730 confirmation

1244 2758 1322 2781 nem
1341 2748 1375 2781 &
1386 2747 1667 2780 consecrationem
1678 2745 1734 2780 fibi
1757 2755 2007 2780 manutenuerat
2017 2745 2122 2780 Patei-

1245 2795 1340 2830 archa
1353 2809 1367 2838 ;
1393 2806 1427 2830 at
1446 2795 1706 2830 provincialium
1731 2796 1864 2829 suorum
1873 2795 2119 2830 ordinationem

1246 2847 1378 2881 illorum
1389 2846 1550 2891 quisquea
1562 2846 1644 2880 Sede
1667 2844 1880 2880 patriarchali
1903 2845 2118 2887 remotiorin·

1247 2898 1369 2931 vaserat
1400 2921 1410 2936 ,
1437 2895 1536 2940 idque
1571 2897 1628 2929 suo
1650 2895 1807 2930 arbitratu
1828 2920 1840 2935 ,
1866 2894 1902 2929 id
1921 2894 1967 2929 est
1989 2920 2000 2935 ‚
2026 2892 2116 2928 nulla

1246 2945 1439 2980 patriarchae
1462 2946 1623 2988 postulata
1636 2945 1767 2980 licentia
1782 2946 1833 2986 ,&
1845 2945 2095 2979 confirmatione
2106 2966 2115 2973 .

1245 2998 1357 3044 Qare
1367 2995 1584 3038 extinCiojam
1597 2994 1777 3030 Schismate
1787 3021 1796 3036 ,
1825 2995 2014 3032 ulcerosum>
2026 2990 2117 3026 huno

1246 3046 1336 3080 Sedis
1346 3046 1535 3079 suaestatum
1547 3047 1643 3080 refert
1654 3045 1812 3080 Pontifici
1835 3041 2019 3079 patriarcha
2039 3039 2118 3075 Ale·

1245 3096 1388 3136 xander,
1408 3095 1599 3139 jubeturque
1609 3095 1773 3130 restituere
1797 3092 2034 3129 observantiam
2056 3091 2117 3125 Ni-

1244 3147 1323 3180 caeni
1347 3146 1515 3186 Canonis,
1541 3146 1642 3188 &per
1668 3144 1917 3189 Metropolitas,
1943 3150 2118 3185 quantum·

1244 3198 1292 3230 vis
1320 3207 1484 3235 rem0t08‚
1511 3195 1640 3232 nullutn
1661 3195 1847 3239 permittere
1865 3191 2010 3227 ordinari
2037 3190 2118 3225 Pro·

1244 3245 1418 3279 vincialem
1428 3245 1649 3288 Episcopum,
1674 3245 1733 3278 nifi
1751 3244 1793 3279 ad
1813 3244 1884 3276 suas
1906 3240 2052 3281 litteras,
2080 3240 2115 3275 id

1244 3296 1311 3335 est,
1338 3296 1488 3339 praeviam
1500 3295 1737 3336 licentiam,&
1753 3291 2061 3328 confirmationem.
2110 3302 2114 3310 ·

1295 3346 1424 3380 Eodem
1433 3345 1535 3380 modo
1545 3344 1586 3379 ad
1596 3343 1801 3380 Anastafium
1809 3365 1821 3381 ‚
1845 3339 2120 3376 Thessalonicen-

1245 3397 1311 3429 sem
1335 3396 1536 3440 Episcopum
1560 3417 1572 3434 ,
1596 3395 1688 3428 suum
1708 3398 1765 3436 per
1782 3390 1909 3435 Illyrici
1932 3390 2118 3426 orientalis

1245 3444 1437 3480 Provincias
1449 3444 1640 3483 Vintium,
1665 3441 1774 3479 scribit
1793 3441 1865 3475 Leo
1878 3442 2042 3486 Magnus.
2069 3443 2117 3474 De
2136 3434 2270 3474 Epist.84;

300 3494 486 3551 deducere*
508 3502 687 3536 conantem
728 3494 769 3531 ad
809 3494 952 3531 tribunal
988 3495 1181 3541 ‘Theophili
1240 3493 1490 3541 perflata-autem
1512 3490 1698 3538 constorandt
1719 3489 1862 3538 -Epifiopi
1880 3514 1895 3535 ,
1913 3492 1950 3527 cs
1971 3492 2010 3525 de
2027 3491 2117 3526 *clm
2134 3480 2190 3507 ‘²⁶⁸

2004 3540 2069 3586 Ple·-
