2346 3776
204 1130 328 1170 Epist-52

351 130 424 162 ιοο

348 186 406 236 sic
442 178 703 235 fluffliabunt
726 217 740 242 ,
775 185 818 229 &
852 177 1112 246 requiescere
1143 195 1231 226 non

348 269 567 323 poterunt.
614 256 722 302 Non
748 250 810 302 est
843 247 1027 316 gaudere
1059 250 1232 318 impiis,

348 324 458 376 dicit
483 329 620 378 Deus,

383 417 423 428 Ἴτε

497 462 1069 511 scHOLION.

429 582 562 617 Raesens
571 581 690 616 Canon
702 580 721 614 a
732 579 957 618 Constantino
972 577 1232 621 Harmenopulo

443 632 568 676 accepit
589 630 654 667 hoc
677 630 925 674 Compendium
948 643 959 662 .·
996 631 1061 671 ,Qui
1076 627 1234 670 postquam

346 682 495 729 lapfisunt
505 677 527 727 ‚‘
540 693 598 715 non
617 686 813 725 poenituermt
822 705 832 721 ‚
852 678 928 727 sunt
944 679 1106 721 reficiendi.
1135 678 1232 712 Li'cet

346 735 474 772 sancius
482 732 658 771 Cornelius
671 732 704 765 &
717 732 843 766 sanstus
852 730 1039 774 Cyprianus
1047 728 1239 771 Spontanee*

344 785 529 829 Lapsorum
542 783 661 816 Pacem
670 779 856 818 censuerint
867 791 935 817 non
950 777 1209 825 praecipitandam
1222 803 1232 819 ‚

344 830 489 879 ideoque
500 836 595 871 suum
605 833 647 867 de
658 832 714 866 illa
728 830 894 877 Judicium
906 827 1071 870 voluerint
1093 828 1231 873 pendere

345 886 447 929 usque
456 884 497 919 ad
510 882 745 931 persecutionis
756 880 1011 925 expunekionem
1024 903 1035 920 ,
1047 878 1088 914 ad
1100 879 1230 925 plenam

344 934 520 979 Synodum
532 946 540 975 3
566 933 692 968 cunciis
702 942 813 970 tamen
825 929 1044 967 morientibus
1055 929 1230 964 voluerunt

344 984 388 1018 de
401 985 537 1018 Viatico
559 982 731 1026 provideri.
771 983 851 1016 Hoc
869 982 1049 1019 Decretum
1071 979 1181 1018 laudat
1198 980 1231 1017 ἀ

343 1035 453 1068 firmat
465 1034 592 1072 ,sanstus
603 1033 834 1080 Cyprianusin
858 1031 971 1066 multis
993 1030 1149 1074 Epistolis
1161 1055 1172 1070 ,
1197 1031 1232 1064 &

344 1084 381 1118 in
393 1084 540 1128 Epistola
551 1083 592 1118 ad
606 1082 840 1121 Antonianum
852 1082 1053 1125 Episcopum
1061 1080 1212 1127 adjungit
1224 1092 1231 1111 ι

346 1136 496 1172 Additum
509 1133 548 1179 est
557 1139 649 1169 etiam
660 1138 692 1170 N
696 1138 836 1167 ovatiano
845 1141 916 1165 tunc
924 1129 1075 1175 firibente
1089 1156 1099 1172 ‚
1111 1133 1145 1167 (9¹
1155 1131 1235 1173 quod

339 1183 506 1232 scripserat
512 1182 571 1231 sua
589 1195 657 1217 voce
680 1189 824 1219 recitante
835 1206 846 1223 ‚
871 1183 906 1220 ὑ
923 1181 1097 1220 Presbytero
1116 1179 1208 1223 Moyse
1222 1205 1233 1221 ,

344 1243 416 1269 tunc
425 1234 523 1270 adhuc
537 1233 699 1276 Confeffore
710 1257 721 1274 ,
749 1243 826 1265 nunc
835 1233 907 1273 jam
917 1228 1232 1274 Martyresubscniben-

343 1294 374 1320 te
385 1292 410 1326 ,⁴
421 1293 455 1318 ut
466 1283 572 1326 Lapfis
584 1283 712 1326 infirmis
725 1307 735 1323 ,
760 1283 795 1317 Θ·
816 1287 849 1317 tn
871 1287 955 1317 exitu
975 1280 1138 1321 constitutis
1162 1283 1233 1315 Pax

343 1336 476 1374 daretur.
498 1336 581 1382 ,211ae
594 1337 708 1371 Literae
713 1341 771 1375 per
781 1339 875 1369 totum
886 1332 1036 1369 Mundum
1047 1328 1214 1375 miffaesum
1221 1355 1231 1372 ‚

341 1386 379 1422 ὁ*
411 1391 443 1418 in
475 1390 613 1417 notitiam
634 1381 773 1425 Eccleffls
792 1381 927 1418 omnibus
951 1382 986 1416 ό*
1006 1379 1151 1425 univerfis
1163 1380 1242 1427 [να-ξ

342 1434 441 1471 tribus
447 1435 587 1476 perlatae.
599 1432 698 1470 Adeo
710 1433 854 1470 solemne
866 1432 930 1466 fuit
942 1431 1027 1470 illud
1038 1432 1229 1467 Decretum.
1239 1436 1241 1452 ³

342 1484 401 1531 Est
415 1485 537 1519 factum
549 1492 625 1518 ante
637 1483 734 1517 sancii
745 1481 897 1522 Cornelii
916 1482 1182 1529 promotionem,
1211 1481 1242 1534 'is

342 1585 443 1623 sancii
454 1576 602 1622 Fabiani.
632 1581 688 1619 Ab
699 1583 793 1618 omni
805 1583 936 1625 penitus
947 1581 1057 1620 clero.
1084 1582 1175 1620 Nam
1197 1582 1231 1617 &

342 1636 411 1679 ipse
423 1634 633 1672 Novatianus
643 1643 724 1667 tunc
736 1631 946 1667 orthodoxus
957 1630 1130 1675 Presbyter
1142 1656 1153 1672 ‚
1172 1631 1182 1664 i
1186 1631 1229 1674 pfl

342 1697 412 1719 non
423 1682 633 1719 solummodo
642 1683 818 1727 subscripsit
829 1706 840 1723 ‚
867 1681 922 1716 sed
932 1682 966 1716 &
977 1682 1105 1725 propria
1117 1692 1231 1718 manu-

343 1735 472 1779 scripfit.
510 1736 564 1768 Ex
579 1746 652 1778 »quo
671 1733 763 1769 vides
785 1733 1013 1767 Novatianum
1035 1732 1129 1766 fuisse
1149 1740 1230 1765 tunc

343 1797 413 1820 non
427 1784 565 1819 modicae
576 1784 787 1818 auctoritatis.
799 1784 979 1818 Decretum
990 1792 1100 1818 tamen
1114 1776 1239 1817 habuit,

342 1836 530 1878 adjunctam
550 1833 728 1870 clausulam
753 1833 788 1870 ὅ(
808 1832 1038 1877 exceptionem
1061 1855 1071 1873 ‚
1103 1830 1146 1866 de
1166 1842 1231 1874 qua

341 1887 474 1932 Martyr
495 1884 684 1931 Cyprianus
706 1884 741 1916 in
764 1881 905 1918 laudatis
931 1879 972 1917 ad
995 1880 1231 1917 Antonianum

343 1935 484 1971 Literis:
513 1937 727 1967 Poenltentt'am
738 1943 795 1964 non
808 1939 931 1976 agentes
944 1955 955 1971 ‚
972 1941 1034 1968 „nec
1043 1930 1170 1963 dolorem
1182 1930 1233 1964 de-

342 1986 476 2023 lidorum
483 1983 604 2027 suorum
614 1992 673 2016 toto
682 1983 765 2018 corde
777 1983 813 2016 ἐν·
831 1979 988 2022 manifesta
1009 1981 1230 2014 lamentationis

341 2034 580 2085 suaeprqfqffione
592 2033 733 2077 testam&
744 2057 754 2073 ,
776 2031 976 2076 prohibendos
996 2033 1111 2063 omnino
1122 2026 1232 2072 censui-

343 2098 411 2122 mus
423 2083 504 2128 aspe
517 2087 794 2119 communicationis
807 2083 841 2116 (9·
854 2084 942 2116 Pacis
957 2105 968 2123 ,
986 2079 1017 2124 fi
1034 2086 1066 2115 in
1076 2080 1231 2122 infirmita-

343 2145 375 2171 te
385 2144 476 2178 atque
488 2140 520 2167 in
528 2134 657 2176 periculo
668 2139 810 2174 caeperint
832 2133 994 2173 deprecari.
1031 2132 1116 2174 ,Quia
1125 2141 1230 2173 rogare

344 2187 410 2224 illos
431 2197 488 2219 non
509 2184 816 2226 aemma-nitentia,
836 2180 895 2225 sed
905 2186 1009 2214 mortis
1027 2185 1161 2224 urgentis
1175 2181 1230 2212 ad-

343 2242 465 2272 monitio
477 2236 628 2277 compellit.
656 2238 722 2267 Nec
734 2234 842 2276 dignus
852 2231 889 2272 est
900 2237 933 2265 in
943 2240 1034 2264 morte
1053 2228 1231 2272 παρενεβ-

343 2288 451 2320 latium
464 2309 474 2326 ,
497 2291 548 2328 qui
553 2283 587 2328 se
597 2296 654 2317 non
665 2289 808 2328 cogitavit
818 2283 870 2326 ff
882 2287 1065 2315 moriturum.
1092 2280 1164 2328 Qi
1175 2292 1230 2314 an-

343 2346 378 2371 te
390 2336 618 2373 infirmitatem
631 2346 702 2368 non
715 2333 854 2378 pulsavit
864 2333 950 2367 fores
968 2331 1114 2365 Ecclefiae
1122 2355 1133 2371 ‚
1162 2341 1230 2364 non

345 2386 438 2420 flevit
448 2386 490 2421 ad
500 2385 569 2429 ejus
581 2383 739 2420 vestibula
751 2408 761 2424 ,
788 2394 849 2419 nec
869 2383 901 2419 se
921 2381 1013 2417 dedit
1035 2381 1119 2417 inter
1130 2380 1233 2423 poeni-

345 2445 461 2470 tentes.
487 2436 532 2472 Et
543 2434 731 2478 Cyprianus
742 2433 775 2468 δε
786 2432 964 2469 Cornelius
976 2456 986 2471 ,
1006 2431 1041 2468 δε
1051 2431 1161 2465 omnis
1172 2430 1231 2464 Ec-

346 2485 442 2520 clesia
453 2495 534 2519 tunc
542 2479 692 2526 probavit
706 2483 905 2525 paraemiam:
926 2478 1185 2524 Paenitennasera
1194 2479 1232 2520 est

346 2537 418 2573 raro
429 2546 511 2568 vera.
539 2531 726 2570 Istiusmodi
736 2532 821 2566 seros
843 2532 878 2567 in
901 2532 1016 2567 mortis
1034 2531 1117 2567 lesto
1129 2530 1233 2574 poeni-

347 2595 454 2622 tentes
467 2583 682 2628 permiserunt
694 2582 832 2625 antiquo
842 2581 955 2628 rigori.
969 2581 1038 2614 Eos
1050 2592 1118 2614 non
1131 2579 1231 2615 dona-

348 2644 426 2671 runt
438 2644 589 2669 extremae
601 2632 697 2668 Pacis
713 2632 746 2667 ὅς
769 2631 1049 2665 reconciliationis
1070 2630 1206 2665 Viatico
1223 2653 1232 2668 ‚

348 2685 404 2721 sed
413 2683 607 2728 judicandos
619 2682 863 2717 transmiserunt
875 2679 914 2716 ad
937 2682 1101 2715 summum
1119 2681 1154 2713 in
1166 2679 1233 2713 Dei

348 2735 456 2771 Patris
466 2733 600 2771 dextera
612 2731 828 2767 Sacerdotem.
842 2731 886 2767 Et
898 2729 991 2766 istam
1003 2730 1232 2773 exceptionem

350 2785 409 2822 hic
419 2785 563 2829 sequitur
572 2781 713 2816 omnino
721 2805 732 2822 ,
758 2782 792 2817 ὃς
810 2782 918 2816 firmat
928 2781 1027 2816 etiarn
1040 2779 1166 2813 sanetus
1175 2778 1233 2812 Pe-

351 2845 429 2870 trus.
457 2833 551 2885 Qin
562 2833 596 2868 ὅ(
606 2832 684 2867 istos
694 2833 781 2866 seros
801 2831 998 2874 poenitentes
1018 2829 1105 2873 quafi
1118 2828 1233 2862 habuit

352 2896 413 2927 pro
424 2884 597 2928 desperatis
610 2907 621 2923 ‚
647 2883 761 2926 utique
772 2880 814 2915 ad
825 2891 987 2916 terrorem.
1015 2881 1059 2916 Et
1075 2878 1159 2913 istud
1172 2878 1235 2913 cle-

354 2945 447 2967 mens
457 2934 497 2968 de
507 2931 759 2968 reconciliandis
780 2931 872 2975 laplis
883 2955 894 2970 ‚
921 2931 970 2964 uti
992 2930 1037 2964 est
1061 2929 1159 2963 sancti
1179 2928 1235 2964 Ze-

355 2982 491 3030 phyrini
502 2995 558 3026 pro
572 2982 707 3017 Maechis
719 3007 729 3022 ,
755 2981 935 3016 Decretum
950 3005 960 3020 ,
980 2980 1037 3014 alii
1048 2980 1150 3015 etiam
1161 2979 1235 3021 Epi-

356 3033 447 3075 scopi
459 3033 545 3070 varie
558 3034 631 3070 sunt
642 3032 810 3068 moderati.
830 3032 934 3065 Lucet
945 3042 987 3064 ex
998 3029 1168 3064 Elibernia
1181 3029 1236 3072 Sy-

807 99 1247 154 DissERTATio

1297 95 1724 157 Pnoazmmtrs.

1358 413 1397 463 Ἰ
1411 418 1437 463 S
1470 430 1616 464 autem
1641 415 1720 480 qui
1744 415 1995 469 simularunt
2008 415 2114 466 ficut
2138 418 2183 467 &

1397 484 1548 536 David
1560 523 1574 547 ,
1587 487 1665 552 qui
1679 483 1721 534 se
1744 487 2026 556 epilepticum
2049 485 2183 548 finge·-

1299 552 1399 614 bat,
1435 572 1488 606 ne
1513 570 1773 623 moreretur,
1808 558 2011 623 quamvis
2033 553 2183 607 revera

1298 626 1553 692 epilepticus
1579 645 1667 675 non
1692 623 1793 677 effet
1816 662 1829 687 ,
1876 630 1919 675 &
1943 644 2032 676 non
2067 624 2183 675 nude

1297 699 1571 757 negationem
1584 695 1882 764 inscripserunt
1893 732 1906 759 ,
1932 694 2062 745 sedin
2074 697 2184 745 mul-

1296 767 1353 813 tis
1377 766 1579 829 angustiis
1602 804 1615 828 ,
1668 783 1878 834 tanquam
1903 767 2023 834 pueri
2049 765 2184 815 confi-

1296 835 1356 885 lio
1380 839 1423 884 δε
1445 836 1676 908 prudentia
1702 837 1871 908 praediti
1895 840 2009 885 inter
2029 852 2186 903 pueros

1296 904 1540 973 insipientes
1553 945 1566 971 ,
1591 911 1868 961 inimicorum
1889 905 2060 958 infidias
2074 903 2186 957 ludi-

1294 974 1412 1027 ficati
1437 975 1558 1039 sunt,
1593 980 1664 1031 vel
1689 995 1737 1028 ut
1759 981 1837 1047 qui
1850 979 2020 1028 Altaria
2034 994 2187 1046 perva-

1295 1044 1423 1096 serint
1446 1084 1460 1107 ,
1495 1049 1570 1096 vel
1595 1064 1806 1115 tanquam
1831 1050 1910 1116 qui
1948 1048 2186 1110 Chirogra-

1294 1117 1429 1184 phum
1454 1115 1653 1167 dederint
1666 1153 1679 1176 ‚
1692 1120 1826 1166 velut
1838 1120 1918 1183 qui
1931 1136 2010 1186 pro
2023 1116 2063 1168 se
2075 1117 2187 1168 Etn-

1294 1189 1415 1236 nicos
1454 1185 1710 1238 immiserint
1735 1224 1749 1247 ,
1796 1187 1965 1237 etiamst
1990 1187 2187 1236 nonnulli

1293 1274 1439 1310 eorum
1464 1259 1543 1324 qui
1568 1256 1742 1308 confeffi
1768 1255 1863 1305 sunt
1885 1293 1900 1317 ,
1937 1271 1986 1308 ut
2011 1255 2187 1319 audivi,

1253 1377 1255 1379 ,
1293 1326 1512 1395 aliquibus
1524 1344 1672 1381 eorum
1687 1328 1960 1389 ignoverunt,
1974 1330 2186 1392 quoniam

1269 1412 1271 1429 ³
1293 1399 1480 1453 maxima
1492 1400 1694 1450 cautione
1706 1398 1902 1449 vitarunt
1915 1433 1928 1458 ‚
1942 1395 1996 1450 ne
2012 1394 2185 1466 i'pfivsu‘is

1268 1502 1270 1527 ÷
1293 1467 1490 1521 manibus
1514 1470 1658 1531 ignem
1673 1466 1863 1517 facerent
1875 1503 1889 1527 ,
1912 1470 1955 1516 ὅτ,
1967 1463 2185 1517 daemonas

342 1534 445 1570 Clero
457 1534 618 1571 Romanae
640 1533 814 1575 Ecclefiae,
840 1533 987 1569 vacantis
1010 1543 1066 1576 per
1090 1541 1230 1569 mortem
1268 1544 1270 1546 ’

1291 1541 1482 1607 impuros
1523 1536 1711 1588 suffirent
1739 1557 1750 1586 :
1801 1538 1919 1596 licet,
1941 1535 2049 1587 vero
2073 1572 2087 1596 ,
2131 1553 2185 1586 ex

1291 1610 1458 1671 agentis
1483 1609 1733 1671 ignorantia
1757 1608 2015 1665 eossslatuit3
2051 1604 2186 1667 seme-

1291 1678 1383 1727 stris
1409 1693 1556 1728 tamen
1582 1679 1850 1746 poenitentiae
1862 1677 2187 1748 poenailiisim-

1291 1763 1500 1815 ponetur:
1529 1748 1586 1803 fic
1610 1750 1727 1798 enim
1751 1747 1831 1814 ipfi
1852 1748 2033 1814 quoque

1289 1816 1576 1882 juvabuntur,
1610 1816 1839 1886 Prophetae
1859 1813 2026 1866 diaeum
2048 1807 2098 1870 ni
2154 1806 2172 1826 ⁴‘

1292 1901 1459 1950 tames,
1493 1883 1781 1936 &dicentem
1819 1886 1990 1935 Puellus
2013 1887 2187 1948 genitus

1291 1957 1351 2006 est
1362 1955 1513 2017 nobiS,
1536 1953 1847 2008 filius&datus
1859 1953 2084 2017 est.nobiS‚
2109 1972 2184 2018 cu-

1290 2032 1355 2093 jus
1379 2028 1652 2095 Principatus
1676 2026 1737 2075 est
1761 2028 1807 2072 in
1821 2025 2001 2075 humero
2012 2023 2114 2086 suc,
2140 2028 2184 2074 &

1293 2112 1475 2147 vocatur
1498 2113 1659 2146 nomen
1682 2101 1770 2162 eJ‘us
1783 2132 1797 2156 ,
1833 2097 1987 2158 Magni
2000 2093 2184 2145 Consilii

1292 2167 1496 2231 Angelus,
1521 2169 1614 2234 Q
1627 2203 1640 2226 ‚
1653 2182 1702 2215 ut
1715 2165 1831 2216 scitis
1843 2201 1857 2226 2
1871 2167 1918 2214 in
1931 2163 2051 2214 sexto
2062 2165 2185 2217 men-

1293 2236 1332 2286 se
1370 2254 1505 2287 conce
1537 2239 1669 2287 tionis
1695 2273 1708 2297 ‚
1756 2234 1858 2285 cum
1894 2235 2004 2284 alius
2042 2233 2184 2284 infans

1291 2255 1556 2376 praedicassket
1568 2343 1581 2370 ,
1597 2321 1698 2356 ante
1711 2304 1948 2358 adventum
1963 2309 2054 2374 ejus
2065 2341 2080 2365 ,
2091 2312 2185 2374 poe-

1294 2381 1525 2429 nitentiam
1575 2378 1621 2426 in
1656 2376 1944 2427 remissionem
1979 2390 2186 2443 peccato-

1293 2467 1411 2510 rum,
1447 2462 1682 2515 conceptus
1706 2446 1768 2496 est
1793 2450 1836 2496 &
1860 2443 1949 2513 ipse
1962 2444 2018 2494 ad
2030 2443 2185 2514 praedi-

1293 2517 1476 2569 eandam
1502 2519 1823 2586 poenitentiam.
1859 2517 2037 2566 Etenim
2049 2513 2186 2564 utri-s-

1293 2606 1378 2656 que
1413 2587 1611 2636 audimus
1647 2586 1859 2655 imprimis
1902 2583 2185 2653 praedicantes

1294 2676 1381 2707 non
1405 2656 1542 2707 solum
1566 2657 1621 2706 de
1644 2657 1904 2726 poenitentia
1917 2692 1930 2716 ‚
1965 2654 2038 2705 sed
2060 2659 2105 2710 δε
2128 2652 2185 2711 de

1294 2733 1448 2791 Regno
1472 2728 1724 2781 Coelorum:
1761 2724 1882 2793 quod
1904 2725 2109 2793 quidem,
2133 2740 2184 2774 ut

1294 2797 1551 2859 didicimuS‚
1585 2799 1699 2847 intra
1724 2813 1802 2846 nos
1827 2796 1887 2846 est
1900 2833 1913 2856 ,
1937 2794 2059 2863 quod
2082 2812 2183 2863 pro-

1296 2869 1350 2937 pe
1378 2885 1457 2917 nos
1482 2867 1535 2916 fit
1559 2867 1751 2919 Verbum
1764 2866 1885 2933 quod
1899 2865 2115 2915 credimus
2137 2867 2184 2913 in

1295 2957 1368 2988 ore
1393 2938 1536 2988 nostro
1559 2975 1572 2999 ‚
1607 2943 1651 2987 &
1684 2936 1814 2986 corde
1846 2937 1988 2986 nostro
2012 2971 2025 2996 ,
2061 2934 2183 3001 quod

1287 3012 1454 3076 JESUS
1489 3008 1550 3057 est
1585 3009 1873 3059 CHRISTUS
1899 3026 1911 3055 :
1959 3003 2183 3054 credentes

358 3079 707 3125 nodo,queduplicata
718 3092 773 3115 aut
785 3080 989 3117 accumulata
1001 3080 1123 3114 diversa
1137 3078 1236 3112 istius-
1300 3083 1343 3128 in
1367 3077 1498 3129 corde
1523 3078 1667 3128 nostro
1690 3115 1703 3140 3
1750 3075 1872 3145 quod
1898 3080 2018 3125 Deus
2043 3073 2183 3142 ipsum

358 3130 450 3168 modi
465 3132 579 3173 speciei
600 3131 716 3165 delicta
737 3132 905 3166 reservavit
925 3131 1066 3174 antiquae
1088 3129 1239 3172 Discipli-

360 3192 416 3214 nae.
430 3181 539 3215 Etiam
553 3180 780 3215 homicidium.
801 3185 848 3216 At
860 3183 995 3218 Nicaena
1007 3179 1161 3224 Synodus
1171 3191 1238 3213 orn-

1297 3148 1518 3200 suscitavit
1553 3167 1605 3198 ex
1639 3151 1822 3198 mortuis
1848 3167 1860 3195 ε
1911 3161 1960 3194 ut
1994 3148 2072 3212 qui
2108 3162 2184 3194 au-

361 3241 418 3265 nes
438 3229 496 3262 has
518 3231 726 3273 exceptiones
756 3231 998 3274 circumscripsit
1027 3242 1064 3264 ac
1085 3229 1236 3263 abolevit.
1298 3219 1424 3269 diant
1449 3219 1572 3286 qud
1596 3218 1726 3268 corde
1738 3215 1915 3284 qnidem
1927 3214 2117 3264 Creditur
2128 3214 2186 3265 ad

361 3279 516 3319 Cunstis3
540 3279 797 3323 quibuscumque
813 3282 845 3314 &
864 3281 1174 3324 qualibuscumque,
1202 3279 1237 3312 in

362 3329 429 3365 fine
442 3328 676 3371 poenitentibus
686 3328 770 3371 Juffit
783 3329 855 3364 dari
873 3331 1044 3366 Viaticurn
1056 3331 1239 3365 Sacramen-

363 3378 437 3417 talis
451 3379 753 3414 Reconciliationis.

1297 3290 1528 3410 jsustitiam‚
1562 3307 1636 3340 ore
1659 3303 1804 3338 autem
1829 3285 2033 3336 confeffio
2055 3285 2106 3335 fit
2129 3284 2186 3335 ad

1317 3361 1492 3411 alutem.

2017 3525 2187 3563 sci-10·
