2346 3776
572 141 594 190 ¹,
631 123 1073 183 DissERTA‘rlo
1121 116 1540 174 Pkoemmms.

554 179 559 194 l

178 212 259 252 qaiis
266 202 555 251 perniciosamsuam
566 195 739 237 doctrinam
749 203 915 246 obtegentes
929 227 940 243 ‚
958 202 1051 245 frau-

176 259 211 292 di
223 257 362 300 expositos
370 263 403 290 in
411 265 538 289 errorem
548 259 674 295 rapiunt
682 278 693 294 ‚
705 264 740 286 ac
749 254 929 297 Religionem
939 265 1050 297 quoque

175 308 304 349 uestram
322 306 407 349 apud
422 315 519 338 omnes
541 305 718 336 calumniari
735 315 794 337 non
810 303 917 346 ceffant
927 316 939 337 .-
966 307 1050 338 Unde

170 357 235 400 fit‚
261 366 296 391 ut
305 355 448 390 non-nulli
460 357 679 390 Literiseorum
685 351 902 396 subscribentes
916 376 928 393 ,
954 358 987 387 in
995 359 1049 389 Ec-

175 405 286 449 clefiam
294 406 358 440 illos
366 409 522 446 recipiant.
550 407 605 437 Ex
618 414 673 445 quo
694 404 813 446 quidem
834 408 990 445 maxima,
1016 414 1049 438 ut

175 462 294 498 opinor,
321 453 535 495 comministris
550 453 655 494 nostris
667 477 678 494 ‚
703 458 755 496 qui
764 452 815 485 boc
823 451 890 494 aust
888 451 963 495 sunt
975 477 986 493 ‚
996 460 1049 487 im-

173 511 268 539 minet
288 503 420 545 infamia
437 528 448 544 ‚
472 505 553 546 quod
572 514 665 546 neque
687 501 864 544 apostolicus
888 505 994 536 Canon
1016 506 1051 537 id

170 561 354 597 permittat,
379 555 415 589 Θ
435 553 618 589 Diabolicam
644 552 793 587 adversus
815 551 963 592 Christum
986 562 1049 596 ope-

173 609 340 644 rationem,
365 615 434 647 quae
455 605 516 637 illis
536 603 620 644 in-ess
632 628 642 643 ,
667 601 913 637 vehementiorem
935 604 1047 644 efficiat.

174 653 228 688 Ex
249 663 318 697 quo
337 653 429 689 vides
449 653 555 698 plures
576 653 617 688 ab
639 652 704 686 illis
725 651 909 695 Episcopos
917 653 979 688 effic
991 654 1050 687 cir·

172 704 387 747 cumscriptos
402 716 412 747 ;
438 704 608 748 praesertim
628 701 700 746 post
718 701 785 735 illis
804 702 924 738 fastam
936 703 955 736 a
967 702 1050 738 duo-

174 753 236 788 bus
245 753 395 788 Eusebiis
405 754 440 788 &
449 753 522 788 aliis
532 753 667 788 sedatus
688 751 857 796 Episcopis
877 753 1050 796 reparatio-

173 814 260 837 nem.
296 803 435 839 Easdem
459 801 569 838 turbas
588 811 748 838 memorat
768 802 804 835 in
827 801 1048 838 Ecclesiastico

172 853 326 887 Historia
335 851 588 887 Theodoretus:
618 855 697 885 Cum
706 857 738 884 in
759 850 836 885 bunc
858 852 977 885 modum
992 860 1048 894 per

171 905 302 946 AEgypti
313 904 347 936 Θ
357 907 493 936 Orientis
504 899 758 945 Ecclefiassparsa
767 901 835 945 effet
844 900 1027 944 blasphemia
1038 927 1048 942 ,

171 956 383 985 contentiones
394 953 432 985 de
443 954 569 985 Divinis
581 951 778 996 Dogmatibus
790 976 801 992 ,
822 954 994 995 pugnaeque*
1015 958 1048 986 in

166 1000 290 1046 fingulis
300 1000 429 1035 Urbibus
440 1003 475 1036 Θ
495 1005 576 1035 Vicis
597 1002 778 1035 oriebantur.
815 1003 960 1045 Reliquus
977 1005 1049 1036 verb

41 859 102 896 Lib.
115 871 139 893 ι.

39 909 101 940 up.
113 910 138 938 5·

166 1053 297 1094 populus
309 1075 321 1092 ,
330 1063 432 1085 rerum
440 1050 717 1095 istarumspei‘tator
725 1076 736 1092 ‚
755 1055 788 1096 J
791 1052 928 1095 udexque
939 1054 1049 1086 sermo·
1068 1083 1070 1085 .

169 1113 244 1137 num
252 1127 263 1143 ‚
284 1110 363 1144 pars
373 1100 434 1141 istis
442 1126 453 1143 ,
461 1110 539 1144 pars
551 1103 621 1135 aliis
625 1101 762 1143 favebat
772 1126 783 1142 ,
810 1103 846 1136 Θ·
866 1103 1005 1146 tragedia
1014 1102 1050 1135 Θ

167 1151 250 1187 lucra
260 1153 361 1195 dignae
369 1163 418 1185 res
428 1160 526 1185 erant.
554 1155 621 1184 Nec
631 1156 711 1185 enim
721 1156 838 1185 externi
849 1150 940 1191 hostes
951 1175 963 1191 ,
974 1149 1048 1195 ficut

169 1202 240 1235 olim
252 1224 262 1241 ‚
274 1199 412 1241 Ecclfias
421 1200 632 1244 oppugnabant
642 1225 653 1241 ,
671 1198 732 1243 sed
739 1203 848 1234 Gentis
857 1200 992 1243 ejusdem
1001 1200 1049 1233 bo-

169 1256 267 1284 mines
279 1272 290 1289 ,
315 1250 453 1293 TeRique
462 1256 552 1283 unius
564 1261 599 1283 ac
609 1247 722 1291 Mensae
734 1255 903 1290 participes
914 1272 926 1288 ,
947 1259 1050 1283 contra

165 1298 291 1345 seipsos
302 1299 452 1338 hastarum
462 1300 520 1332 loco
528 1300 648 1342 linguas
658 1297 811 1331 acuebant.
845 1301 939 1331 Immo
953 1302 1025 1332 vero
1038 1324 1048 1340 ‚

166 1361 237 1383 cum
245 1354 335 1382 unius
344 1347 401 1390 ipfi
403 1353 532 1390 corporis
544 1347 677 1381 membra
697 1346 785 1390 effent
797 1370 808 1386 ,
833 1349 985 1382 adversas
1003 1348 1049 1392 Je-

172 1397 251 1442 ipfhs
261 1401 361 1431 mutuo
375 1398 578 1431 armabantur.
606 1396 733 1432 Eadem
744 1406 826 1433 tunc
845 1398 976 1442 graffari
986 1410 1048 1434 coe-

170 1450 222 1493 pit
231 1448 400 1483 calamitas
410 1472 421 1488 ‚
431 1459 531 1492 quam
543 1471 554 1487 ‚
572 1459 628 1491 per
639 1445 792 1491 Ephefini
803 1447 952 1482 Concilii
963 1448 1048 1483 inter

168 1499 203 1532 S.
214 1498 381 1542 Cyrillutn
393 1496 603 1532 Alexandriae
614 1522 625 1538 ,
641 1509 680 1532 ac
691 1496 853 1540 Ioannem
864 1496 1048 1540 Antiochie

166 1546 392 1583 Patriarcham
410 1543 556 1582 Schisma
581 1572 592 1588 ‚
612 1564 614 1566 ·
628 1547 722 1582 fuisse
740 1547 915 1592 grassatam
936 1547 1047 1582 scribit

167 1597 245 1636 Ibas
253 1597 433 1632 Edem-,nus
443 1596 745 1643 Archi-Episcopus
764 1611 776 1631 :
813 1597 859 1630 Ob
879 1596 931 1631 boc
952 1599 1048 1631 multa

167 1646 291 1688 tristitia
300 1653 380 1682 inter
401 1659 449 1682 eos
459 1673 470 1689 ,
498 1647 684 1693 AEgyptios
705 1659 743 1682 ac
761 1647 951 1682 orientales
957 1647 1049 1690 sada

168 1697 217 1738 est.
242 1703 286 1733 Et
295 1704 327 1731 in
337 1704 518 1732 contentione
526 1707 615 1732 erant
623 1696 761 1740 Episcopi
783 1699 949 1732 adversum
969 1701 1045 1740 Epi-

166 1745 267 1791 scopo:
277 1771 289 1787 ‚
315 1749 350 1782 Θ
360 1749 465 1791 Populi
475 1749 641 1781 adversum
653 1749 787 1789 Populos.
815 1753 858 1783 Et
869 1749 1044 1790 completum

170 1796 211 1839 est
220 1805 304 1838 opere
318 1820 329 1837 ‚
354 1799 434 1840 quod
437 1795 583 1841 fi‘riptum
593 1797 630 1836 est
644 1811 654 1830 .·
681 1800 767 1841 ,Quia
776 1806 866 1830 erunt
875 1803 987 1831 inimici
999 1798 1046 1831 ho-

170 1853 265 1880 minis
276 1846 419 1887 domestici
427 1849 503 1889 ejus.
534 1851 583 1882 Ex
593 1846 644 1879 hoc
663 1846 859 1884 detrac‘liones
870 1849 974 1881 multae
994 1850 1048 1881 ad-

171 1897 296 1931 versum
306 1907 358 1929 nos
362 1895 461 1938 [πῶς
464 1895 539 1939 sunt
561 1899 751 1940 paganorum
770 1908 805 1930 ac
824 1901 1045 1931 Haereticorum.

171 1951 247 1981 Non
258 1951 337 1979 enim
345 1946 477 1980 audebat
487 1947 597 1988 aliquis
607 1948 644 1979 de
655 1950 790 1980 civitate
801 1952 834 1979 in
855 1950 1025 1981 Civitatem
1037 1972 1048 1988 ,

169 2005 226 2032 aut
234 1998 272 2029 de
285 1998 444 2030 Provincia
452 2002 485 2030 in
506 1997 698 2029 Provinciam
713 1994 856 2039 proficifii
865 2021 876 2036 ‚
897 1995 957 2039 sed
978 2007 1047 2031 tan-

170 2056 263 2089 quam
282 2051 435 2080 inimicum
448 2044 538 2090 ficum
558 2043 755 2091 unusquisque
775 2049 950 2081 Proximum
953 2044 1044 2091 suum

163 2094 410 2141 persequebatur.
633 2121 635 2123 >

219 2209 322 2258 ‘Aila
344 2215 493 2278 Magni
516 2215 752 2280 Imperatoris
774 2211 1002 2276 Constantini

405 2280 506 2329 circii
531 2287 617 2330 Arii
650 2281 816 2331 exordia.

31 2409 93 2443 [iu
105 2421 133 2441 2.
289 2399 340 2436 Ac
350 2401 392 2436 de
402 2413 436 2436 re
446 2401 560 2438 scribit
570 2402 719 2438 Gelafius
730 2402 915 2446 Cyzicenus
931 2415 939 2436 ε
966 2406 1044 2436 Cum

27 2459 125 2490 cop-3·
303 2452 471 2485 Alexander
482 2454 558 2486 talia
562 2455 666 2495 paffim
671 2452 729 2496 pdr
734 2452 867 2497 fingulas
888 2457 1042 2486 Civitates

159 2499 335 2543 firipfiffet,
359 2503 471 2534 malum
493 2501 589 2545 ipsum
611 2503 742 2536 deterius
763 2501 863 2544 evafit.
891 2507 965 2536 Haec
977 2513 1043 2535 cum

164 2548 322 2593 rescivisset
332 2555 498 2592 Imperator
519 2552 731 2592 Constantinus
744 2577 754 2592 ,
781 2563 921 2596 magnum
941 2558 1040 2585 animo

164 2601 292 2633 dolorem
301 2606 391 2642 caepit
402 2625 412 2640 ‚
437 2612 558 2643 remque
567 2613 633 2635 eam
638 2600 728 2644 suam
737 2601 825 2644 ipfius
837 2603 1040 2635 calamitatem

163 2657 321 2691 reputans,
333 2651 367 2683 &¹
374 2653 485 2684 malum
489 2653 561 2692 jam
570 2650 679 2694 accens
671 2663 722 2684 um
727 2653 866 2694 protinus
878 2651 1039 2696 exstingue-

163 2711 198 2733 re
218 2701 396 2733 contendens
410 2724 421 2740 ,
446 2704 570 2734 Literas
587 2702 632 2734 ad
650 2703 856 2735 Alexandrum
877 2703 913 2735 &
935 2705 1039 2735 Arium

165 2754 260 2782 mittit
267 2757 324 2790 per
335 2757 437 2782 virum
453 2751 515 2793 fide
538 2752 662 2795 dignum
672 2749 849 2794 Episcopum
869 2752 1020 2785 Cordubae
1028 2776 1039 2792 ,

165 2802 316 2832 Civitatis
327 2797 481 2841 cujusdam
492 2798 665 2843 Hispaniae:
695 2803 846 2844 siquidem
867 2802 950 2835 illum
971 2802 1040 2835 dili-

158 2848 252 2892 gebat
272 2853 436 2890 Imperator
458 2873 468 2888 ‚
502 2851 538 2883 <5
551 2848 668 2893 summo
679 2850 912 2894 prosequebatur
922 2850 1036 2884 honore.

164 2898 290 2932 Eadem
304 2897 413 2932 scribit
423 2897 658 2934 Theodoretus
679 2913 687 2933 :
714 2905 772 2933 His
791 2907 912 2945 cognitis
919 2899 1039 2943 sapien-

164 2948 283 2987 tiffimus
303 2952 463 2989 Imperator
483 2972 494 2988 ‚
527 2955 660 2990 primum
680 2952 800 2993 quidem
814 2950 933 2992 fontem
943 2949 1039 2993 ipsum

164 2999 309 3031 maiorum
321 2997 461 3038 obstruere
471 3007 593 3031 conatus
605 2998 643 3039 est
661 3023 672 3039 ‚
699 3009 791 3043 atque
802 2999 939 3044 insignem
949 3012 1039 3043 quen-

165 3048 238 3079 dam
241 3045 362 3090 Jitlertia
375 3055 476 3081 virum
488 3049 704 3082 Alexandriam
727 3049 803 3092 misti
823 3061 890 3083 cum
902 3054 1017 3083 Literis
1028 3075 1038 3091 ,

166 3095 382 3141 exstinguenda?
392 3104 584 3131 contentionis
588 3097 688 3138 studio
699 3122 710 3138 ,
735 3101 770 3133 <⁵5
784 3098 839 3142 spe
857 3101 1040 3133 reducenda-

166 3156 234 3179 rum
244 3148 288 3180 ad
294 3149 477 3182 concordiam
490 3150 637 3180 Partium.
673 3148 819 3183 Socrates
836 3149 901 3183 fere
924 3150 1038 3193 repetit

167 3195 264 3230 verba
274 3197 404 3232 Geiafii.
431 3197 588 3240 Amplius
601 3197 680 3241 quid
693 3198 804 3232 scribit
817 3198 974 3233 Hermias
984 3199 1040 3232 So-

31 3251 94 3283 Lib.
124 3262 135 3280 ι
145 3272 152 3280 .
166 3256 339 3281 zomenus:
367 3250 408 3280 At
418 3250 488 3281 vero
498 3258 563 3280 cum
575 3249 668 3280 multa
679 3250 811 3280 concilia
831 3250 869 3282 de
888 3248 943 3281 bac
962 3260 995 3282 re
1006 3255 1039 3282 in

28 3300 97 3332 ⁶²?-
108 3295 154 3329 153
167 3297 450 3338 AEgyptocelebrata
452 3297 578 3339 fuissent
589 3321 599 3337 ,
625 3299 661 3331 0&
677 3304 722 3330 ita
740 3296 941 3340 exardesceret
962 3301 1039 3332 Con-

166 3350 259 3378 tentio
279 3369 289 3384 ,
322 3354 355 3378 ut
376 3348 421 3380 ad
439 3345 537 3390 ipsam
557 3352 749 3388 Imperatoris
769 3348 873 3380 aulam
888 3350 1040 3389 pervade-

165 3404 233 3433 ret,
260 3398 421 3436 Imperator
433 3396 646 3436 constantinus
668 3409 726 3430 non
746 3398 931 3431 mediocriter
939 3404 1038 3431 animo

161 3452 319 3477 commotus
340 3443 385 3484 est.
413 3443 517 3480 Addit
528 3446 619 3491 quod
639 3446 680 3482 ad
701 3446 766 3481 haec
791 3446 1037 3491 comprimenda

162 3494 303 3530 Hofium
321 3493 565 3530 Cordubensern
587 3497 786 3544 Episcopum
813 3498 933 3533 miserit
959 3509 1035 3534 cum

259 3543 378 3594 Differr.
386 3546 512 3595 Proxm.
522 3548 600 3595 Tqm.
610 3550 636 3583 t
756 3545 759 3548 ’

781 3598 784 3599 γ
817 3591 837 3601 -ιι

1927 144 2000 184 155

1110 203 1239 240 Literis.
1267 199 1396 238 Diserte
1415 200 1566 236 adfirmat
1588 197 1675 234 hanc
1687 198 1906 245 Legationem
1918 213 1991 242 nou

1112 253 1220 289 statim
1232 255 1266 287 in
1279 252 1358 287 mali
1367 250 1528 293 exordio;
1555 249 1608 284 sed
1621 249 1693 294 post
1714 250 1834 284 multas
1860 262 1928 286 tam
1951 255 1994 289 in.

1112 302 1268 348 AEgypto
1280 327 1291 343 ,
1317 302 1416 346 quam
1439 299 1474 334 in
1494 301 1635 335 Oriente
1655 311 1694 334 ac
1712 297 1896 343 Bythinia,
1921 313 1992 344 qun

1112 354 1230 387 Arium
1249 360 1434 396 repararant
1454 375 1466 390 ,
1504 350 1649 394 Synodis
1668 349 1853 395 contigisse.
1889 349 1997 395 Qod.

1112 403 1214 446 ipsum
1226 402 1261 435 in
1282 402 1404 446 Magni
1424 400 1641 435 Constantini
1663 400 1882 435 vitainfinuat
1896 399 1999 434 Caefit-

1111 452 1232 486 raeensis
1244 450 1412 485 Eusebius.
1441 450 1623 495 Gregorius
1634 450 1848 486 Caesaraeenfis
1859 450 1895 482 in
1906 448 1993 493 Cap-

1111 501 1247 546 padocia
1259 500 1431 544 Presbyter
1451 500 1544 535 addit
1564 502 1601 534 in
1624 501 1841 535 Nicaenorum
1853 498 1994 533 Patrum

1110 552 1284 587 encomio:
1312 551 1484 584 Alexander
1489 557 1692 592 praemunivit
1723 548 1932 593 Episcoporum
1947 560 2003 584 au,-

1109 613 1157 635 res
1180 613 1217 635 ne
1227 601 1266 634 ab
1288 598 1486 644 hiatusensus
1499 599 1685 642 Ariifinistre
1697 606 1926 642 arriperentur;
1952 605 2000 632 in-

1110 658 1184 684 citat
1195 653 1267 685 verb
1284 675 1295 691 ,
1317 660 1351 684 ut
1361 658 1509 684 communi
1526 649 1649 692 Consilio
1668 651 1746 683 citra
1769 661 1881 682 moram
1901 650 1940 683 de
1951 648 2002 682 bis

1111 706 1262 743 Optimum
1282 704 1440 734 Dominum
1461 706 1616 734 certiorem
1630 699 1777 741 facerent.
1806 699 1909 747 Qod
1931 699 2001 742 ipse

1110 751 1212 786 etiam
1236 750 1426 785 Alexander
1453 749 1497 784 ad
1529 750 1723 793 Principem
1745 749 1891 784 retulerit
1911 772 1923 789 ,
1958 759 1999 782 ac

1114 799 1233 835 Arium
1241 800 1404 844 compesci
1416 799 1611 845 postularit,
1637 798 1755 835 diserte
1774 798 1908 834 testatur
1930 798 2000 832 sau·
2018 810 2124 843 Haeress

1116 852 1185 884 stus
1198 849 1413 894 Epiphanius.

1159 899 1278 935 Paucis
1298 911 1461 944 exponere
1482 909 1631 945 oportet,
1660 910 1803 946 quantus
1822 899 1857 934 &
1877 899 1999 944 qualis·

1109 950 1205 984 fuerit
1227 950 1489 985 Cordubensium
1511 951 1662 987 Antistes
1693 951 1825 986 Hosius.
1863 951 1998 986 Sanetus

1110 998 1306 1034 Athanasius
1326 998 1438 1034 scribit
1459 1001 1496 1034 in
1509 1001 1612 1044 prima
1624 1001 1739 1035 contra
1753 998 1897 1035 Arianos
1910 1001 1998 1036 ota-v

1108 1050 1222 1084 tione:
1249 1052 1379 1094 Magnus
1398 1050 1465 1090 ille,
1492 1051 1672 1094 &confeffi’r
1683 1049 1799 1092 Hostus.
1826 1050 1871 1084 Et
1884 1051 1921 1084 in
1933 1049 1999 1094 pri·
2015 1041 2139 1073 f⁰¹ ¹²¹³

1109 1110 1162 1134 ma
1175 1098 1343 1144 Apologia
1354 1113 1365 1132 .·
1394 1101 1488 1132 Pater
1500 1099 1611 1142 Hofius.
1640 1100 1684 1133 Et
1695 1101 1800 1133 infra:
1829 1103 1875 1133 De
1887 1111 1998 1144 magno
2014 1082 2135 1156 {21¹⁹ss

1107 1150 1201 1183 illo&
1214 1150 1394 1193 graviffimae
1406 1155 1510 1182 aetatis
1537 1155 1624 1190 viro,
1651 1150 1807 1191 eodemque
1829 1150 1997 1194 Confeffore
2079 1130 2113 1158 μ

1109 1198 1188 1240 Hosio
1199 1223 1209 1239 ,
1235 1205 1288 1242 qui
1308 1200 1380 1233 vere*
1401 1198 1501 1240 Hostus
1521 1198 1560 1239 est
1572 1223 1583 1239 ,
1610 1201 1646 1232 id
1665 1198 1703 1239 est
1716 1197 1862 1242 sancius,
1882 1197 1997 1242 super·

1105 1248 1198 1290 fluum
1218 1248 1347 1282 arbitror
1368 1253 1547 1282 mentionem
1561 1248 1674 1290 facere.
1702 1254 1775 1282 Non
1799 1254 1879 1283 enim
1900 1251 1991 1292 quid-

1108 1309 1199 1341 quam
1208 1299 1300 1332 latere
1313 1298 1406 1340 potest
1415 1304 1449 1332 in
1460 1305 1526 1332 viro
1535 1308 1635 1333 tantae
1644 1300 1848 1332 claritudinis.
1875 1303 1913 1332 In
1927 1311 1994 1343 qua

1109 1354 1187 1382 enim
1206 1350 1313 1387 synodo
1332 1350 1382 1382 ille
1403 1360 1461 1381 non
1484 1351 1556 1383 Dux
1568 1373 1579 1389 ‚
1605 1351 1641 1383 ὁ·
1664 1348 1877 1392 Antefignanus
1896 1349 1994 1391 fuit?

1110 1400 1210 1443 ‚Quem
1219 1410 1276 1431 non
1288 1399 1336 1431 ille
1349 1397 1430 1431 retia
1439 1399 1549 1431 tuendo
1560 1404 1594 1431 in
1608 1397 1794 1442 sententiam
1811 1397 1904 1441 suam
1921 1408 1993 1440 per-

1109 1454 1207 1481 traxit
1230 1449 1247 1480 .?
1282 1450 1363 1491 ,Quis
1386 1448 1470 1480 illum
1486 1447 1604 1487 maestus
1626 1449 1706 1483 adiit
1732 1472 1744 1487 ‚
1769 1449 1804 1482 (5
1828 1460 1886 1481 non
1905 1451 1997 1482 laetus

1110 1498 1243 1533 abierit?
1265 1499 1348 1541 ,Quis
1369 1497 1507 1540 indigens
1527 1497 1566 1530 ab
1589 1509 1620 1530 eo
1642 1495 1829 1539 postulavit,
1855 1504 1928 1540 quin
1946 1506 1997 1540 po·

1105 1547 1248 1588 stulatum
1266 1547 1426 1587 obtinuerit
1440 1547 1457 1578 .2
1495 1547 1540 1582 Et
1565 1547 1685 1582 iterum
1708 1560 1715 1580 ε
1745 1550 1874 1591 Magnus
1893 1547 1997 1590 Hostus
2016 1541 2110 1579 1²<’l·55
2116 1556 2135 1576 ο

1111 1597 1267 1641 Confeffor.
1295 1596 1440 1631 Arianos
1451 1597 1583 1642 arguit,
1612 1597 1702 1642 quod
1722 1609 1791 1632 non
1805 1596 1996 1632 erubuerint

1112 1648 1346 1692 Imperatorem
1368 1645 1604 1682 Constantium
1625 1646 1776 1683 seducere
1798 1646 1839 1682 ad
1862 1658 1995 1687 tantum

1113 1699 1314 1741 Episcopum
1334 1698 1564 1734 vexandum&
1586 1699 1862 1744 proscribendum.
1900 1700 1944 1734 Et
1958 1700 1995 1733 in

1114 1747 1253 1783 secunda
1265 1746 1456 1794 Apologia:
1484 1749 1584 1793 Hostus
1597 1752 1646 1785 ille
1658 1762 1796 1796 magnus.
1825 1750 1869 1784 Et
1891 1750 1928 1784 in
1940 1750 1997 1783 Li-

1113 1798 1188 1835 teris
1198 1798 1240 1835 ad
1252 1799 1325 1834 suos
1335 1798 1525 1835 Monachos
1538 1800 1686 1842 ,inducit
1700 1800 1845 1836 Arianos
1856 1800 1897 1835 ad
1906 1801 1996 1835 Con-

1114 1848 1270 1885 stantium
1284 1874 1295 1890 ,
1321 1850 1390 1894 quo
1411 1851 1556 1885 Hofium
1579 1851 1737 1895 proscribi
1757 1850 1970 1896 persuadeant
1984 1876 1995 1891 ,

1116 1900 1164 1934 ita
1175 1909 1362 1944 perorantes
1380 1913 1388 1932 ε
1417 1899 1512 1934 Nihil
1522 1901 1704 1943 profecimus
1727 1925 1738 1940 ,
1763 1902 1910 1943 quamdiu
1929 1902 1997 1934 reli·
2015 1893 2131 1929 F0¹·⁶4⁸

1113 1961 1189 1992 quus
1203 1950 1242 1990 est
1263 1949 1374 1992 Hostus.
1413 1951 1570 1993 ‚Quamdiu
1589 1952 1638 1984 ille
1662 1949 1768 1994 insuls
1779 1957 1863 1994 agit,
1889 1962 1992 1984 omnes

1112 1999 1267 2044 Episcopi
1279 2007 1312 2033 in
1317 1999 1384 2043 suis
1396 1999 1525 2041 Ecclefiis
1537 2012 1624 2044 agere
1634 2003 1788 2035 videntur.
1827 2000 1922 2040 Potest
1945 2002 1995 2034 ille
2062 2016 2071 2034 ε

1112 2050 1259 2084 &verbis
1281 2051 1316 2084 &
1336 2050 1518 2083 authoritate
1536 2049 1611 2092 fidei
1626 2048 1693 2092 suae
1713 2061 1814 2083 omnes
1825 2059 1930 2083 contra
1942 2062 1995 2083 nos

1111 2100 1255 2134 inducere.
1295 2101 1352 2132 Hic
1377 2102 1520 2141 Princeps
1540 2100 1579 2140 est
1598 2101 1788 2138 synodorum:
1822 2105 1863 2134 Et
1872 2099 1903 2141 fi
1919 2102 1998 2142 quid

1107 2147 1211 2193 finibit
1222 2174 1232 2190 ‚
1258 2149 1365 2192 ubique
1385 2151 1519 2183 auditur..
1549 2154 1604 2182 Hic
1620 2149 1695 2192 fidei
1702 2149 1870 2191 formulam
1887 2157 1922 2182 in
1935 2154 1995 2194 Ni-

1110 2210 1190 2233 caeno
1210 2202 1337 2234 Concilio
1369 2206 1498 2242 concepit
1518 2213 1525 2232 z
1562 2204 1608 2232 Et
1638 2203 1765 2233 Arianos
1802 2200 1912 2242 ubique
1933 2208 1993 2241 pro

2015 1737 2130 1774 F01.625

1111 2254 1268 2284 Haereticis
1280 2251 1431 2284 traduxit.
1466 2251 1559 2293 ‚Quod
1571 2249 1603 2291 fi
1618 2250 1667 2284 ille
1689 2256 1782 2294 igitur
1797 2255 1829 2282 in
1844 2248 1898 2292 suo
1910 2250 1994 2290 statu

1109 2310 1249 2340 maneat,
1270 2298 1528 2342 supervacaneum
1552 2299 1591 2340 est
1615 2308 1788 2332 caeterorum
1815 2299 1994 2344 Episcopo-

1109 2362 1182 2384 rum
1203 2351 1334 2383 exilium.
1373 2351 1418 2385 Et
1439 2349 1575 2384 adducit
1587 2349 1659 2384 vere
1670 2349 1881 2392 Episcopales
1894 2350 1992 2384 Hofii

1108 2400 1149 2434 ad
1170 2399 1406 2435 Constantium
1419 2424 1428 2439 ,
1454 2401 1512 2444 qui
1537 2399 1580 2434 ad
1599 2399 1726 2442 lapsum
1738 2399 1911 2443 vergebat,
1938 2400 1993 2434 Li-

1107 2461 1191 2485 teras
1215 2474 1226 2490 ,
1251 2459 1350 2493 atque
1374 2449 1534 2484 subnectit
1557 2463 1569 2483 .-
1606 2453 1680 2482 Haec
1706 2448 1920 2482 Abrahamicus
1942 2451 1992 2483 ille
2010 2448 2127 2486 Fol.650

1101 2498 1216 2542 senex,
1243 2501 1316 2533 vere
1334 2499 1457 2542 Hosius,
1485 2499 1537 2532 hoc
1556 2498 1593 2539 est
1612 2497 1736 2542 sam‘lus
1761 2523 1772 2539 ,
1798 2500 1833 2532 z&
1848 2497 1937 2542 sensit
1956 2501 1992 2533 <⁰2⁹

1099 2549 1223 2593 sbriplit.
1252 2550 1397 2583 Omnibus
1420 2551 1470 2583 ille
1492 2558 1579 2582 notus
1599 2557 1689 2588 erat,
1715 2559 1750 2581 ac
1772 2560 1865 2582 verus
1871 2558 1928 2591 pro
1937 2548 1991 2593 βω

1104 2606 1219 2634 nomine
1238 2598 1339 2640 Holt‘us
1360 2624 1371 2640 ‚
1396 2599 1448 2634 hoc
1465 2598 1504 2639 est
1525 2624 1537 2640 ,
1569 2597 1696 2643 sanequs
1717 2597 1884 2632 habebatur
1906 2623 1917 2638 ,
1943 2605 1990 2632 vi-

1103 2660 1192 2693 taque
1202 2651 1267 2691 eJ'us
1279 2648 1560 2692 irreprebenfibilis,
1588 2655 1640 2683 nii
1660 2661 1698 2682 ex
1723 2650 1786 2682 odio
1797 2652 1862 2690 ejus
1885 2659 1988 2682 contra

1102 2699 1360 2748 baereschimen
1381 2708 1602 2733 mutuarentur.
1632 2699 1677 2732 Et
1700 2698 1734 2732 in
1748 2699 1985 2742 Imperatorem

1102 2750 1335 2785 Constantium
1349 2775 1359 2789 ‚
1386 2751 1442 2794 qui
1455 2759 1586 2784 tanturn
1599 2748 1720 2782 Virum
1746 2748 1986 2792 proscribere&

1100 2801 1274 2835 tormentis
1283 2800 1420 2834 adficere
1432 2811 1499 2833 non
1511 2798 1643 2837 erubuit
1655 2797 1877 2842 ,prosequitur
1892 2811 1898 2830 :
1925 2802 1984 2830 Ni-

1101 2850 1146 2883 hil
1165 2856 1283 2884 veritus
1304 2849 1350 2883 est
1370 2856 1479 2891 impius
1493 2874 1503 2889 ‚
1530 2860 1580 2882 nec
1602 2852 1700 2882 Deum
1724 2874 1734 2889 ‚
1761 2859 1854 2890 neque
1875 2850 1982 2882 Patris

1094 2899 1145 2943 sui
1162 2924 1173 2939 ,
1198 2911 1287 2942 quem
1306 2911 1376 2942 erga
1400 2898 1516 2940 Hostum
1538 2898 1667 2931 babebat
1689 2921 1699 2937 ‚
1725 2897 1864 2938 affeo‘lum
1886 2923 1897 2938 ‚
1936 2909 1985 2931 ne-

1100 2961 1156 2992 que
1173 2948 1354 2992 seneclutem
1376 2948 1526 2989 bominis,
1544 2950 1616 2989 jam
1633 2953 1821 2987 centenarii,
1846 2946 1983 2981 inhuma-

1099 3011 1156 3033 nus
1177 3000 1227 3032 ille
1247 2998 1385 3042 respexit.
1423 2999 1535 3032 Etiam
1569 2999 1691 3030 sanstus
1714 2996 1893 3042 Gregorius
1916 2997 1984 3032 Na·

1099 3050 1391 3092 zianzenusipsum
1402 3048 1542 3092 appellat
1559 3049 1662 3079 Senem
1683 3048 1768 3080 illum
1790 3049 1824 3081 &
1846 3046 1982 3081 Abraba-

1104 3105 1210 3132 micum
1223 3102 1368 3138 Patrem,
1393 3099 1427 3132 &
1449 3097 1601 3142 adjungit
1622 3096 1662 3130 ad
1683 3095 1828 3131 Arianos
1846 3110 1852 3129 :
1880 3099 1980 3141 ‚Quem
2001 3108 2045 3136 ις.

1103 3161 1141 3183 ex
1169 3151 1268 3182 Exitio
1288 3150 1481 3186 redeuntem,
1506 3148 1601 3180 medio
1619 3148 1690 3187 die,
1716 3148 1816 3182 media
1833 3154 1866 3180 in
1888 3148 1979 3188 urbe,

1100 3197 1189 3242 saxis
1201 3197 1361 3239 excepistis.
1389 3198 1522 3231 Sanctus
1542 3197 1623 3230 item
1649 3195 1844 3231 Phaebadius
1867 3196 1983 3242 Agen-

1106 3250 1211 3283 nenfis
1234 3248 1434 3290 Episcopus,
1458 3247 1493 3280 &
1513 3247 1624 3280 omnis
1644 3246 1816 3283 Gallicana
1836 3247 1997 3282 Ecclesia‘

1101 3300 1207 3342 ipsum
1241 3296 1389 3331 inscribit
1424 3297 1657 3339 AntIquiffimum
1691 3299 1874 3331 Sacerdotem
1896 3323 1905 3338 ,
1943 3300 1978 3330 (π

1096 3357 1246 3391 promptae
1261 3345 1381 3389 semper
1396 3347 1470 3389 fidei
1492 3346 1613 3388 Hostum.
1652 3346 1696 3380 Et
1713 3347 1882 3392 adjungit:
1912 3352 1978 3380 No-

1097 3406 1148 3432 vit
1171 3398 1325 3437 Mundus,
1351 3408 1420 3439 quae
1439 3403 1471 3429 in
1494 3395 1572 3432 banc
1594 3404 1723 3431 tenuerit
1745 3407 1889 3436 aetatem,
1915 3408 1977 3437 qua

1098 3447 1262 3487 constantia
1284 3448 1370 3488 apud
1386 3448 1543 3480 Sardicam
1566 3448 1601 3481 (τ
1620 3453 1653 3479 in
1682 3452 1808 3481 Nicaeno
1828 3446 1974 3479 Trat‘latu

1103 3495 1245 3542 adsensus
1267 3495 1304 3539 fit
1324 3520 1336 3539 ,
1372 3498 1407 3533 (a
1428 3497 1622 3582 damnavxessit
1640 3501 1776 3532 Arianos.
1813 3495 1975 3577 Adfifrmgf

1642 3558 1666 3587 2
1898 3555 1930 3578 ui
1958 3554 1976 3577 e

1995 874 1998 876 >
2017 855 2063 887 69.
2073 850 2143 889 09³)
2177 875 2184 886 ,.
