2346 3776
635 105 796 148 Scno
818 115 961 160 1113,
997 114 1268 146 erno-trs
1305 112 1678 148 ιιιυετιιΑ-ιι.

251 188 382 224 laudata
400 198 470 222 vox
497 186 544 221 est
565 184 652 219 istud
681 184 790 229 ipsum
812 183 981 228 Ephefinae
1008 210 1019 226 ,
1040 182 1133 226 quod

251 238 392 282 Synodo
421 237 566 271 Nicaenae
602 245 670 268 vox
695 250 706 276 ·,
743 233 997 278 consubstantiale
1026 247 1033 266 :
1070 233 1133 276 Pet

252 289 340 323 hanc
361 287 528 322 adversum
551 284 698 319 Arianos
709 284 909 327 ίξιιιξιίίῑίιιιε
929 273 1131 324 Trinitatis,

252 351 309 384 per
330 338 423 372 istam
445 335 601 370 adversus
620 335 837 378 Nestorianos
860 334 956 369 dolos
987 335 1020 369 &
1045 346 1134 378 men-

252 387 359 427 tiendi
379 396 464 421 artes
486 387 664 421 affecurata
686 386 721 424 ὅ(
743 386 987 431 circumscripta
1018 384 1063 418 est
1085 395 1135 418 or-

255 436 408 473 thodoxa
443 436 592 479 dostrina
639 436 818 478 dominicae
862 434 1133 476 Incarnationis.

255 485 419 533 Qisquis
438 498 511 524 eam
523 488 643 532 refutat
656 512 667 528 ,
693 487 770 520 licet
783 486 894 525 forsan
919 486 1041 524 testum
1065 485 1132 518 sen-

251 537 334 579 tiat,
359 537 466 579 reddit
487 539 520 572 se
539 537 581 572 de
601 536 760 572 Nestorio
788 537 968 580 suspectum
982 561 989 568 .
1017 533 1132 569 Theo-

251 587 405 629 floretum
420 586 579 622 existimo
600 588 723 628 redium
743 585 936 621 credidisse:
964 584 1013 626 At
1043 585 1132 631 quod

251 649 370 678 vocem
391 649 473 677 verae
499 637 579 672 fidei
599 637 732 681 penitus
758 637 967 671 necessariam
990 660 1000 676 ,
1036 636 1071 673 δι
1093 635 1133 669 ab

247 673 414 741 ‘Ephelina
438 687 578 736 Synodo
604 699 642 721 ac
662 687 816 721 Romana
831 684 997 721 Cathedra
1023 685 1134 728 proba-

251 748 345 778 tam,
371 734 520 779 traducat
532 747 690 781 tanquam
706 737 936 782 peregrinam,
957 736 1132 778 suspestam

251 788 294 821 fle
315 779 529 832 Apollinario
545 811 556 827 ,
580 787 615 821 δε
629 786 853 824 scandalosam
866 810 877 826 ,
904 785 1014 819 referri
1036 784 1132 819 debet

249 838 289 871 in
310 837 448 878 laudata:
466 835 596 880 Synodi
619 836 859 884 deplorandum
875 834 1034 879 schisma,
1063 835 1134 869 suo—

249 898 317 931 que
327 887 405 925 loco
420 885 682 931 elucidandum.
708 887 824 930 Facit,
851 885 942 931 quod
964 885 1005 919 de
1025 896 1128 924 voce,

250 934 507 984 Confitbstantiale
517 961 529 977 ,
557 937 629 981 post
641 936 813 980 Nicaenam
825 937 929 972 fecere
937 934 1112 979 Eusebiani
1125 959 1134 974 ‚

245 986 287 1020 ὗε
307 985 398 1030 quod
420 984 522 1023 hodie
545 987 617 1030 post
637 986 874 1023 Tridentinam
897 984 1069 1030 synodum
1094 985 1134 1019 de

249 1047 336 1077 noce
355 1060 367 1076 ,
393 1035 680 1080 Tranficbstantiatio
702 1062 712 1078 ,
739 1038 866 1072 faciunt
892 1035 1081 1080 Calvinistae
1101 1036 1134 1069 &

250 1083 464 1121 Lutherani.
493 1086 620 1135 Verum
642 1089 678 1126 in
705 1088 845 1135 Synodo
868 1075 1131 1133 Chalcedonenfi

248 1136 293 1170 ad
318 1146 466 1171 mentem
493 1136 553 1172 ille
577 1137 674 1172 rediit
699 1161 711 1177 ,
738 1147 800 1172 nec
822 1137 906 1172 solas
930 1136 1135 1180 dogmaticas

250 1186 359 1221 Sancti
395 1176 522 1231 Leonis
559 1187 658 1232 Papae
682 1187 724 1221 ad
758 1188 913 1222 Sanc‘tum
939 1187 1133 1221 Flavianum

250 1223 664 1282 Constantinopolitanum
676 1235 879 1281 Episcopum
891 1261 902 1277 ,
923 1237 956 1271 &
967 1235 1009 1270 ad
1031 1237 1132 1280 ipsam

250 1285 426 1330 synodum
448 1286 592 1328 litteras,
619 1287 675 1322 sed
697 1288 731 1321 &
752 1287 917 1334 laudatam
940 1298 1057 1321 vocem
1081 1297 1135 1330 ge-

194 1362 201 1366 -
250 1335 446 1371 nerofiffime
464 1346 590 1371 tutatus
610 1336 677 1372 est:
704 1337 926 1378 Eandemista
947 1336 1014 1380 ipsa
1027 1337 1133 1379 Syno-

35 2855 37 2857 ’
79 2858 237 2899 Lrpliphe—

81 2901 131 2932 fin.
144 2902 234 2938 Cone.

79 2949 157 2978 §²3-

250 1385 333 1427 dus,
358 1386 513 1429 Synodus
534 1387 670 1431 quinta,
694 1387 887 1421 &Ecclefia
913 1387 1048 1421 tandem
1062 1386 1133 1420 uni-

248 1437 340 1470 versa
351 1436 473 1483 recepit
484 1446 645 1480 tanquam
656 1449 739 1472 verae
751 1437 831 1471 fidei
843 1437 1011 1481 regulam,
1036 1437 1070 1470 ὃς
1082 1447 1134 1470 co-

249 1485 402 1527 lumnam
410 1486 590 1531 gloriosam
601 1511 613 1528 ,
638 1488 675 1522 in
687 1498 750 1544 qua
762 1487 960 1522 Nestoriana
984 1486 1135 1529 impietas

248 1535 348 1570 mscn
351 1545 406 1578 pta
416 1535 654 1578 triumphatur

298 1585 401 1628 Supra
424 1594 535 1619 tamen
562 1584 731 1622 laudatum
751 1585 859 1628 Sancti
882 1585 1020 1630 Eulogii
1055 1583 1137 1626 Ale-

252 1634 429 1675 xandrini,
454 1635 488 1668 &
509 1634 642 1677 Josephi
666 1635 895 1673 Methonenfis
917 1634 1068 1672 Verbum
1091 1634 1135 1666 vi-

248 1683 345 1717 detur
354 1683 611 1727 intelligendum
622 1683 663 1723 de
676 1684 742 1718 sola
754 1684 898 1721 Ecclesia
910 1685 1022 1727 Graeca
1035 1708 1047 1724 ‚
1066 1695 1134 1718 non

248 1733 291 1767 de
302 1733 423 1767 Latina
435 1757 442 1764 .
469 1734 605 1774 Sanstus
617 1744 760 1776 namque
773 1735 980 1779 Augustinus
993 1758 1004 1773 ,
1031 1735 1135 1777 Syno-

248 1782 296 1817 do
323 1781 484 1826 Ephefina
498 1783 609 1826 prior,
634 1783 756 1830 affidue
779 1785 924 1828 inculcat
938 1785 1004 1820 Dei
1031 1785 1065 1818 &
1084 1783 1136 1821 ad„-

249 1833 371 1875 sumpti
403 1832 551 1867 hominis
587 1832 749 1873 unionem
776 1833 1001 1868 admirabilem
1037 1844 1135 1877 atque

249 1882 455 1917 ineffabilem
478 1883 596 1916 factam
608 1884 701 1917 fuiffe
733 1884 767 1916 in
781 1886 917 1927 persona
938 1884 978 1918 ad
987 1885 1136 1940 ‘personae

250 1934 445 1967 unitatem.
472 1932 517 1975 Et
541 1933 697 1976 antiquus
722 1933 952 1968 Tertullianus
986 1935 1020 1967 in
1048 1933 1135 1967 libro

250 1982 404 2017 adversus
414 1981 592 2027 Praxeam:
621 1985 764 2017 Videmus
776 1984 1062 2026 duplicemstatum‚
1076 1996 1134 2016 non

251 2032 426 2076 confusum,
441 2030 501 2078 sed
519 2033 707 2074 conjunelum
729 2040 762 2067 in
772 2046 833 2068 una
853 2033 1008 2077 persona,
1036 2037 1133 2067 Deum

250 2085 285 2117 (ς’
308 2082 455 2127 hominem
469 2081 599 2138 Jesum.
630 2083 879 2128 Elegantiffime
903 2077 1047 2127 ostendit
1070 2095 1136 2127 per

250 2133 401 2167 sonalem
423 2134 584 2178 unionem
607 2133 677 2167 fine
693 2135 809 2179 quavis
832 2136 951 2178 fastam
975 2134 1135 2169 confusio-

250 2195 295 2217 ne
315 2193 534 2218 naturarum.
576 2183 709 2220 Eodem
734 2185 838 2227 modo
859 2185 988 2228 antiqui
1012 2184 1135 2219 latino—

253 2245 327 2268 rum
360 2232 471 2277 Patres
499 2232 612 2276 paffim
643 2234 856 2278 loquuntur,
884 2234 1034 2276 adeoque
1062 2245 1135 2268 vere

249 2283 425 2318 Facundus
455 2283 704 2327 Hermianenfis
726 2284 838 2320 scribit
870 2285 1050 2327 innumeris
1076 2283 1134 2318 Pa-

250 2343 340 2368 trum
359 2333 558 2377 testimoniis
576 2335 745 2368 convictos
769 2335 1020 2378 Nestorianos,
1046 2332 1134 2378 quod

249 2384 386 2419 Deus&
397 2370 501 2417 homo
512 2383 703 2427 adsumptus
715 2385 779 2419 fuit
793 2397 858 2420 una
874 2385 1030 2429 persona
1059 2384 1135 2428 Por·

250 2434 289 2468 ro
309 2434 434 2467 laudati
446 2432 559 2477 Patres
578 2445 749 2478 nunquam
761 2445 818 2468 aut
840 2435 913 2468 rard
927 2444 1065 2468 utuntur
1079 2446 1137 2471 vo-

250 2494 313 2523 ce,
338 2472 544 2532 Subfistentia,
556 2482 610 2518 sed
623 2479 734 2526 pa'ffim
747 2496 854 2524 voce,
869 2484 1022 2528 Persona,
1036 2495 1133 2528 atque

251 2533 300 2568 ita
310 2533 395 2576 apud
409 2543 470 2574 nos
485 2538 554 2564 unio
565 2544 598 2565 m
604 2532 751 2582 persona
746 2534 790 2568 est
802 2534 889 2568 istud
902 2536 1008 2579 ipsum
1021 2560 1032 2576 ‚
1044 2534 1133 2579 quod

253 2583 374 2617 Graecis
382 2588 450 2625 unio
463 2588 496 2614 in
509 2581 660 2625 hypostast:
671 2584 748 2632 Qa
759 2596 839 2619 voce
851 2594 928 2620 ante
936 2584 1054 2628 Ephesi
1060 2596 1134 2618 nam

233 2622 428 2675 ¹Synodum
450 2632 501 2665 illi
525 2644 594 2666 non
619 2634 753 2667 fuerunt
780 2636 852 2668 ufi.
879 2634 962 2669 Earn
986 2647 1004 2668 e
1025 2636 1133 2670 Sancti

253 2683 414 2717 Celestini
427 2682 522 2725 Papae
542 2683 677 2717 litteris
669 2696 702 2717 ιιι
715 2685 864 2719 Graecam
882 2685 1034 2730 linguam
1048 2696 1135 2720 tran-

252 2732 347 2767 stulit
360 2734 495 2778 Sanc‘ius
507 2731 685 2788 Cyrillus,
710 2736 883 2780 omnisque
903 2736 1058 2791 Synodus
1079 2735 1135 2782 ad-

253 2782 423 2826 probavit

254 2835 260 2837 “
306 2832 407 2867 Reste
431 2832 575 2868 Aeacius
585 2834 794 2871 Berrhaeenfis
806 2836 1009 2880 Episcopus,
1036 2837 1135 2879 inlit-

252 2882 331 2917 teris
354 2883 395 2926 ad
407 2883 563 2925 Sanctum
585 2885 772 2928 Cyrillum,
800 2887 907 2930 arguit
921 2886 1134 2929 Nestorium,

253 2931 344 2977 quod
377 2933 497 2967 altiora
523 2935 555 2967 se
588 2947 754 2978 quaerem,
781 2936 983 2971 arcaniffima
1012 2960 1023 2982 ,
1048 2938 1132 2979 altis-

254 2984 338 3017 fimo
360 2983 516 3026 simplicis
538 2983 615 3021 fidei
647 2986 776 3019 silentio
797 2984 992 3028 honoranda
1013 3011 1025 3028 ,
1051 2987 1131 3021 divi-

255 3045 304 3068 nae
331 3032 572 3076 lncarnationis
599 3036 757 3078 Mysteria
782 3047 900 3081 cogere
937 3039 1136 3081 praesumpse-

254 3084 298 3118 rit
323 3083 364 3117 ad
397 3083 486 3128 leges
509 3083 660 3120 humanae
686 3086 852 3130 rationis
879 3087 1134 3131 Hypostaticam

254 3134 346 3168 enim
366 3133 486 3167 divinae
509 3134 543 3168 &
566 3132 718 3179 humanae
730 3146 849 3171 naturae
869 3137 1029 3172 unionem
1053 3138 1135 3182 dicit

254 3184 320 3219 effe
341 3183 595 3228 impoffibilem,
612 3175 710 3243 quod
721 3183 789 3220 haec
814 3186 909 3220 finita
932 3187 970 3221 fit
986 3211 998 3228 ,
1020 3188 1097 3223 illa
1089 3201 1137 3222 ιιι

253 3234 372 3277 finita,
397 3234 538 3277 ideoque
563 3236 650 3271 uniri
676 3234 807 3271 deberet
819 3237 1019 3282 partialiter,
1045 3238 1135 3282 quod

1909 119 2005 168 375

1198 183 1244 217 rei
1265 182 1457 227 impartibili
1477 182 1524 217 est
1551 182 1777 230 impossibile.
1804 188 1936 227 Deinde
1959 214 1970 230 ,
1996 200 2069 232 quae

1198 231 1403 277 hypostatice
1412 233 1593 276 uniuntur,
1615 234 1907 276 fimuletiamloco
1931 251 2069 282 moven-

1196 292 1271 322 tur,
1297 282 1445 329 adeoque
1455 284 1497 318 ad
1510 293 1631 327 naturae
1643 282 1793 321 humanae
1804 298 1932 331 motum
1943 290 2068 329 moveri

1197 332 1356 374 debuisset
1376 334 1412 366 δε
1424 333 1560 376 divina:
1587 334 1659 369 Aut
1669 334 1755 383 certe
1766 333 1910 382 humana
1920 325 1960 371 ad
1971 339 2070 373 instar

1197 383 1315 422 divinae
1338 382 1496 431 debuisset
1506 384 1569 425 esse
1580 373 1722 427 ubique
1751 384 1894 425 Tertio,
1920 375 2073 430 hyposta-

1197 433 1262 467 tica
1272 433 1353 467 unio
1367 457 1378 473 ‚
1404 433 1492 477 quod
1504 432 1683 481 hypostasis
1702 435 1734 469 ὅ(
1748 444 1861 470 natura
1886 435 1947 469 fint
1959 436 2046 470 idem
2058 463 2072 479 ‚

1195 473 1252 517 est
1251 483 1333 517 unio
1345 483 1381 516 in
1391 494 1493 518 unam
1504 494 1677 527 naturam,
1704 484 1853 534 adeoque
1863 485 1972 533 palam
1983 497 2073 531 error

1195 533 1432 568 confundentis
1444 509 1684 592 Appollinarii.

1245 582 1379 628 Nempe
1396 585 1530 629 antiqua
1551 583 1620 619 haec
1641 586 1717 619 sunt
1726 585 1934 630 gentilium·
1924 599 1959 620 in
1972 578 2073 621 fidem

1198 634 1342 672 nostram
1364 643 1588 678 nugamenta,
1615 645 1651 669 ut
1672 636 1777 679 liquet
1794 648 1840 670 ex
1862 637 1977 671 litteris
1995 639 2074 677 San*

1194 684 1237 717 sti
1251 683 1452 730 Augustini,
1479 683 1608 719 abunde
1619 697 1656 720 ea
1667 687 1861 729 refutantis,
1886 686 1929 726 ad
1949 687 2078 727 Darda·
2092 684 2176 723 Epist.
2183 695 2227 722 57

1197 745 1275 767 num
1298 734 1332 767 ὃς
1354 726 1594 778 Volusianum.
1622 736 1706 769 Sunt
1719 734 1882 774 hodierna
1905 748 2000 781 nug&
2018 748 2072 776 eo-
2092 724 2207 764 EP¹st·3·

1196 795 1266 817 rum
1278 782 1641 830 Lutheranorum,quos
1651 785 1762 828 passim
1770 786 1910 828 dicimus
1919 786 2071 831 Ubique-

1198 835 1298 867 tarios
1310 859 1318 867 .
1344 834 1435 868 Nam
1446 835 1480 869 &
1493 833 1543 868 his
1554 834 1677 878 placuit
1688 834 1828 875 vetustas
1838 836 2015 879 gentilium
2035 838 2071 871 δε

1196 884 1469 926 Nestorianorum
1479 885 1588 920 sordes
1598 910 1609 926 ‚
1627 883 1694 928 jam
1707 884 1832 928 pridem
1842 885 1876 921 in
1889 886 2018 931 inferno
2030 888 2075 920 se-

1197 933 1302 976 pultas
1314 957 1324 973 ‚
1347 945 1498 969 revocare
1521 934 1557 969 in
1567 946 1673 969 aerem
1682 935 1875 973 Romanum
1886 961 1893 968 .
1922 935 2074 976 Eandem

1197 985 1412 1018 temeritatem
1426 986 1460 1018 in
1485 985 1652 1029 Elipando
1666 983 1949 1030 Archi-Episcopo
1971 985 2075 1020 Tole-

1198 1043 1278 1068 tano
1298 1035 1438 1078 graviter
1459 1045 1553 1069 notat
1575 1036 1730 1078 Synodus
1753 1035 2071 1070 Francofordienfis.

1198 1083 1300 1118 Recie
1319 1083 1395 1118 vero
1406 1085 1578 1128 respondet
1600 1086 1735 1119 sanetus
1759 1086 1904 1129 Cyrillus
1928 1087 1964 1120 in
1986 1087 2074 1120 libro
2093 1108 2115 1139 Ρ

1197 1133 1373 1178 duodecim
1394 1133 1626 1180 Capitulorum
1646 1136 1891 1179 explanatorio:
1918 1136 2074 1176 Nestorius

1197 1185 1242 1221 ad
1268 1182 1433 1227 priscorum
1465 1183 1687 1230 qurisaeorum
1723 1187 1888 1228 exemplum
1922 1188 2074 1220 adversus

1197 1233 1386 1279 Christumse
1396 1240 1509 1278 erigit,
1529 1243 1730 1279 proterveque
1741 1236 1944 1280 vociferatur.
1965 1236 2074 1271 CUR

1197 1283 1275 1319 TU
1303 1308 1315 1324 ,
1351 1285 1467 1320 CUM
1503 1285 1654 1321 HOMO
1692 1286 1753 1320 SIS
1778 1312 1788 1327 ‚
1824 1286 1958 1334 FACIS
1993 1286 2076 1320 TE-

1198 1334 1349 1372 IPSUM
1372 1335 1525 1370 DEUM
1547 1336 1560 1373 ἓ
1598 1335 1636 1369 ln
1659 1336 1744 1370 libro
1769 1336 1810 1370 ad
1844 1335 2075 1370 Theodofium

1197 1383 1385 1428 Augustum
1407 1384 1489 1419 dicit
1500 1397 1576 1422 eum
1597 1397 1675 1420 cum
1696 1388 1859 1420 ιιοὲὶιιιιιο
1882 1386 2075 1426 Nicodemo

1197 1444 1357 1477 ‚quaererez
1383 1436 1535 1478 ,Quomodo
1554 1436 1670 1484 possunt
1691 1435 1755 1469 baec
1771 1435 1864 1477 fieri?
1891 1437 1934 1469 Et
1958 1436 2075 1469 addit:

1198 1484 1383 1524 Valeant'de
1396 1485 1472 1527 liria
1486 1508 1497 1523 ‚
1514 1484 1663 1526 facessant
1682 1483 1812 1530 infirmae
1832 1485 1878 1517 ad
1893 1483 2081 1527 persuaderi&

2093 1066 2176 1104 Epist
2180 1077 2210 1105 3·

2117 1105 2177 1150 raef

1198 1532 1419 1574 dumfabulaes
1445 1532 1693 1576 opinionesfalsae
1707 1558 1717 1574 ‚
1738 1533 1969 1576 phaleratarum
1995 1545 2081 1567 vocu-
2099 1523 2191 1563 0²3?

1197 1584 1296 1624 larum
1321 1583 1488 1627 imposturae
1504 1597 1514 1616 :
1541 1582 1636 1624 Nihil
1651 1589 1730 1616 enim
1743 1608 1753 1623 ,
1779 1585 1862 1626 quod
1870 1585 2082 1618 detrimentum

1199 1631 1322 1673 adferre
1328 1633 1412 1672 poffit
1424 1655 1435 1671 ,
1461 1634 1652 1669 admittimus
1668 1657 1678 1673 ,
1694 1633 1810 1675 etiamst
1816 1632 1988 1677 adversarii
1997 1646 2082 1668 exer-

1198 1682 1368 1721 citatiffimis
1393 1680 1614 1723 acerrimisque
1633 1681 1840 1724 quaestionibus
1863 1695 1916 1716 nos
1936 1682 2083 1727 pulsave-

1198 1737 1260 1766 rint
1272 1731 1293 1763 .’
1307 1730 1362 1771 Est
1389 1738 1468 1764 enim
1479 1734 1629 1773 Divinum
1647 1731 1699 1773 hac
1709 1732 1836 1773 nostrum
1856 1735 2082 1767 sacramentum

1199 1793 1257 1814 non
1269 1786 1301 1813 in
1308 1779 1547 1823 persuafibt'libus
1558 1780 1867 1825 humanaesapientiae
1879 1783 1981 1816 verbis
1993 1808 2004 1821 ,
2025 1782 2084 1826 sed

1199 1838 1231 1871 in
1241 1833 1373 1874 Spiritus
1382 1830 1532 1875 ostenfione
1538 1831 1661 1873 pofitum
1675 1857 1682 1862 .
1711 1831 1753 1872 Et
1767 1844 1882 1866 omnes
1892 1843 2084 1877 argumenta-

1199 1886 1316 1920 tiones,
1342 1881 1450 1923 quibus
1464 1886 1549 1923 impii
1558 1881 1685 1922 nostram
1690 1880 1851 1923 simplicem
1872 1883 1966 1925 fidem
1979 1884 2016 1917 de
2027 1890 2082 1917 via

1198 1931 1279 1966 ret‘Ja
1288 1940 1435 1964 conantur
1444 1940 1604 1971 avertere,
1624 1931 1655 1973 fi
1661 1937 1739 1965 ratIo
1750 1932 1884 1978 re’futare
1898 1945 1956 1966 non
1964 1934 2080 1977 poffet,

1194 1981 1274 2037 fides
1295 1982 1421 2015 irridere
1444 1981 1580 2027 deberet.
1609 1972 1838 2028 Hypostaticae
1847 1992 1958 2018 tamen
1984 1984 2081 2018 unio-

1200 2031 1254 2070 nis
1283 2030 1528 2074 possibilitatem
1559 2031 1727 2075 eleganter
1761 2032 1906 2068 elucidat
1942 2035 2079 2069 Sanetus

1199 2080 1406 2127 Augustinus
1439 2082 1472 2114 in
1497 2081 1613 2125 litteris
1644 2081 1685 2116 ad
1710 2082 1859 2125 nobilem
1879 2083 1987 2118 virum
2010 2083 2080 2119 Vo-

2101 1867 2201 1905 Aug..1
2208 1845 2253 1908 ιιζ

2099 1906 2134 1938 de
2148 1909 2242 1938 Civit0

2068 1958 2124 1979 ’.ε
2138 1957 2181 1983 17·

1200 2131 1361 2165 lufianum
1384 2143 1391 2162 :
1418 2133 1464 2164 Sic
1492 2132 1617 2173 quidam
1638 2133 1727 2165 reddi
1741 2132 1798 2173 sibi
1818 2138 1964 2178 rationem
1994 2134 2081 2178 flagi·
2100 2138 2188 2181 Epist.
2179 2149 2218 2177 ..3

1198 2191 1284 2223 tant,
1313 2181 1454 2223 quomodo
1475 2184 1559 2214 Deus
1579 2180 1871 2223 bominipermixtus
1884 2182 1948 2224 fit,
1972 2193 2007 2217 ut
2017 2196 2081 2218 una

1194 2231 1281 2274 fieret
1296 2230 1424 2275 persona
1445 2230 1580 2271 christi,
1606 2243 1670 2264 cum
1697 2232 1748 2265 hoc
1769 2231 1865 2276 semel
1871 2233 1939 2274 fieri
1949 2242 2080 2275 oportue-

1198 2288 1262 2322 rit,
1287 2281 1373 2325 quasi
1387 2286 1531 2322 rationem
1551 2280 1608 2323 ipſs
1623 2282 1757 2315 reddant
1782 2284 1820 2316 de
1842 2293 1874 2316 re
1885 2306 1896 2322 ,
1922 2295 1990 2326 quae
2011 2296 2080 2327 quo-

1197 2333 1272 2366 tidie
1285 2331 1326 2374 fit
1337 2357 1347 2374 ,
1374 2333 1515 2374 quamodo
1528 2329 1684 2374 misceatur
1696 2338 1800 2365 anima
1812 2338 1942 2374 corpori,
1971 2343 2006 2367 ut
2017 2346 2081 2368 una

1195 2381 1323 2426 persona
1340 2381 1401 2424 fiat
1413 2381 1559 2414 bominis.
1587 2381 1752 2424 Namficut
1761 2389 1793 2415 in
1804 2388 1921 2417 unitate
1941 2382 2082 2427 persone

1198 2438 1302 2466 am'ma
1321 2438 1424 2471 unitur
1446 2436 1582 2472 corpori,
1608 2440 1642 2465 ut
1665 2431 1747 2466 bomo
1751 2432 1813 2474 fit,
1838 2440 1883 2466 ita
1904 2440 1937 2466 in
1958 2439 2079 2468 unitate

1192 2481 1328 2526 personae
1340 2485 1421 2526 Deus
1432 2487 1534 2523 unitur
1544 2481 1655 2524 bomin}
1669 2506 1680 2522 ,
1703 2492 1738 2523 ut
1751 2482 1885 2525 Christus
1889 2482 1929 2524 fit
1940 2509 1946 2516 .
1971 2483 2034 2518 Ait
2046 2484 2081 2519 se

1199 2533 1289 2577 loqui
1313 2531 1355 2566 de
1379 2532 1523 2566 mixtura
1544 2532 1746 2575 confusionis
1765 2542 1918 2576 experte,
1946 2533 2081 2577 Deique

1200 2582 1348 2622 Verbum
1377 2581 1598 2628 principaliter
1620 2581 1751 2624 unitum
1772 2583 1834 2617 effe
1860 2583 1901 2626 ad
1911 2583 2083 2624 animam,

1197 2633 1237 2667 ad
1253 2644 1371 2676 corpus
1395 2643 1462 2665 non
1485 2631 1543 2664 nifi
1565 2632 1708 2673 excausa
1730 2633 1864 2673 animae5
1891 2633 1927 2665 ὃς
1950 2633 2079 2676 pergit:

1198 2687 1336 2716 Duarum
1367 2693 1468 2726 rerum
1500 2687 1737 2723 incorporearum
1757 2687 1923 2721 commixtio
1948 2682 2079 2723 facilius

1196 2735 1274 2767 credi
1297 2732 1400 2775 debuit
1422 2756 1432 2772 ,
1458 2733 1551 2774 quam
1575 2737 1664 2763 unius
1686 2738 1862 2773 incorporeae
1896 2733 1930 2765 (θ’
1952 2733 2080 2765 alterius

1196 2792 1358 2826 corporeae:
1385 2786 1425 2814 Ac
1431 2789 1488 2823 per
1497 2780 1548 2814 boc
1558 2779 1648 2817 Verbi
1661 2784 1718 2814 Dei
1748 2783 1902 2814 &animae
1912 2782 2079 2814 credibilior·

1197 2834 1300 2868 debuit
1332 2832 1382 2875 effi*
1401 2836 1565 2874 permixtio
1578 2855 1588 2871 ‚
1613 2833 1706 2873 qudm
1725 2836 1838 2875 anima,²
1871 2832 1906 2865 (θ’
1927 2837 2076 2873 corporis.

1196 2886 1256 2918 Sed
1274 2883 1325 2916 hoc
1344 2888 1377 2915 in
1402 2881 1485 2922 nobis
1508 2879 1575 2923 ipfis
1598 2888 1788 2922 experimur,
1816 2882 1895 2919 illud
1917 2886 1949 2915 in
1961 2880 2079 2922 cbristo

1198 2935 1314 2968 credere
1328 2931 1487 2974 jubemur.
1515 2933 1546 2974 51¹
1557 2940 1658 2974 autem
1679 2941 1836 2976 utrumque
1846 2931 1930 2977 nobis
1952 2937 2077 2976 pariter

1197 2990 1386 3026 inexpertum
1407 2982 1585 3015 credendum
1604 2987 1818 3026 praeciperetur
1844 3006 1855 3022 ‚
1880 2983 1955 3024 quid
1974 2981 2077 3015 horum

1196 3036 1283 3069 citius
1305 3032 1510 3075 crederemus?
1539 3030 1642 3074 Haud
1654 3031 1753 3074 dubie
1773 3031 1915 3066 duorum
1927 3032 2077 3075 incorpo-

1198 3095 1327 3119 reorum
1359 3083 1518 3124 unionem
1539 3106 1547 3113 .
1575 3080 1704 3127 Eodem
1740 3092 1936 3127 argumento
1972 3082 2253 3126 utitur1..10.c.29.

1199 3136 1232 3169 in
1256 3133 1348 3168 libris
1358 3133 1400 3167 de
1410 3132 1542 3166 civitate
1553 3130 1618 3164 Dei
1634 3156 1640 3161 .
1669 3131 1712 3164 Et
1725 3133 1859 3174 Sanctus
1878 3132 1950 3166 Leo
1962 3130 2077 3165 Ponti·
2096 3129 2179 3167 epist.
2191 3140 2234 3159 Η·

1199 3188 1254 3231 fex
1265 3185 1301 3224 in
1313 3183 1430 3218 litteris
1441 3181 1481 3217 ad
1493 3179 1660 3224 Iulianum
1673 3182 1875 3226 Episcopum
1887 3182 2053 3217 Coensem
2070 3205 2078 3225 ς

1917 3530 2032 3572 TER-
