2346 3776
60 469 122 504 nb.
133 474 161 502 6.

61 1530 143 1560 Here
149 1525 167 1558 Γ.

61 1575 106 1604 50·
112 1577 139 1599 c.
145 1579 156 1598 1
163 1590 169 1597 .

651 153 1096 215 DissnRTATio
1146 152 1569 215 PnooefflAms.

194 243 304 281 Porro
323 240 462 290 Agelius
470 249 528 285 per
538 237 755 284 quadraginta
764 247 871 273 annos
883 237 947 271 fuit
968 237 1078 275 Nova-

196 295 393 331 tianenfium
413 289 500 336 apud
531 287 861 333 Constantinopolim
887 287 1088 337 Episcopus.

194 344 308 390 Hocest
319 368 331 386 ,
355 341 466 388 inquit
478 339 569 376 idem
578 340 723 385 Scriptor
733 363 745 381 ,
769 353 790 372 a
802 336 988 382 Coistantini
1009 340 1089 402 tem-5²

191 395 319 436 panibus
331 391 427 437 usque
446 392 491 425 ad
504 390 628 438 sextum
648 401 762 424 annum
781 393 905 431 Imperii
923 369 1089 453 Theodofii.{

199 443 308 480 Addit
316 443 504 479 Paxensem
522 440 698 486 Synodum
715 440 779 475 effe
798 439 916 474 factam
932 438 991 474 sub
1014 427 1088 474 Va-¹

57 520 120 551 “p
124 522 161 549 ²4
194 493 294 530 lentis
303 492 459 538 Imperio.
483 491 589 542 Qod
601 492 708 537 ipsum
716 482 827 554 scribit
841 489 996 525 Hermias
1014 490 1087 525 Ζο-

193 555 361 580 zomenus.

241 592 401 629 Notanda
423 592 500 629 sunt
519 574 664 629 Socratis
684 588 809 626 verba:
834 588 901 622 Illis
924 614 936 630 ,

185 693 239 737 la‘ae
249 693 362 737 averfis
372 696 439 736 ejus
452 697 666 733 Commuuione
681 695 730 725 utI
732 689 904 733 permissum
914 688 960 730 est.
984 691 1070 724 Her-

193 744 279 779 mias
298 745 513 780 Zozomenus
528 743 575 779 est
595 741 766 777 lucidior.
793 744 865 773 Non
876 741 967 773 aliter
988 749 1077 782 atque

191 797 332 829 Romana
353 793 481 836 Ecclefia
497 793 561 836 post
581 789 812 835 AEqutnofflum
830 789 1078 831 vernum,istum

187 845 270 886 diem
291 844 411 885 Festum
431 852 497 877 tum
515 841 578 886 ipse
605 842 783 882 Novatus,
809 849 873 874 tum
883 842 950 882 ejus
968 837 1088 884 succes?

182 892 266 938 stret
288 892 379 937 usque
389 897 421 928 eo
441 893 627 931 celebrarunt
639 916 651 933 ,
676 892 790 935 quo-ad
805 891 933 933 quidam
944 896 977 923 in
988 889 1078 930 Pbry-

181 949 239 988 εἷα
257 947 432 977 Novatiaeni
447 941 599 986 Episwpi·
610 948 645 976 in
667 946 770 975 Vicum
793 944 916 974 Gazam
928 939 1056 983 profelli
1067 940 1087 980 ‚'

188 998 334 1036 quoniam
353 993 390 1027 ob
412 992 491 1033 banc
507 1004 572 1030 rem
589 999 685 1027 etiam
705 992 874 1032 cumillis,
900 997 952 1034 qui
972 990 1077 1023 dodlri-

186 1045 231 1076 σᾶ
249 1042 288 1076 ab
308 1041 376 1086 ipfis
403 1043 619 1087 dm‘entirent,
644 1048 856 1076 communicare
877 1041 1042 1074 renuebant
1065 1064 1076 1081 ‚

188 1093 287 1137 Iegem
307 1094 474 1135 tulerunt,
498 1102 534 1127 ut
554 1094 633 1126 diem
653 1091 773 1133 Festum
797 1090 970 1135 Pafitbatis,
979 1091 1076 1124 eodem

184 1151 349 1184 tempore,
373 1154 430 1186 quo
454 1144 571 1188 Judaei
599 1151 730 1186 agerent.
771 1141 812 1175 In
838 1140 983 1175 Panario
1008 1141 1077 1174 san-

186 1193 258 1227 &us
278 1192 484 1240 Epiphanius
504 1192 729 1228 Montanistas
748 1189 925 1244 distinguit
948 1179 983 1223 in
1014 1189 1076 1224 Ca-

183 1240 380 1288 tii-Phryges
399 1243 436 1279 ὃς
452 1241 674 1285 Pepuzianos,
699 1239 762 1273 hos
792 1239 894 1279 etiam
918 1239 1066 1286 Qiintil-

184 1292 293 1327 lianos
314 1293 334 1327 a
358 1286 550 1339 Qintilla,
575 1292 610 1324 δε
634 1290 654 1323 a
678 1287 828 1322 Priscilla
851 1287 1076 1323 Priscillianus

162 1352 167 1353 ⁷
187 1341 352 1386 appellat,
377 1352 474 1385 atque
496 1339 728 1384 prosequitur:
759 1340 815 1370 Ex
835 1343 876 1371 iis
889 1338 1007 1372 duabus
1031 1346 1076 1372 in-

187 1400 236 1427 ter
252 1389 288 1435 Je
308 1390 463 1432 commistis
484 1390 578 1424 Sedis
599 1401 680 1423 nova
694 1389 836 1432 quaedam
856 1388 981 1430 conflata
1001 1388 1039 1430 est
1063 1412 1075 1428 ,

186 1443 223 1477 (θ’
246 1447 278 1476 in
295 1441 406 1475 orbem
426 1439 618 1480 introducta,
643 1439 984 1482 quarta-decimanorum
1007 1445 1075 1473 Hae-

186 1490 265 1532 refis.
304 1485 482 1536 Plerosque
513 1488 697 1524 orthodoxi
716 1488 896 1532 Dogmatis
919 1485 1079 1522 articulos

186 1542 325 1579 affirmat
347 1541 389 1576 ab
408 1541 483 1585 ipsis
502 1539 636 1575 admitti
658 1563 669 1579 ,
698 1537 932 1582 &subjungitz
960 1539 1074 1571 Sedin-

186 1601 233 1626 ter
252 1589 317 1625 baec
334 1600 437 1629 tamon
449 1602 507 1626 non
519 1591 659 1625 mediocri
668 1589 843 1622 calamitate
854 1588 1074 1630 consiliantur,

184 1644 219 1676 ιδ
238 1642 321 1685 quod
338 1642 376 1676 id
389 1642 470 1684 quod
488 1646 522 1673 in
547 1643 625 1684 Lege
639 1637 790 1682 scriptum
811 1637 850 1679 cli
870 1663 882 1678 ,
911 1640 1075 1680 perperam

185 1697 354 1733 accipiunt:
382 1690 567 1725 Matidiam
589 1695 641 1734 qui
662 1687 834 1730 nonfecerit
858 1686 975 1731 Pascha
984 1698 1073 1731 quar-

187 1741 351 1776 eci-decima
361 1741 410 1775 dle
420 1739 523 1781 mensis
536 1753 547 1774 .·
559 1739 629 1773 Hic
641 1737 797 1779 articulus
806 1749 875 1772 non
886 1737 931 1772 est
942 1737 961 1770 a
972 1738 1074 1771 Mon-

185 1790 260 1826 tani
281 1790 460 1825 paracleto.
498 1788 632 1824 Etenim
647 1788 717 1830 ejus
748 1787 979 1822 Tertullianus
1005 1798 1073 1822 non

187 1841 342 1876 meminit
355 1865 366 1882 ‚
394 1851 455 1875 nec
475 1840 535 1874 alii
560 1848 681 1874 veteres
705 1837 796 1872 istius
815 1836 1075 1872 Pseudo-charis-

188 1891 286 1927 matis
309 1891 488 1925 Sestatores
508 1899 566 1924 aut
593 1889 852 1934 Impugnatores.
888 1887 1076 1923 Montanus

187 1939 248 1978 sub
267 1941 367 1975 sant'ti
390 1939 529 1977 Aniceti
547 1939 752 1974 Pontificatu
784 1937 939 1973 laceravit
962 1937 1077 1973 Eccle-

187 1990 286 2029 siam:
313 1991 407 2027 Dum
429 1990 585 2027 Romana
597 1988 741 2023 Ecclesia
752 1985 934 2023 Asiaticam
943 1988 985 2023 ad
1003 1988 1076 2023 Pas-

186 2039 252 2076 cha
272 2040 327 2076 die
356 2040 543 2077 Dominico
574 2038 806 2074 celebrandum
831 2039 923 2085 caepit
950 2050 1076 2085 urgere.

185 2091 343 2127 Successit
364 2092 465 2126 santii
486 2089 630 2125 Victoris
661 2090 696 2124 in
729 2088 869 2123 eandem
901 2087 988 2123 hanc
1015 2089 1076 2123 Ec-

185 2140 315 2179 clesiam
333 2140 476 2177 duritia:
504 2138 557 2174 Ac
569 2138 703 2174 tandem
714 2138 782 2182 jam
794 2138 964 2173 laudatum
974 2138 1076 2174 Adia-

186 2189 308 2235 photiae
337 2191 526 2225 Decretum.
576 2189 620 2224 Et
653 2188 866 2225 Montanistae
902 2189 1074 2233 praesertim

186 2241 412 2287 grassabantur
443 2242 479 2275 in
510 2238 657 2285 Phrygia
677 2263 687 2279 ‚
724 2238 902 2275 Provincia
924 2239 1075 2274 Asiaticae

185 2291 377 2326 Diaeceseos.
415 2292 510 2325 Hinc
545 2290 658 2335 passim
688 2289 844 2325 dicuntur
875 2287 1075 2332 Cata-Phry-

185 2352 251 2386 ges.
289 2342 366 2376 Hos
393 2342 582 2377 animarunt
617 2340 677 2374 ista
699 2339 862 2374 discordia
885 2363 896 2379 ‚
923 2338 1074 2383 istudque

186 2391 384 2426 Decretum:
413 2392 465 2427 Ex
490 2390 568 2425 inde
581 2399 741 2434 caeperunt
751 2389 1073 2425 ansamcalumnian-

184 2440 221 2475 di
240 2451 375 2475 omnem
398 2440 582 2477 Ecclesiam.
609 2441 777 2474 Dixerunt
810 2441 990 2474 Decretum
1013 2439 1072 2473 Di-

185 2490 272 2525 vinae
291 2502 329 2525 ac
359 2489 557 2534 Apostolicae
578 2490 660 2535 legis
679 2490 742 2524 effi:
750 2490 1042 2534 praevaricatorium
1055 2514 1067 2530 ‚

185 2539 334 2584 adeoque
349 2540 382 2575 <Sc
406 2538 583 2574 Asiaticam
607 2540 642 2574 &
672 2539 861 2574 Romanam
893 2539 1070 2574 Ecclesiam

184 2590 329 2625 omnino
355 2590 571 2633 Apostataffe.
608 2589 652 2624 Et
671 2590 712 2624 fic
723 2589 883 2624 Montani
897 2589 1070 2625 Erroribus

187 2650 310 2678 novam
331 2640 527 2675 addiderunt
547 2639 686 2674 haeresim
697 2663 708 2681 ‚
733 2640 767 2674 &
785 2641 862 2675 faeti
885 2641 962 2675 sunt
972 2638 1069 2675 haere-

186 2689 245 2723 tici
270 2689 573 2733 quarto-decimani.
736 2713 741 2716 -

236 2738 341 2775 Porro
362 2740 572 2776 Montanistae
591 2751 629 2774 ac
651 2739 911 2776 Novatianenses
938 2741 1070 2775 fuerunt

188 2789 301 2832 vulpes
321 2789 482 2834 colligatae
506 2790 709 2834 pei-‚caudas
748 2790 798 2824 Hi
819 2790 1068 2825 Idololatricum

186 2839 330 2883 Lapsum
344 2863 355 2879 ,
386 2839 438 2873 isti
451 2839 624 2875 Maechiam
636 2839 817 2874 docuerunt
827 2841 890 2875 esse
899 2852 1068 2884 peccatum

187 2889 401 2923 irremissibile
423 2900 478 2932 per
497 2890 614 2924 claves
627 2890 785 2924 Ecclesiae.
803 2889 925 2937 =Atque
936 2891 981 2925 ita
991 2903 1068 2925 con-

186 2938 304 2981 junffis
326 2939 481 2973 cornibus
504 2939 681 2974 Ecclesiam
714 2940 899 2974 arietarunt.
941 2941 1067 2976 Verum

189 2988 267 3023 solis
274 2988 385 3023 caudis
398 3013 408 3029 ‚
436 3000 643 3033 nequaquam
658 2989 817 3032 capitibus
827 2990 1065 3035 jungebantur:

187 3039 260 3073 Sese
280 3038 398 3073 mutuo
418 3039 563 3073 oderant.
601 3039 644 3072 Et
665 3038 736 3073 odii
757 3039 991 3085 radixtandem
1002 3042 1066 3076 fuit

187 3088 257 3123 sola
274 3088 440 3123 Paschalis
453 3088 649 3123 Festivitatis
670 3088 842 3124 diversitas.
871 3091 1005 3125 Etenim
1031 3091 1066 3125 li-

187 3148 240 3172 cet
260 3139 411 3174 Novatus
432 3140 466 3172 in
485 3138 624 3173 exordio
644 3138 814 3174 tradiderit
834 3140 936 3174 solam
957 3140 1066 3175 Idolo-

188 3186 314 3223 latriam
332 3191 394 3224 esse
415 3188 664 3224 irremissibilem
684 3213 696 3230 ,
722 3188 897 3232 postmodo
916 3200 1027 3225 tamen
1055 3215 1065 3231 ‚

189 3246 246 3270 aut
268 3237 336 3281 ipse
358 3249 414 3274 aut
433 3239 501 3282 ejus
512 3239 837 3285 Sestatoresrigorem
846 3239 1065 3275 extenderunt

189 3285 232 3320 ad
242 3297 341 3322 omne
351 3290 474 3323 crimen
486 3314 496 3330 ‚
522 3300 620 3333 atque
639 3291 685 3323 ita
705 3289 789 3323 inter
813 3289 899 3332 ipsos
919 3290 1074 3327 &Mon-v

189 3336 324 3371 tanistas
343 3338 404 3372 fuit
413 3339 543 3375 modica
556 3339 718 3374 distantia.
747 3339 840 3373 Hinc
852 3338 985 3374 tandem
995 3341 1066 3384 quiss

188 3385 269 3420 dam
282 3387 574 3424 Novatianenfium
595 3390 630 3423 in
650 3388 795 3433 Phrygia
817 3389 972 3433 Episcopi
983 3391 1065 3425 fece

190 3445 267 3469 runt
289 3436 462 3472 Pazensem
471 3439 643 3483 Synodum
663 3452 676 3481 ,·
699 3440 932 3482 resumpserunt
943 3441 1063 3475 avitam

189 3485 340 3520 Afiaticae
371 3486 520 3523 Ecclefiae
550 3489 821 3524 consuetudinem
843 3513 853 3529 ‚
889 3489 964 3524 fasti
990 3491 1063 3525 sunt

189 3535 507 3583 Q1arto-Dec1mani
529 3563 540 3580 ‚
565 3542 662 3584 atqu'e
684 3540 728 3574 ita
748 3551 823 3575 cum
849 3540 1063 3576 Montanistis

192 643 323 689 Phrygia
333 655 440 678 nonnen
460 643 502 678 ab
521 654 553 678 eo
565 641 748 681 ducebant,
771 639 840 673 licet
859 640 880 671 ἃ
894 639 958 682 fide
970 595 1079 675 ᾳΕαζιὲζ
1086 655 1087 659 ’

1114 1091 1117 1117 ³
1137 1089 1266 1122 colenda
1276 1114 1288 1130 ,
1312 1089 1352 1122 ab
1363 1089 1492 1138 Ecclefia
1500 1091 1604 1130 recfft
1614 1115 1625 1131 ‚

1114 1156 1116 1186 ἶ
1137 1139 1331 1178 mysteriorum
1344 1143 1552 1174 Communione
1561 1141 1700 1183 indignos
1709 1139 1846 1184 censebat
1872 1165 1883 1180 ,
1903 1149 2026 1183 perma-

1949 186 2022 229 ⁸73

1142 238 1366 275 coaluerunt·
1356 250 1393 275 in
1413 238 1942 285 unam‚n0neommun10nem,
1968 244 2026 281 sed

1143 291 1379 325 confusionem.
1404 289 1586 325 Decretum
1603 313 1616 331 ,
1641 289 1733 334 quod
1753 288 1905 326 adversus
1926 293 2027 330 Adia-

1140 337 1291 384 phoriam
1310 340 1329 374 a
1347 341 1459 379 sansto
1480 339 1619 375 Victore
1638 340 1672 374 δε
1694 339 1875 384 Polycrate
1905 344 2026 377 consti-

1144 399 1273 432 turam,
1291 388 1536 435 Cata-Phryges
1546 391 1714 432 fecerunt,
1742 389 1886 430 omnino
1912 392 2028 435 proba·

1141 450 1218 474 runt
1237 450 1334 484 atque
1346 439 1557 475 admiserunt.
1579 441 1685 476 Lucet
1694 453 1737 478 ex
1747 440 1924 477 subsecutis
1934 441 2029 477 Actis

1140 488 1290 525 sabbatii
1311 489 1526 531 Presbyteri,
1551 490 1594 526 de
1615 502 1684 534 quo
1719 491 1888 527 Socrates:
1915 493 2027 527 sabba-
2049 487 2106 518 Lib.
2118 491 2166 537 5³¹

1142 546 1205 574 tius
1224 541 1349 582 quidam
1368 551 1407 575 ex
1420 541 1543 585 Judaeo
1565 539 1673 585 fac‘lus
1694 540 1885 582 christianus
1906 566 1918 583 ‚
1945 544 1980 578 ὁ*
2005 544 2027 577 ἃ
2048 537 2164 567 C³P⁸²⁸'

1142 593 1295 624 Marciano
1315 588 1431 636 Agelii
1459 590 1496 624 in
1526 590 1810 626 Novatianensem
1837 592 2027 628 Constanti-

1144 640 1305 684 nopoleos
1324 640 1562 685 Episcopatum
1579 640 1785 687 successore,
1809 643 1855 675 ad
1875 642 2029 683 Presbyte-

1141 695 1180 723 rii
1200 691 1379 735 dignitatem
1399 691 1519 725 evec‘lus
1543 715 1554 730 ‚
1579 689 1772 724 nibilominus
1794 693 1944 735 Judaicae
1970 697 2028 726 Re-

1142 741 1239 783 ligioni
1258 739 1378 783 Jervire
1405 740 1565 775 laboravit.
1602 742 1694 785 ,Quin'
1710 746 1802 774 etiam
1822 740 2026 784 Episcopatu«¹

1141 791 1305 831 cupiditate
1323 789 1458 834 incensus
1471 790 1547 833 fuit.
1585 795 1691 834 Itaque
1711 790 1818 824 nauus
1838 791 1913 824 duos
1936 794 2026 825 Pres-

1142 839 1251 878 byteros
1265 865 1276 880 ,
1302 839 1493 881 Theoc‘listum
1513 842 1549 875 (9
1569 844 1739 875 Macarium
1761 864 1772 882 ,
1794 839 1860 884 ficte
1879 842 2030 884 cupidita-

1143 894 1185 922 tis
1205 891 1359 931 adjutores
1381 915 1393 931 ‚
1417 899 1536 933 tempus
1568 892 1602 925 (ν
1633 902 1742 925 morem
1764 890 1923 935 Pafhbatis
1945 890 2028 931 Festi

1140 938 1332 980 celebrandi,
1359 947 1410 983 qui
1430 947 1463 974 in
1485 943 1566 975 Pazo
1588 947 1652 975 vico
1674 940 1809 985 Phrygtae
1830 943 1851 974 ἃ
1874 946 2028 976 Novaria-

1142 995 1191 1022 nis
1215 991 1335 1023 decerni
1354 999 1489 1024 tentatus
1509 1000 1575 1024 erat
1596 1015 1607 1032 ,
1631 1002 1776 1026 renovare
1795 997 1949 1036 cogitavit.
1986 995 2029 1026 Ac

1139 1050 1320 1082 quamquam
1332 1041 1466 1082 primum
1480 1039 1664 1082 fimulatione
1696 1041 1862 1082 Monasticae
1884 1048 1960 1076 vitae
1977 1053 2028 1076 ex-

1650 1090 1744 1132 &fibi
1754 1103 1811 1124 non
1820 1093 1914 1124 nullos
1931 1116 1942 1131 ,
1954 1103 2030 1134 quos

1131 1200 1205 1232 gnae
1223 1187 1365 1230 offenfioni
1381 1188 1471 1233 fuiffe
1481 1191 1598 1225 docuit:
1626 1193 1738 1224 Tamen
1760 1189 1846 1224 baad
1867 1192 1914 1223 itai
1935 1192 2029 1226 multo

1132 1238 1196 1280 post
1206 1263 1217 1279 ,
1242 1240 1317 1273 dum
1329 1238 1676 1283 Conventusseparatim
1684 1251 1771 1284 agere
1781 1240 1945 1281 institueret
1958 1266 1969 1283 ‚
1990 1241 2030 1275 de

1116 1322 1117 1325 ,
1136 1288 1290 1330 manifesto
1307 1296 1438 1332 aperuit.
1466 1290 1548 1325 Non
1571 1290 1590 1324 ὲ
1612 1289 1788 1326 Catholica
1803 1315 1813 1331 ‚
1834 1290 1894 1326 ‘sed
1915 1288 1933 1324 ὸ.
1956 1291 2029 1327 Νο-

1116 1338 1117 1342 ’
1140 1338 1314 1374 vatianensi
1337 1341 1370 1374 se
1394 1341 1552 1384 separavit
1564 1340 1712 1374 Ecclesia.
1741 1339 1874 1385 Utique
1899 1340 1944 1375 ob
1970 1339 2033 1379 Pa-

1140 1389 1237 1423 zenfis
1249 1389 1377 1433 Synodi
1389 1391 1578 1425 Decretum.
1605 1392 1732 1425 Omnes
1751 1389 1857 1434 ipsum
1878 1390 2031 1425 admitte-

1140 1450 1173 1473 re
1186 1439 1339 1475 nolentes
1349 1439 1518 1475 damnavit
1527 1440 1578 1475 uti
1589 1439 1784 1485 Evangelici
1805 1441 1839 1473 δε
1862 1438 2030 1482 Apostoli·

1139 1487 1171 1523 ci
1184 1489 1333 1524 Canonis
1343 1489 1616 1524 Praevaricatores.
1645 1490 1699 1524 Ex
1711 1501 1778 1533 quo
1791 1488 1881 1524 vides
1901 1489 2031 1524 Pazensi

1141 1539 1283 1574 Decreto
1308 1538 1397 1573 hunc
1418 1540 1561 1574 omnino
1572 1540 1665 1574 fuisse
1681 1540 1822 1574 sensum.
1851 1538 1963 1584 Pergit
1973 1540 2033 1575 So-

1140 1599 1262 1624 crates:
1292 1593 1340 1623 De
1360 1589 1467 1632 qulbus
1488 1590 1576 1624 rebus
1596 1596 1700 1624 certior
1708 1589 1817 1631 faBus
1832 1593 2006 1624 Marcianus
2020 1615 2031 1630 ,

1136 1637 1227 1682 suum
1243 1637 1332 1681 ipfius
1354 1645 1388 1672 in
1420 1641 1597 1673 ordinandis
1627 1640 1812 1679 Presbyteris
1843 1651 1970 1674 errorem
1996 1642 2031 1677 ἐν

1138 1687 1291 1731 inscitiam
1306 1692 1468 1732 propterea
1478 1685 1652 1734 magnopere*
1674 1688 1851 1733 accusavit,
1879 1692 1959 1732 quod
1982 1689 2032 1723 ho-

1139 1745 1236 1773 mines
1247 1745 1350 1773 inanis
1366 1740 1472 1783 gloriae
1492 1742 1567 1774 adeo
1589 1748 1765 1782 appetentes
1787 1741 1832 1773 ad
1853 1739 2031 1779 Presbytern

1140 1801 1247 1824 munus
1257 1792 1420 1824 extulerat.
1455 1794 1551 1833 Atque
1559 1796 1701 1834 graviter
1715 1790 1773 1832 sibi
1787 1789 1962 1834 fieccenfins
1986 1792 2031 1824 di-

1141 1846 1205 1881 xit,
1235 1841 1328 1874 multa
1342 1839 1432 1883 fuisse
1447 1839 1548 1883 satius
1560 1852 1669 1874 manus
1686 1839 1805 1883 suasin
1820 1839 2029 1884 measimpo·

1134 1888 1221 1933 sutffe
1232 1914 1243 1930 ‚
1270 1892 1363 1933 quam
1373 1901 1481 1924 earum
1501 1889 1678 1933 impositione
1687 1890 1864 1924 sabbatium
1873 1889 2029 1933 destgnaffe

1140 1941 1184 1973 ad
1197 1942 1330 1984 gradum
1343 1941 1530 1980 Presbyterii.
1568 1942 1678 1974 Idcirco
1692 1944 1804 1985 Angari
1831 1943 1845 1980 ζ
1864 1939 2030 1981 ιζΙίὂκΒι·

1138 1989 1248 2029 thyniae
1259 1997 1420 2032 emporium
1422 1993 1517 2033 prope*
1528 1992 1730 2032 Helenopolim
1733 1990 1825 2033 strum
1837 1988 1853 2037 )
1867 1993 2030 2028 Concilium

1139 2038 1352 2083 Episcoporum
1363 2044 1399 2073 N
1400 2046 1607 2074 ovatianorum
1618 2051 1766 2074 convocat.
1789 2043 1854 2085 ‚Qui
1864 2053 1931 2075 cum
1941 2042 2034 2086 effen-r

1137 2095 1170 2122 in
1194 2101 1288 2123 unum
1306 2090 1417 2131 coam,
1445 2087 1596 2133 accersunt
1620 2091 1819 2132 sabbatium,
1845 2103 1967 2134 eumque
1986 2092 2031 2134 ofi·

1131 2138 1215 2181 fenst
1227 2138 1278 2183 sui
1294 2146 1390 2173 animi
1412 2142 1524 2184 cauffas
1547 2151 1646 2174 coram
1657 2144 1789 2174 Concilio
1793 2150 1961 2184 proponere
1973 2144 2031 2183 jus

1137 2189 1217 2223 bem.
1237 2189 1469 2233 Acfimul-atque
1479 2192 1528 2225 ille
1540 2190 1734 2234 dtffenfionem
1745 2192 1784 2225 de
1797 2191 1881 2232 Festo
1897 2190 2028 2235 Paftba-

1137 2246 1179 2272 tis
1191 2240 1363 2274 celebrando
1371 2242 1496 2284 caussam
1503 2242 1650 2275 attulerat
1663 2266 1673 2282 ‚
1698 2242 1776 2275 illud
1795 2247 1874 2275 enlm
1894 2251 1958 2275 tum
1983 2243 2032 2276 ad

1136 2289 1370 2333 consuetudinem
1390 2292 1411 2323 ᾶ
1426 2294 1458 2336 J
1461 2292 1557 2324 udaets
1580 2297 1612 2324 in
1632 2303 1666 2325 eo
1682 2288 1842 2334 servatam
1861 2316 1871 2332 ,
1897 2300 1962 2325 tum
1984 2293 2030 2325 ad

1132 2337 1343 2383 praeftriptum
1352 2352 1388 2374 ac
1398 2353 1535 2374 normam
1544 2353 1663 2381 eorum,
1690 2347 1742 2383 qui
1761 2347 1795 2374 in
1816 2343 1899 2374 Pazo
1918 2352 2024 2375 conve-

1137 2399 1262 2431 nerant,
1289 2391 1496 2424 celebrandum
1517 2391 1569 2434 effe
1582 2391 1698 2425 dicebat
1710 2415 1720 2431 ‚
1747 2389 1888 2434 Episcopi
1905 2397 1938 2424 in
1949 2395 2028 2424 Con-

1135 2441 1198 2473 cilio
1212 2447 1400 2485 congregati,
1420 2439 1704 2484 suspicantesillum
1725 2442 1811 2474 Sedis
1833 2439 2026 2483 Epifhopal't's

1135 2488 1274 2531 desiderio
1292 2501 1360 2524 eam
1382 2503 1446 2524 rem
1465 2492 1627 2535 cauffatum
1637 2490 1689 2534 effe
1708 2516 1718 2532 ‚
1738 2492 1956 2533 jurejurando
1977 2491 2027 2524 bo-

1135 2546 1246 2574 minem
1268 2540 1472 2586 obstringunt,
1499 2550 1534 2575 ut
1559 2540 1775 2585 Episcopatum
1797 2553 1952 2585 nunquam
1978 2555 2027 2577 ca*-

1130 2588 1270 2633 pesceret.
1307 2592 1357 2624 Illi
1379 2601 1444 2624 tum
1463 2595 1619 2625 Canonem
1629 2593 1723 2625 edunt
1734 2593 1774 2626 de
1796 2590 1880 2632 Festo
1893 2591 2021 2635 Pali-ba⁴

1137 2646 1179 2674 tis
1192 2665 1202 2680 ,
1228 2652 1318 2684 quem
1331 2641 1518 2684 Adiapboron
1535 2642 1683 2677 vocabant
1696 2656 1706 2675 :
1733 2642 1941 2685 Docebantque
1963 2641 2024 2687 dis-

1132 2689 1291 2733 sensionem
1311 2692 1349 2725 de
1374 2691 1532 2735 Pasibatis
1554 2691 1639 2732 Festo
1661 2704 1720 2727 non
1737 2691 1817 2736 satis
1831 2692 1947 2734 Justam
1970 2693 2022 2736 effie

1131 2743 1278 2784 caussam,
1303 2753 1354 2775 cur
1375 2741 1502 2784 Ecclefia
1525 2743 1736 2777 dirimeretur:
1763 2746 1874 2784 Neque
1884 2754 1932 2776 eos
1946 2749 2023 2785 ,qut

1131 2796 1163 2824 in
1184 2794 1267 2825 Pazo
1287 2792 1376 2825 coac‘li
1388 2792 1545 2835 fuissent,
1566 2794 1782 2835 praejudicium
1803 2793 1942 2836 generali
1960 2796 2020 2825 Ca-

1131 2840 1311 2885 nonifecisse.
1338 2847 1425 2874 Nam
1436 2851 1573 2883 veteres,
1601 2848 1653 2886 qui
1670 2844 1811 2884 proxime
1821 2842 1859 2874 ab
1880 2841 2020 2883 Apostolo-

1130 2903 1198 2924 rum
1216 2892 1397 2933 temporibus
1417 2891 1577 2932 aberant‚
1602 2904 1785 2935 quamquam
1809 2892 1847 2925 de
1870 2891 1920 2925 boc
1931 2892 2020 2932 Festo

1130 2947 1208 2974 inter
1223 2939 1258 2984 se
1280 2943 1312 2974 d
1305 2942 1466 2984 ffidebant
1498 2951 1598 2975 tamen
1618 2948 1705 2975 inter
1716 2940 1794 3002 ipsbs
1815 2945 1914 2976 mutuo
1936 2954 2012 2975 com-

1129 2991 1291 3034 municaffe
1316 2991 1507 3026 Miseranda
1527 2992 1679 3035 Synodus
1702 3004 1743 3025 ne
1759 3001 1815 3025 aut
1838 2993 2019 3036 profanum

1130 3040 1322 3076 sabbatium
1338 3041 1516 3076 offenderet
1535 3066 1545 3082 ‚
1571 3052 1628 3075 aut
1650 3041 1781 3076 deviam
1803 3042 1928 3076 Novati
1956 3043 2013 3086 Sy-

1131 3102 1294 3135 nagogam
1305 3090 1458 3125 laceraret
1469 3116 1480 3131 ,
1504 3092 1523 3125 a
1546 3091 1655 3126 saneto
1665 3091 1799 3126 Victore
1811 3092 1845 3126 &
1857 3091 2014 3136 Polycra-

1128 3151 1159 3174 te
1170 3140 1345 3174 stabilitam
1358 3139 1599 3184 Adi'aphoriam
1606 3141 1784 3182 reduxit‚&
1795 3141 1900 3176 edixit
1913 3142 2013 3177 istum

1127 3190 1219 3224 fuisse
1229 3191 1356 3224 sensum
1366 3190 1514 3224 Pazenfis
1524 3191 1659 3233 Synodi.
1686 3191 1788 3240 Qod
1800 3191 1896 3226 istam
1909 3193 2015 3227 Adia-

1126 3239 1273 3283 phoriam
1285 3240 1446 3273 reduxerit
1458 3264 1468 3279 ,
1494 3240 1609 3275 diserte
1621 3242 1759 3276 affirmat
1780 3241 1932 3277 laudatus
1950 3244 2009 3277 So-

1124 3300 1233 3324 crates.
1246 3289 1481 3334 Estinsigniter
1491 3291 1702 3333 praevaricata.
1725 3292 1861 3326 Etenim
1871 3292 2008 3326 damna·
2030 3297 2147 3328 ΕᾶΡ-ῑψο

1125 3340 1171 3373 vit
1182 3340 1357 3373 Nicaenum
1367 3341 1568 3381 Decretum,
1595 3341 1684 3385 quod
1706 3342 1807 3376 etiam
1829 3342 1871 3376 ab
1891 3353 2008 3375 eorum
2032 3338 2075 3366 ²5·

1125 3390 1288 3433 Episcopo
1300 3401 1337 3423 ac
1345 3389 1488 3424 Primate
1501 3390 1617 3425 Acesio
1628 3392 1719 3426 fuisse
1730 3391 1899 3426 laudatum
1908 3402 2005 3435 atque

1123 3439 1318 3478 admissum,
1327 3438 1415 3473 idem
1426 3441 1560 3484 scriptor
1570 3441 1711 3475 testatur
1740 3442 1850 3475 Etiam
1863 3441 2004 3474 Pazense

1122 3490 1299 3523 Decretum
1311 3488 1355 3523 est
1368 3501 1460 3533 prave
1471 3490 1686 3535 interpretata
1708 3492 1845 3524 interim
1856 3490 1896 3523 ab
1909 3488 2003 3530 hujus
2028 3480 2087 3512 Ub-
2118 3493 2142 3513 ¹-

1123 3539 1319 3586 Angarenfis
1331 3539 1458 3584 Synodi
1470 3540 1886 3584 temporeNovatianenses
1905 3550 2002 3581 caepe-
2024 3530 2085 3560 *Ρ
2101 3532 2144 3557 ¹⁷·

1925 3597 2005 3628 [KRC
