2346 3776
0 1179 132 1237 mu·

5 1148 91 1201 ’θῇ
99 1155 160 1181 im·

607 96 1080 147 ‘DrssERTATm
1129 92 1555 149 Pnommms.

168 180 254 220 lius,
280 177 391 215 omnis
409 179 561 215 Romana
582 178 748 219 Ecclesia,
774 179 885 212 omnis
900 176 1017 213 Africa
1043 205 1054 221 ,

167 230 305 265 Nicaena
318 229 470 274 Synodus
481 252 492 268 ,
513 238 611 273 atque
621 229 666 263 ita
675 229 787 263 omnis
797 228 856 262 fiib
879 228 962 275 Celo
983 241 1056 264 vera

168 279 408 314 christianitas„
437 279 481 311 Et
492 279 660 322 sequentia
670 289 819 323 tempora
828 277 938 313 adhuc
949 279 1055 325 magis

167 331 372 376 mitigarunt.
400 327 472 362 Nec
485 339 590 362 unum
603 329 753 363 Ecclesiae
773 329 931 364 Saeculum
945 332 1055 372 potuit

167 379 324 415 damnare
334 376 424 411 aliud
435 401 449 418 ,
475 389 537 413 nec
559 378 747 422 posterioris
770 379 885 413 Saeculi
897 379 1057 414 Dostores

169 429 213 465 ad
235 426 321 472 prius
343 439 529 471 provocare.
559 428 693 463 Etenim
706 429 756 463 uti
767 428 856 463 idem
865 441 983 472 corpus
1008 430 1058 464 di·

168 478 261 514 verso
279 486 427 520 ternpore
438 477 580 513 diversas
591 479 692 514 vestes
701 504 712 520 ,
737 479 783 512 ita
791 478 905 513 eadem
917 479 1057 522 ejusdem

167 527 316 563 Ecclefiae
335 526 433 562 Fides
453 527 585 564 diversis
617 527 820 573 temporibus
849 530 995 574 exquirit
1024 531 1057 564 &

166 576 228 613 fibi
250 586 340 620 aptat
349 576 495 613 diversos
506 591 614 614 mores
624 604 635 621 ‚
660 579 802 623 diversos
817 578 917 614 Ritus
931 604 941 620 ,
952 580 1058 614 diver-

165 627 235 662 sam
247 627 478 671 Disciplinam.
506 629 611 679 Qiod
621 638 738 664 notent
750 628 813 668 illi,
825 630 882 673 qui
896 629 961 664 hoc
976 640 1057 664 tem-

166 688 247 720 pore
259 676 404 712 nostram
416 703 428 719 ,
454 681 540 715 certe
549 691 619 715 non
632 677 814 714 hesternam
827 705 838 720 ,
849 679 1058 714 Poenitentiae

166 726 390 771 Disciplinam
401 729 518 764 volunt
528 728 699 764 &student
709 728 752 763 ad
766 730 893 764 avitum
913 730 1056 775 rigorem

167 776 332 813 reducere.
358 778 477 814 Laudo
498 789 608 815 tamen
630 778 770 819 abusus,
796 780 855 823 qui
872 791 986 824 graves
1000 790 1058 812 no-

169 825 225 862 bis
234 838 304 862 non
315 827 434 863 desunt
444 852 455 869 ,
474 830 609 875 corrigi,
621 829 789 874 proscribi,
799 829 976 864 emendari.
1005 830 1059 863 Se-

170 877 288 917 cundo
297 876 453 912 discimus
464 903 475 919 ,
501 879 592 923 quod
601 880 675 924 quis
685 879 795 914 statim
804 880 822 914 a
832 879 931 924 lapsu,
944 880 979 913 ἃς
991 879 1061 923 qui-

171 927 250 962 dem
268 926 477 962 idololatrico
489 953 500 969 ‚
526 930 622 973 poffit
645 928 755 965 statim
775 930 883 965 redire
902 929 944 964 ad
966 931 1064 963 seme-

170 975 317 1021 tipsum‚
343 976 515 1014 lamentari
526 991 569 1013 ex
581 980 718 1020 animo,
746 992 783 1014 ac
805 979 960 1014 veraciter
984 990 1063 1013 con-

171 1027 256 1061 trito
265 1026 365 1062 corde
376 1027 468 1062 suam
478 1029 663 1064 foeditatem
676 1029 826 1064 detestari
836 1056 843 1062 .
877 1030 966 1078 Qia
979 1039 1064 1063 nem-

171 1075 215 1120 pe
224 1077 445 1121 quorumdam
456 1078 638 1123 Lapsorum
648 1080 733 1114 casta
744 1081 778 1113 in
800 1080 912 1114 Deum
934 1078 1064 1114 dileetio

173 1138 246 1161 non
267 1127 336 1161 fuit
354 1128 535 1172 exstin&a;
562 1130 617 1164 sed
639 1129 811 1164 dumtaxat
828 1130 934 1170 vista,
960 1129 994 1162 ἀ
1017 1127 1065 1161 su-

133 1185 162 1205 u
176 1178 299 1224 preffa,
325 1177 466 1222 ideoque
476 1179 604 1214 semoto
626 1177 721 1214 hoste
742 1179 850 1215 statim
870 1178 1006 1223 resurgit
1030 1178 1064 1211 in

178 1228 276 1265 suum
286 1227 382 1270 Opus
394 1252 401 1259 .
428 1228 532 1280 Qod
543 1230 702 1266 notent&
712 1228 763 1262 illi
773 1229 869 1262 zelosi
882 1253 890 1260 .
917 1228 976 1262 Ab
996 1239 1065 1262 om-

177 1277 238 1316 ni,
263 1277 440 1320 quistatim
459 1278 479 1310 a
499 1279 609 1321 Lapsu
619 1278 719 1311 currit
731 1276 773 1310 ad
795 1276 1064 1313 paenitentialem

159 1325 411 1373 ‚Presbyterum
423 1349 436 1365 ‚
456 1337 504 1361 ne
513 1326 647 1361 credant
658 1326 741 1371 fingi
752 1326 984 1369 poenitentiam
995 1352 1003 1359 .

295 1504 779 1572 CANON
849 1507 937 1574 II·

165 1626 314 1761 ⁴IIS
336 1641 482 1675 autem
506 1628 584 1694 qui
609 1626 839 1695 postquam
867 1631 912 1678 in
925 1629 1064 1678 custo-

276 1694 395 1744 diam
421 1696 571 1746 traditi
596 1696 691 1746 sunt
716 1735 729 1759 ,
755 1700 858 1746 &in
871 1717 1064 1759 carcere,

175 1781 390 1831 tanquam
438 1770 485 1814 in
521 1766 742 1816 obsidione
765 1804 778 1827 ,
813 1769 1065 1819 afflictiones

167 1833 413 1902 <gravesque
440 1835 608 1885 faetores
632 1837 736 1905 paffi
762 1836 856 1886 sunt
868 1860 882 1897 3
918 1840 1065 1907 postea

171 1920 322 1954 *autem
347 1904 434 1953 fine
457 1905 576 1955 bello
601 1923 915 1958 tormentorum
927 1911 1067 1978 capti-

173 1977 222 2025 vi
261 1973 361 2023 faeci
397 1972 493 2023 sunt
516 2011 530 2035 ‚
566 1979 701 2024 nimia
725 1979 882 2027 virium
918 1982 1067 2048 inopia

173 2048 220 2093 ὅτ.
244 2043 435 2111 quadam
459 2048 655 2096 caecitate
667 2047 899 2109 confraffi,
913 2055 1065 2099 Annus

172 2113 233 2163 ad
256 2113 376 2163 aliud
403 2130 573 2183 tempus
598 2120 809 2183 injunetus
846 2117 1026 2169 sufficiet
1053 2140 1064 2169 :

173 2200 278 2233 nam
303 2185 381 2252 ipfi
406 2204 584 2253 quoque
609 2186 650 2236 se
675 2188 857 2237 omnino
871 2208 953 2257 pro
965 2194 1064 2240 No-

171 2257 296 2303 mine
319 2255 481 2305 Christi
506 2257 759 2322 affligendos
790 2257 945 2309 dedere
973 2280 986 2309 ε
1025 2263 1065 2310 Si

173 2326 310 2374 etiam
337 2323 363 2373 a
391 2325 595 2376 fratribus
620 2331 666 2378 in
692 2346 863 2379 carcere
883 2332 1065 2380 multam

175 2393 517 2446 consolationem
567 2397 739 2449 assecuti
789 2399 915 2450 sunt.v
959 2407 1066 2470 Qae

173 2463 356 2530 quidem
384 2468 678 2536 multiplicata
703 2469 885 2520 reddent
907 2507 921 2531 ,
959 2472 1066 2521 libe-

175 2536 259 2582 rari
284 2537 507 2602 cupientes
534 2539 590 2586 ab
602 2540 864 2589 acerbissima
877 2545 1065 2609 captivi-

174 2619 269 2653 tate
295 2605 503 2667 Diaboli,
527 2613 617 2673 ejus
642 2611 827 2660 maxime
840 2611 1065 2662 recordan-

174 2690 243 2723 tes
273 2678 366 2742 <qui
402 2675 513 2727 dicit
537 2715 552 2739 ,
587 2683 767 2747 Spiritus
793 2685 976 2730 Domini
1001 2682 1064 2731 su-

173 2762 254 2812 per
278 2763 372 2805 me,
396 2765 528 2812 quam
552 2749 612 2797 ob
635 2750 803 2800 causam
830 2755 952 2801 unxit
966 2771 1060 2802 me:

173 2830 227 2863 ut
261 2816 516 2882 pauperibus
562 2823 902 2884 evangelizarem
950 2824 1062 2873 misit

175 2902 246 2932 me
266 2921 280 2944 ‚
304 2889 347 2933 &
371 2890 668 2939 annuntiarem
694 2895 882 2959 captivis
907 2893 1061 2942 libera-

176 2956 342 3003 tionem
367 2992 380 3016 ,
419 2961 461 3005 &
485 2961 607 3009 caecis
633 2960 746 3011 visus
771 2967 1061 3031 recuperatio-

178 3040 301 3084 nem,
326 3029 369 3074 δε
394 3029 612 3077 mitterem
626 3030 776 3080 fraftos
788 3035 834 3080 in
859 3034 1060 3083 remissio-

177 3110 288 3154 nem,
302 3095 578 3161 praedicarem
592 3116 749 3149 annum
776 3106 960 3151 Domini
988 3122 1059 3154 ac-

178 3164 436 3230 ceptabilem
449 3204 462 3228 ,
487 3172 530 3217 &
542 3168 657 3218 diem
671 3172 964 3222 retributionis
977 3210 988 3221 .

328 3303 896 3356 SCHOLION.

271 3417 488 3456 Onstantinus
499 3423 768 3469 Harmenopulus
780 3426 925 3470 praesenti
946 3427 1057 3463 Cano-

283 3467 319 3500 ni
339 3468 394 3503 dat
411 3467 474 3506 hoc
483 3474 736 3517 compendium:
764 3479 830 3521 ,Qui
853 3476 946 3522 Lapfi
958 3477 1054 3522 sunt,

272 3516 390 3562 Differt.
400 3521 521 3556 Prooem.
536 3525 615 3557 Tom.
626 3528 652 3559 Ι.

176 3420 255 3506 C

1115 179 1194 223 polle
1199 191 1313 223 aquam
1325 180 1488 213 dumtaxat
1497 177 1765 225 carceraetlfuiffent
1773 203 1784 222 ‚
1808 185 1902 219 altero
1909 186 2004 219 etiam

1122 242 1199 263 anno
1215 235 1386 272 puniuntor.
1422 229 1504 263 Haec
1526 228 1572 263 est
1592 229 1656 263 alia
1675 229 1856 273 Lapsorum
1878 234 2009 278 speeies-

1120 281 1268 333 Qidam
1289 279 1334 314 ob
1355 277 1524 313 Christum
1533 279 1723 314 Dominum
1734 280 1874 322 conjecti
1884 283 1921 316 in
1934 284 2008 317 *car-

1120 342 1229 371 cereS‚
1255 330 1289 364 δε
1304 329 1417 364 multis
1440 328 1509 362 illic
1529 329 1745 372 squalloribus
1766 329 2005 366 affeetissoeala-

1120 379 1308 420 mitatibus‚
1333 389 1523 422 acceperant
1542 378 1729 414 Candidam
1740 379 1897 422 Martyrii
1909 404 1919 419 ‚
1933 391 2005 414 nec-

1120 429 1200 462 dum
1219 429 1382 471 Martyres
1404 452 1415 469 ,
1451 438 1596 462 attamen
1618 429 1751 474 gloriosi
1785 429 2009 464 Confessores.

1121 478 1246 512 Verum
1264 479 1362 513 taedio
1384 479 1520 512 carceris
1537 490 1576 512 ac
1598 478 1793 514 instantium
1824 488 2005 514 tormento·

1121 540 1192 563 rum
1202 538 1292 563 metu
1304 528 1395 562 frasti
1402 552 1416 576 ,³
1440 529 1667 563 renuntiarant
1680 528 1814 563 Christo
1825 530 1980 564 Domino
1991 553 2003 569 ‚

1122 590 1220 622 atque
1230 580 1275 612 ita
1286 580 1415 612 fuerant
1424 577 1555 612 liberati
1566 589 1603 611 ac
1613 578 1743 612 dimiffi.
1773 579 1817 613 Et
1839 589 1919 613 tunc
1940 579 2002 613 sta-

1122 629 1182 663 tim
1205 628 1353 664 dolentes
1365 653 1376 669 ,
1402 639 1440 661 ac
1458 628 1550 662 suam
1571 628 1799 662 infirmitatem
1810 640 1846 663 ac
1858 629 2004 673 Lapsum

1122 678 1333 720 detestantes,
1358 678 1522 712 redierant
1532 676 1573 712 ad
1586 677 1730 712 Matrem
1742 678 1932 719 Ecclesiam,
1944 690 2020 722 poem

1125 730 1299 763 nitentiam
1320 741 1357 763 ac
1372 729 1502 763 veniam
1518 727 1719 772 postularant
1731 752 1742 768 ,
1769 729 1802 762 &
1829 729 2007 771 spontanee

1124 780 1155 813 se
1176 779 1333 813 dederant
1355 779 1391 812 in
1410 778 1548 813 Fletum.
1576 776 1629 812 Ac
1637 779 1738 812 etiam
1756 779 1903 812 triennio
1929 789 2009 812 con-

1124 828 1244 862 stanter
1263 829 1428 863 fleverant.
1454 829 1581 864 Eorum
1599 828 1706 863 caussa
1726 838 1794 863 erat
1826 827 1969 863 deterior
1995 851 2008 868 ‚

1124 878 1214 922 quod
1237 879 1304 913 fine
1324 879 1497 913 tormentis
1508 878 1704 914 cecidissent.
1732 878 1932 913 Toleratiin
1943 889 2007 912 car-

1124 939 1194 962 cere
1210 938 1301 962 erant
1322 929 1498 972 squallores
1506 929 1766 964 consideratione
1787 928 1904 974 digni3
1933 938 2014 963 atta·

1126 990 1202 1011 men
1223 978 1258 1012 &
1279 975 1330 1011 his
1342 989 1413 1012 non
1424 978 1585 1013 defecerat
1593 978 1739 1014 humana
1751 980 1977 1022 compensatio
2003 991 2011 1011 :

1128 1032 1150 1060 A
1166 1027 1323 1069 fratribus
1346 1033 1378 1060 in
1399 1039 1515 1062 carcere
1534 1030 1630 1062 multa
1639 1028 1799 1073 confhlatio.
1819 1030 1921 1063 Hanc
1930 1039 2011 1063 con-

1126 1077 1324 1112 solationem
1343 1078 1481 1120 exponit
1504 1078 1539 1111 in
1559 1078 1664 1112 Libro
1688 1078 1915 1123 Apologetico
1928 1078 2012 1112 Ter·
2029 1079 2101 1114 Cal>-
2113 1086 2150 1116 39

1128 1127 1285 1162 tullianus
1294 1152 1305 1167 ,
1329 1126 1442 1161 dicens
1452 1128 1487 1161 in
1498 1129 1613 1171 quavis
1624 1128 1756 1162 Basilica
1767 1129 1829 1162 esse
1841 1126 2016 1172 Gazophy-

1127 1177 1249 1211 lacium
1260 1202 1271 1217 ,
1284 1179 1337 1211 seu
1350 1189 1458 1212 arcam
1471 1202 1481 1217 ‚
1493 1178 1529 1212 in
1542 1189 1641 1222 quam
1653 1179 1790 1221 quisque
1800 1177 1924 1212 Fidelis
1933 1189 2013 1212 con-

1127 1228 1187 1261 fert
1201 1228 1291 1261 suam
1304 1228 1559 1272 Eleemosynam
1569 1253 1580 1268 ,
1607 1238 1704 1271 atque
1715 1228 1915 1274 adjungens:
1941 1233 2015 1263 Haec

1127 1276 1211 1319 quafi
1227 1277 1363 1320 Depofita
1366 1283 1495 1319 pietatis
1501 1277 1578 1322 fiant
1589 1302 1601 1318 ‚
1626 1290 1698 1311 nam
1707 1280 1777 1312 inde
1800 1291 1859 1311 non
1879 1280 1977 1325 epulis
2001 1303 2014 1320 ‚

1127 1338 1178 1360 nec
1194 1330 1342 1369 potaculis
1354 1354 1365 1369 ‚
1391 1339 1443 1361 nec
1452 1333 1582 1372 ingratis
1602 1332 1772 1361 Voratrinis
1785 1327 1976 1372 dispensatur
1998 1354 2011 1370 ,

1122 1375 1181 1419 sed
1199 1385 1297 1421 egenis
1308 1380 1427 1411 alendis
1438 1403 1449 1418 ,
1475 1378 1601 1421 &siqui
1611 1384 1643 1411 in
1650 1380 1780 1411 metallis
1794 1404 1805 1419 ,
1831 1381 1865 1413 <15
1869 1379 1900 1419 [ἱ
1904 1385 1955 1420 qui
1976 1385 2010 1412 in

1128 1420 1238 1470 Infulis
1250 1452 1260 1467 ,
1286 1430 1339 1462 vel
1349 1434 1383 1460 in
1391 1428 1524 1468 custodiis
1537 1453 1547 1468 ,
1559 1431 1722 1461 dumtaxat
1733 1440 1771 1461 cx
1783 1430 1879 1471 caussa
1900 1432 1957 1461 Dei
1965 1430 2016 1462 se-

1127 1476 1183 1511 c‘lae
1204 1479 1318 1510 alumni
1338 1477 1691 1521 confffonisficaefiunt.
1719 1477 1763 1511 Et
1786 1478 1821 1512 in
1843 1477 1946 1512 Libro
1973 1478 2015 1512 ad
2033 1481 2105 1517 cap.
2121 1490 2147 1510 ι.

1128 1527 1292 1570 Martyres
1303 1527 1412 1561 scribit
1423 1542 1434 1561 .-
1460 1532 1550 1561 Inter·
1556 1531 1671 1560 Carnis
1682 1530 1844 1568 alimenta,
1858 1528 2016 1562 Benedici}

1128 1581 1273 1616 Martyres
1285 1577 1444 1622 designati,
1471 1590 1538 1620 quae
1548 1578 1634 1611 vobis
1655 1579 1690 1612 Θ
1701 1582 1830 1611 Domina
1843 1582 1944 1612 Mater
1954 1583 2013 1612 Ec-

1126 1626 1206 1668 clefia
1224 1629 1262 1660 de
1284 1628 1422 1662 uberibus
1440 1626 1507 1671 suis
1520 1653 1531 1668 ,
1557 1630 1591 1662 ώ·
1603 1627 1714 1672 finguli
1725 1628 1847 1671 fratres
1858 1631 1896 1663 de
1906 1629 2012 1672 opibus

1123 1676 1188 1720 fids
1205 1684 1339 1719 propriis
1356 1685 1389 1711 in
1409 1690 1554 1712 carcerem
1582 1677 1817 1721 subministrant.
1847 1679 1891 1713 Et
1915 1681 1950 1714 in
1974 1681 2018 1714 se-

1126 1728 1242 1771 quenti
1254 1727 1396 1770 ejusdem
1410 1727 1503 1763 Libri
1514 1729 1641 1772 capite.-
1668 1732 1713 1762 Et
1729 1728 1761 1770 fi
1765 1730 1869 1772 aliqua
1879 1729 2013 1770 amissstis

1127 1782 1203 1811 vitae
1207 1780 1324 1822 gaudia
1334 1803 1345 1819 ,
1371 1785 1529 1823 negotiatio
1539 1778 1578 1819 est
1587 1780 1707 1822 aliquid
1723 1786 1860 1813 amittent
1871 1805 1881 1820 ‚
1903 1789 1937 1813 ut
1948 1793 2016 1813 ma-

1120 1829 1192 1867 jora
1200 1826 1340 1861 lucrerisL
1368 1828 1462 1862 Nihil
1469 1829 1568 1863 adhuc
1577 1831 1641 1863 dico
1650 1832 1688 1874 de
1705 1837 1851 1871 pra-mio,
1878 1831 1924 1862 ad
1932 1831 2013 1872 quoa·

1128 1881 1211 1910 Deus
1231 1881 1377 1916 Martyres
1396 1885 1522 1912 invitat.
1555 1878 1658 1922 Ipsam
1675 1886 1795 1913 interim
1816 1879 2011 1923 conversatio-

1128 1939 1194 1962 nem
1197 1926 1300 1971 saeeuli
1320 1930 1355 1962 ὀ·
1376 1935 1503 1962 carceris
1520 1937 1720 1972 comparemus
1736 1954 1746 1969 ,
1766 1928 1862 1970 finon
1879 1931 1950 1972 plus
1976 1936 2011 1963 in

1127 1989 1242 2011 carcere
1256 1976 1386 2020 spiritus
1407 1985 1560 2021 acquirit,
1586 1992 1678 2022 quam
1690 1991 1756 2013 caro
1765 1986 1889 2013 amittit.
1916 1983 2013 2013 Immo

1128 2030 1239 2070 &quae
1252 2027 1336 2068 justa
1346 2027 1420 2070 sunt
1432 2053 1442 2068 ,
1468 2040 1535 2061 caro
1544 2041 1602 2062 non
1626 2035 1740 2062 amittit
1756 2038 1813 2071 per
1833 2041 1934 2063 curam
1954 2034 2013 2063 Ec-

1127 2077 1235 2119 clefiae,
1265 2081 1385 2121 Agapen
1406 2082 1561 2112 Fratrum.
1590 2077 1741 2114 Affirmat
1758 2079 1917 2123 quosdam
1945 2081 2012 2115 lau·

1128 2128 1193 2161 tius
1214 2128 1249 2161 in
1270 2140 1417 2169 carcere,
1442 2128 1835 2174 quaminpropriadomo
1846 2131 2012 2165 fuissetra-

1129 2179 1250 2219 statos,
1279 2178 1419 2223 ideoque
1430 2180 1501 2224 ipsis
1511 2192 1671 2215 carcerem
1682 2181 1775 2215 fuisse
1792 2181 1933 2224 speciem
1956 2192 2011 2215 ne-

1128 2229 1342 2273 gotiationis.
1370 2229 1527 2275 Pergitin
1549 2230 1652 2265 Libro
1674 2232 1867 2273 scorpiaco:
1892 2232 2010 2265 Domi-
2025 2233 2148 2270 Cap-¹1.

1129 2290 1190 2312 nus
1202 2280 1266 2312 cum
1285 2285 1318 2312 in
1338 2291 1452 2313 carcere
1464 2281 1602 2322 fratrem
1625 2283 1693 2315 vult
1713 2280 1828 2322 vifitari
1850 2307 1860 2322 ‚
1886 2280 2009 2324 Confefi

1122 2327 1199 2372 soris
1219 2335 1348 2372 imperat
1367 2342 1486 2363 curam.
1516 2332 1560 2365 Et
1581 2331 1616 2365 in
1641 2330 1783 2366 secundo
1795 2330 1835 2365 ad
1853 2330 2009 2366 Uxorem
2027 2352 2100 2389 Cap⁴
2114 2362 2143 2386 4·

1128 2379 1248 2414 Libro:
1276 2379 1513 2423 ,Quisinfidelis
1533 2382 1677 2415 Maritus
1697 2380 1827 2415 fidelem
1849 2381 2010 2417 Uxorem

1126 2436 1159 2462 in
1170 2441 1313 2463 carcerem
1324 2431 1369 2462 ad
1375 2428 1533 2472 ofiulanda
1543 2435 1685 2471 Martyris
1695 2433 1815 2465 vincula
1825 2439 1946 2474 reptare
1951 2441 2012 2475 pa-

1127 2485 1217 2513 tietur
1228 2481 1244 2512 ?
1272 2480 1314 2513 Et
1327 2479 1368 2514 ad
1381 2480 1429 2514 illi
1442 2481 1601 2524 portanda
1612 2483 1713 2516 vietus
1723 2481 1838 2515 solatia
1850 2506 1858 2513 .
1886 2483 1930 2517 Et
1954 2483 2011 2517 Li-

1127 2529 1185 2563 bro
1197 2529 1238 2564 de
1248 2530 1405 2573 pudicitia
1415 2541 1595 2566 carceratos
1605 2533 1768 2575 Martyres
1789 2531 1930 2575 appellat
1952 2536 2011 2566 De·

1127 2586 1221 2612 nariis
1225 2578 1394 2623 supplices.
1423 2581 1526 2628 Qod
1538 2583 1656 2627 nempe
1666 2582 1715 2616 illi
1738 2594 1807 2616 non
1832 2583 1938 2616 solum
1965 2585 2010 2616 vi·
2026 2579 2138 2617 Capu

1127 2633 1213 2664 stum
1224 2655 1234 2670 ,
1244 2630 1297 2664 sed
1310 2631 1344 2664 δε
1356 2642 1511 2666 nummos
1523 2634 1725 2677 acciperent,
1752 2631 1857 2666 immo
1882 2633 1915 2665 &
1943 2633 2008 2665 suis

1128 2679 1365 2714 neceffitathus
1377 2681 1593 2724 postularent.
1621 2684 1664 2717 Et
1685 2683 1719 2716 in
1735 2681 1838 2715 Libro
1858 2681 1899 2715 de
1922 2682 2006 2725 Jeju-

1126 2731 1189 2764 niis
1201 2731 1339 2764 affirmat
1359 2731 1523 2774 Martyres
1546 2734 1580 2766 in
1601 2732 1784 2767 carceribus
1796 2731 1900 2765 sobrie
1921 2732 2007 2766 alen-

1124 2780 1184 2814 dos
1197 2805 1208 2821 ,
1234 2781 1338 2814 immo
1349 2782 1383 2814 <Sc
1394 2783 1605 2816 macerandos
1620 2795 1628 2824 ;
1655 2794 1752 2826 atque
1763 2782 1968 2825 prosequitur
1996 2796 2003 2814 :
2023 2772 2110 2809 (ῘΨι
2121 2783 2135 2800 ²

1125 2831 1222 2864 Plane
1246 2830 1374 2871 vestrum
1394 2831 1451 2873 est,
1478 2838 1510 2864 in
1529 2833 1693 2866 carceribus
1706 2837 1835 2874 popinas
1866 2831 2005 2867 exhibere

1125 2881 1306 2919 Martyribus
1318 2887 1460 2922 incertis,
1488 2894 1524 2915 ne
1533 2881 1769 2925 consuetudinem
1781 2892 1940 2922 quaerant,
1966 2894 2006 2917 ne-

1123 2932 1236 2963 taedeat
1246 2936 1322 2964 vitae
1332 2956 1342 2971 ,
1368 2943 1404 2964 ne
1415 2944 1494 2964 nova
1505 2932 1696 2971 abstinentiae
1708 2930 2003 2974 dissiplinascanda-

1121 2981 1250 3013 lizcntur
1261 3005 1271 3020 ‚
1297 2992 1387 3022 quam
1398 2993 1449 3014 nec
1458 2983 1507 3014 illc
1518 2982 1663 3022 Pristinus
1676 2981 1768 3020 valler
1780 2992 1844 3013 non·
1859 2980 2002 3022 Christia-

1123 3042 1179 3063 nus
1205 3034 1326 3069 Man-tyr*
1339 3037 1482 3074 attigerat
1502 3055 1513 3070 ‚
1539 3043 1624 3073 quem
1646 3032 1680 3065 (tt
1694 3031 1845 3072 facultate
1865 3031 2000 3072 custodtae

1120 3080 1221 3114 liberae
1233 3082 1418 3122 aliquamdiu
1422 3080 1542 3121 sallum
1552 3080 1686 3113 omnibus
1696 3080 1810 3114 balneis
1824 3105 1834 3120 ‚
1846 3081 1999 3124 quafiBa-

1116 3129 1259 3172 ptismate
1281 3130 1448 3163 melioribus
1469 3154 1479 3169 ,
1504 3130 1680 3163 &omnibus
1699 3132 1828 3164 luxuriae
1848 3131 1999 3175 seceffibus

1122 3179 1206 3222 quast
1220 3178 1352 3216 Ecclefiae
1368 3178 1594 3221 secretioribus,
1621 3181 1797 3213 &omnibus
1816 3187 1892 3214 vitae
1903 3182 1998 3224 istius,

1119 3229 1260 3263 illecebris
1274 3253 1284 3268 ‚
1310 3229 1395 3270 quast
1411 3238 1534 3262 aeternae
1543 3230 1724 3273 dtgm'oribus
1736 3255 1746 3270 ‚
1773 3230 1824 3265 hoc
1841 3239 1916 3274 puto
1925 3232 1997 3266 obli-

1115 3290 1223 3324 gatum
1245 3290 1280 3312 ne
1300 3284 1372 3312 mori
1393 3279 1505 3319 vellet,
1523 3279 1666 3321 postremo
1684 3279 1746 3323 ipso
1761 3281 1921 3315 tribunalis
1931 3284 1995 3323 die,

1118 3332 1179 3363 luce
1195 3327 1335 3372 summa,
1361 3329 1474 3361 condito
1493 3340 1572 3362 mero
1593 3339 1738 3373 tanquam
1759 3333 1892 3364 antidoto
1911 3340 1994 3374 prae-

1119 3381 1293 3412 medicatum
1310 3402 1320 3417 ‚
1346 3385 1391 3412 ita
1411 3378 1596 3420 enervastis,
1622 3390 1655 3414 ut
1672 3387 1780 3422 paucis
1808 3383 1925 3426 ungulis
1952 3389 1993 3415 ti-

1120 3431 1234 3463 tillatus
1260 3452 1272 3468 ‚
1297 3427 1348 3461 hoc
1368 3435 1447 3462 enim
1467 3429 1596 3462 ebrietas
1616 3429 1768 3474 sentiebat
1790 3454 1800 3470 ‚
1826 3443 1912 3475 quem
1934 3435 1992 3463 Do-

1120 3485 1233 3514 minum
1250 3478 1434 3521 confiteretur
1454 3502 1466 3521 ,
1498 3485 1694 3525 interroganti
1723 3479 1845 3522 Praefidi
1874 3479 1990 3523 respon-

1633 3530 1669 3564 N
1915 3530 1985 3564 dere
