2346 3776
25 256 149 294 εὔφη
162 280 227 319 rias
251 274 535 323 Propbmcospiritu
545 276 590 308 ad
594 275 767 314 occultorum
777 278 967 318 cognitionem
976 285 1046 315 qua-

623 93 1066 148 DissERTATio
1115 89 1527 143 PRooeMmms.
1585 86 1595 97 ³

163 188 279 216 contra
292 173 643 223 Antropo-Morphitas
652 173 752 214 etiam
763 173 890 212 sanstus
900 172 1047 215 Cyrillus

165 229 411 270 Alexandrinus
421 251 433 268 ‚
442 225 554 265 verum
564 222 711 265 dissentit
721 224 758 261 in
770 223 878 257 caussa
896 235 903 255 ι
925 221 1046 260 Zacha-

156 328 189 372 fi
207 327 440 367 manu-diodus,
464 337 530 359 cum
552 324 717 366 Mffierium
737 328 870 368 Virginis
896 325 935 356 de
956 329 1047 357 incor-

163 376 448 423 ruptopaertuprobe?
457 377 655 420 intelligerem
680 386 738 419 non
760 379 858 418 arcuit
875 379 1048 408 incontami-

162 439 270 464 natam
280 428 501 470 acpurifflmam
522 429 657 460 Matrem
680 425 719 458 ab
737 435 768 462 eo
778 425 880 465 templi
890 425 948 459 loco
961 448 971 464 ‚
997 430 1047 467 qus·

163 477 337 523 Virginibus
347 489 386 511 ex
398 480 476 521 Lege
487 475 655 520 defignatus
677 484 744 509 erat
752 498 764 514 ,
789 475 894 513 docens
908 475 1047 515 videlicet

156 524 292 575 Jussaeos
305 552 316 568 ‚
342 534 515 567 Creatorem
527 533 619 560 totius
629 523 769 568 Univerfi
774 548 785 564 ,
796 522 946 567 omnisque
958 529 1049 563 Crea-

155 577 241 617 Jturae
262 581 444 617 Dominum,
471 576 637 616 humanam
654 584 816 615 naturam,
841 585 905 607 cum
925 576 1048 617 reliquis

163 633 255 666 etiam
264 627 399 667 omnibus
405 626 462 670 fibi
467 626 636 674 subjetiam,
646 625 752 665 habere
762 647 774 664 ‚
799 625 835 665 (2-
841 632 900 666 pro
906 623 959 667 suo
970 624 1051 665 arbi-

161 686 271 721 tratu,
295 689 474 723 quocumque
486 678 561 716 velit
573 701 585 718 ‚
608 678 712 710 ducere
727 688 734 708 :
762 678 836 707 Non
848 673 1048 716 autemipfius

164 728 294 771 Legibus
306 727 480 770 adstrirffum
491 728 551 771 effe.
580 728 662 761 Adeo
672 734 706 759 at
717 731 750 766 in
763 723 851 767 ipsius
864 722 1051 764 Potestatesi-

160 777 273 820 tumfit
286 802 297 818 ‚
322 789 434 820 novam
445 787 614 818 creaturam
624 786 723 810 creare
735 799 746 816 ‚
772 786 841 818 quae
864 776 966 812 Mater
985 773 1050 814 effe-

162 826 213 859 Ha
222 851 235 868 ‚
260 832 350 871 Virgo
358 828 410 870 effe
420 838 477 861 non
488 826 608 868 desinat.
633 828 745 860 Idcirco
757 836 816 860 non
828 830 924 867 arcuit
950 835 1016 857 eam
1031 826 1051 855 ἃ

163 877 222 916 loco
242 878 347 919 templi
369 876 542 921 Virginibus
564 878 668 910 dicato.
704 879 787 914 Erat
804 883 905 911 autem
915 875 992 908 Iocus
1005 873 1052 916 bic

158 925 295 969 spatium
313 933 394 967 inter
416 929 519 960 Altare
547 928 582 964 (a)
601 926 756 967 Templum
777 949 789 965 ,
829 925 1049 959 intermedium.

160 977 297 1019 ,Quando
311 982 403 1020 igitur
412 977 576 1018 audierunt
599 980 711 1022 Regem
730 987 766 1009 ac
776 979 937 1014 Dominum
955 979 1050 1008 omnis

163 1029 324 1067 creaturae
334 1027 380 1059 ad
386 1025 552 1069 humanam
561 1031 774 1069 Nativitatem
788 1034 848 1068 per
867 1029 1053 1066 incarnatio-

161 1087 232 1115 nem
237 1077 415 1118 procedere,
441 1082 533 1119 veriti
546 1078 583 1111 ne*
595 1082 628 1109 in
647 1079 739 1120 Regis
763 1074 940 1116 Potestatem
963 1083 1052 1116 atque

162 1130 326 1169 ,Irnperium
337 1132 498 1170 venirent,
525 1138 591 1160 eum
612 1133 664 1169 qui
683 1126 747 1159 haec
766 1127 805 1159 de
811 1133 909 1167 partu
924 1124 1052 1167 tefflfim«

158 1183 212 1214 τω.
221 1185 288 1209 ‘7¹¹²
300 1200 311 1222 ν,
332 1179 431 1219 prope?
441 1176 539 1219 insum
554 1172 656 1210 Altare
666 1177 853 1218 sacerdotem
868 1173 1054 1218 sacrificant-1

160 1225 208 1260 Et
221 1225 257 1259 in
269 1226 465 1271 sexagesimi
472 1227 572 1271 primi
581 1226 707 1268 Psalmi
718 1225 973 1265 Commentario
983 1224 1051 1265 san:

159 1276 230 1315 stus
243 1272 451 1321 Augustinus
461 1275 574 1316 laudat
596 1276 758 1316 Divinam
777 1275 814 1306 in
836 1272 902 1307 hoc
921 1273 1050 1311 inundo

159 1326 362 1368 Civitatem,
387 1324 604 1368 &adjungit:
630 1326 706 1356 Tota
715 1334 782 1366 ergo
793 1323 848 1357 illa
867 1328 991 1360 Civitas
1012 1326 1059 1357 los

158 1381 263 1417 quitur:
283 1375 306 1415 ᾇ
320 1372 469 1418 sanguine
486 1373 562 1407 Abel
573 1372 650 1415 justi
681 1371 773 1416 usque
804 1374 849 1405 ad
870 1371 1048 1417 sanguinem

158 1423 333 1465 Zachariam,
359 1425 459 1464 Inde,
483 1424 519 1457 (τ
541 1424 680 1466 deinceps
705 1424 725 1463 ἃ
731 1421 877 1469 sanguine
880 1426 913 1468 J
916 1429 1023 1456 oannIs
1037 1447 1048 1464 ‚

154 1482 214 1523 per
228 1472 408 1519 sanguinem
430 1472 625 1516 Apostolorum
641 1497 654 1514 ‚
684 1481 744 1515 per
759 1471 939 1517 sanguinem
964 1477 1047 1506 Mar-

157 1533 254 1563 nrum,
278 1542 290 1565 9
329 1525 483 1567 fidelium·
510 1522 623 1568 christi
657 1533 719 1562 una
745 1526 879 1564 Civitas·
905 1523 1043 1565 loquitur.

154 1572 425 1617 Palamaffirmat
435 1583 600 1612 extremos
611 1572 670 1607 sub
690 1573 830 1616 antiquo
852 1572 1048 1614 Testamen-

157 1634 198 1659 ω
215 1623 384 1667 Martyres
407 1624 472 1659 effe
486 1621 843 1666 Abel&Zachariarn.f
871 1623 915 1657 Et
925 1622 1047 1658 Zacha-

158 1675 211 1714 ,ria
222 1674 413 1718 proximum
423 1686 462 1708 ac
473 1673 629 1717 Martyrii
649 1671 708 1707 sub
728 1673 831 1707 Novo
852 1672 1047 1715 Testamen-

157 1733 197 1762 ιο
206 1724 411 1766 imitatorem
424 1725 487 1758 effe
499 1725 644 1758 sanetum
665 1723 829 1766 Ioannem
855 1722 1043 1766 Baptistam.

157 1774 343 1823 Quateiste
352 1773 527 1817 Zacharias
547 1785 617 1808 non
639 1773 744 1818 potest
769 1785 840 1808 non
867 1773 930 1813 effe
955 1773 1045 1816 illius

159 1823 268 1864 Pater,

211 1874 292 1916 Hoc
322 1873 429 1917 ipsum
449 1873 486 1915 in
506 1873 660 1909 Homilia
692 1872 734 1908 de
754 1871 898 1908 humana
919 1870 1044 1907 Christi

159 1923 385 1962 Generatione
396 1923 495 1958 tradit
505 1935 645 1968 magnus
657 1923 794 1965 Basilius
810 1936 817 1955 z
842 1921 935 1967 ,Quod
944 1926 1045 1969 Maria

154 1982 213 2022 per
225 1984 339 2007 omnem
348 1982 472 2011 aetatem
483 1978 694 2017 Virginitatem
704 1980 863 2007 retinuerit
874 1998 885 2013 ,
901 1971 928 2016 s
922 1976 984 2006 atis
996 1974 1047 2007 de-

157 2027 257 2062 clarat
268 2023 396 2064 Historia
407 2047 419 2064 ,
445 2031 514 2066 quae
523 2024 562 2062 de
571 2021 726 2055 Zacharia
736 2029 905 2062 enarratur.
943 2026 1045 2056 Fama

157 2073 199 2115 ost
211 2079 291 2114 ,amm
303 2098 315 2115 ‚
341 2075 423 2111 &ea
433 2083 472 2112 ex
483 2074 657 2112 Traditione
677 2074 723 2106 ad
740 2085 793 2112 nos
810 2074 934 2114 perlata
945 2097 956 2113 ,
981 2075 1046 2105 Za-

157 2123 315 2167 chariam,
340 2135 405 2161 cum
415 2129 449 2162 in
457 2123 515 2156 loco
526 2122 698 2166 Virginibus
722 2124 884 2165 deputato,
911 2126 1045 2158 Mariam

153 2172 219 2216 post
237 2177 358 2207 Domini
379 2176 509 2207 Parrum
527 2173 715 2218 collocavisset
734 2196 745 2213 ‚
781 2175 802 2204 ἁ
815 2176 847 2217 J
850 2174 946 2206 udaeis
965 2179 1044 2206 inter

158 2218 347 2266 templum&
360 2224 462 2256 Altare
474 2225 525 2266 effe
546 2224 750 2264 trucidatum,
775 2221 929 2265 accusante
950 2225 1045 2264 Popu-

160 2274 209 2315 lo,
233 2272 318 2315 quast
323 2285 359 2307 ea
369 2285 401 2306 re
412 2274 550 2315 Mirabile
569 2274 648 2310 illud
663 2283 698 2305 ac
717 2274 890 2309 inauditum
899 2275 1021 2317 signum
1033 2296 1043 2312 ,

159 2327 315 2368 Virginem
335 2324 473 2363 videlicet
488 2325 632 2366 peperisse
656 2326 837 2366 Virginitate
848 2330 1019 2364 incorrupta
1032 2346 1042 2362 ,

158 2374 344 2407 introducere
362 2384 398 2406 ac
414 2374 585 2415 praedicare
607 2373 746 2417 voluisset.
774 2373 817 2407 Et
829 2373 865 2408 in
879 2373 1042 2408 Oratione

158 2423 203 2457 ad
213 2421 335 2464 Christi
356 2423 499 2462 Domini
521 2423 742 2458 Nativitatem
763 2424 874 2460 Frater
897 2423 965 2465 ejus
975 2424 1042 2457 san÷

160 2473 432 2517 &usGregorius
453 2473 620 2517 Nyffenus
641 2472 823 2518 Episcopus
833 2473 874 2507 de
887 2473 1041 2507 extremis

159 2522 343 2564 deficientis
351 2523 532 2567 Synagogae
544 2522 759 2557 Facinoribus
769 2522 878 2557 scribit
891 2535 897 2554 :
925 2526 1042 2564 Oporte-

159 2572 216 2605 bat
226 2573 450 2617 utJudaeorum
461 2571 627 2613 Prophetas
637 2574 828 2606 occidentium
847 2596 857 2612 ‚
884 2574 917 2606 ὢ*
939 2574 959 2604 a
980 2576 1042 2606 Deo.

161 2622 255 2666 miffos
267 2622 418 2664 lapidibus
429 2621 614 2660 obruentium
627 2646 638 2662 ,
649 2633 684 2654 ac
695 2622 850 2655 Zacharia
860 2624 984 2656 tandem
995 2628 1042 2655 in-

159 2681 207 2711 ter
218 2673 359 2714 templum
372 2673 406 2706 (9⁰
418 2673 519 2705 Altare
538 2672 692 2714 interftllo
709 2674 861 2714 piaculum
879 2673 1049 2709 admittent

161 2728 238 2760 tium
248 2722 347 2754 rabies
359 2723 553 2766 detegeretur.
579 2723 680 2756 Hanc
690 2722 810 2759 caedem
830 2723 966 2756 affirmat
977 2722 1041 2760 effe

161 2771 374 2812 novissimum
385 2772 567 2816 Synagogae
589 2772 735 2813 facinus,
760 2773 794 2806 δε
814 2773 917 2816 ipsam
927 2772 1040 2816 adjun-

161 2823 211 2867 git
222 2832 349 2866 patrato
361 2832 416 2864 per
426 2822 596 2856 Herodem
614 2823 825 2862 lnfflntieidio
840 2847 851 2862 ,
876 2833 973 2866 atque
995 2824 1039 2856 ita

161 2871 261 2906 istum
283 2870 476 2910 Zachariam
502 2870 642 2906 omnino
661 2873 771 2909 censet
792 2874 886 2908 fuisse
908 2873 1038 2907 Patrem

161 2922 259 2955 saneti
271 2921 418 2965 Joannis.
446 2919 501 2955 Ad
513 2921 702 2968 vigesimum
713 2920 946 2958 tertiumsanCti
955 2924 1040 2962 Mat-

162 2969 239 3009 thaei
260 2968 368 3014 Caput
391 2970 499 3005 scribit
518 2970 618 3006 etiam
638 2972 857 3017 Bulgarorum
892 2973 1040 3008 Antistes

150 3019 437 3074 ‘Tbeophylacius
451 3034 457 3053 ε
484 3022 581 3061 Cujus
593 3021 752 3059 Zachariae
765 3022 932 3057 Dominus
943 3023 994 3059 hoc
1004 3025 1040 3056 lo-

163 3082 195 3109 co
204 3078 338 3109 meminit
350 3072 367 3103 ,θ’
393 3073 451 3104 Alii
473 3072 577 3103 dicunt
596 3072 679 3103 illum
689 3071 776 3115 fuiffie
799 3084 856 3105 uno
875 3075 912 3107 de
933 3075 1041 3108 duode-

162 3127 221 3154 cim
242 3120 398 3164 Prophetis
423 3146 433 3160 ,
459 3122 514 3157 alisi
535 3123 659 3154 Patrem
687 3121 883 3165 Prae-cursoris
909 3127 1038 3156 Domini.

165 3170 264 3209 Habet
286 3177 366 3205 enim
385 3178 430 3203 ita
454 3176 603 3206 Narratio
624 3169 707 3208 nobis
728 3173 845 3209 tradita
866 3197 877 3212 ,
903 3175 982 3216 quod
1001 3175 1039 3207 io-

165 3232 217 3254 cus
239 3222 360 3263 quidam
380 3227 412 3253 in
432 3222 539 3262 templo
555 3220 654 3262 fuerit
665 3245 675 3261 ,
700 3227 733 3259 in
752 3233 808 3263 quo
810 3221 932 3266 stabant
943 3227 1038 3267 Virgi-

163 3281 228 3303 nes.
261 3274 354 3313 Igitur
364 3282 430 3304 cum
449 3271 515 3314 esset
537 3270 679 3312 Pontifex
702 3295 712 3315 2
733 3270 886 3316 postquam
907 3277 1039 3315 Deipara

161 3320 315 3362 peperisset
326 3320 495 3361 Christum,
515 3322 549 3355 <a
562 3320 799 3367 statuysetillam.
812 3329 843 3354 in
854 3334 885 3355 eo
893 3324 969 3363 loco,
995 3330 1039 3356 in-

165 3371 285 3413 dignati
292 3367 364 3412 sunt
372 3380 474 3407 contra
486 3382 551 3409 eum
554 3374 587 3416 J
589 3372 669 3404 udaei
678 3396 689 3412 ‚
716 3377 750 3404 (⁹5
766 3373 932 3410 occiderunt
951 3384 1017 3406 eum
1029 3399 1039 3415 ‚

163 3419 316 3461 quodcum
327 3421 495 3464 Virginibus
507 3422 658 3464 collocasset
678 3422 828 3458 mullerem
840 3447 851 3463 ,
871 3434 939 3465 quae
950 3431 1039 3465 pepe-

157 3479 257 3507 rerat.
293 3472 366 3503 Non
384 3469 423 3511 est
444 3477 523 3506 enim
541 3470 676 3508 mirabile
696 3496 708 3515 ,
742 3474 823 3515 quod
842 3479 935 3509 etiam
945 3475 1038 3509 Pater

1923 118 1995 155 119

1107 170 1305 215 Praecurfirir
1322 170 1462 209 habuerit
1481 174 1606 208 Patrem
1627 173 1811 209 Barachiam
1830 200 1841 218 ,
1859 176 1935 219 ficut
1952 178 1988 215 (5

1106 229 1134 257 is
1157 228 1208 264 qui
1226 233 1265 255 ex
1288 222 1438 262 duodecim
1458 231 1546 264 erat,
1573 224 1683 261 dicitur
1693 225 1854 259 Barachiae
1875 229 1988 262 Filius,

1108 271 1267 313 Verisimile
1278 271 1317 312 est
1328 296 1340 312 ‚
1365 274 1446 314 quod
1445 272 1521 313 ficut
1530 274 1575 311 illi
1579 272 1710 315 fuerunt
1720 280 1900 317 cognomines
1912 302 1924 318 ,
1943 283 1991 313 ita

1108 324 1141 357 ὁ*
1153 325 1262 360 Patres
1274 320 1410 365 ipfhrum.
1438 322 1531 362 Idem
1548 321 1821 371 TheophylaQus
1833 327 1938 368 pergit
1948 326 1992 364 ad

1108 372 1326 413 undecimum
1337 381 1435 416 caput
1445 373 1544 407 santii
1557 373 1656 408 Lucae
1672 385 1679 405 :
1707 373 1861 417 ‚Quisfuit
1873 374 1994 412 zacha.-

1107 428 1179 463 rias
1200 446 1212 462 ,
1247 434 1334 464 quem
1353 424 1522 463 occiderunt
1543 428 1622 457 inter
1644 425 1787 466 templum
1807 425 1843 458 (5
1860 424 1993 465 Altare?

1108 473 1168 513 Alii
1179 473 1297 514 quidem
1307 474 1409 505 dicunt
1411 471 1500 515 fuiffe
1507 472 1640 516 priscum
1659 473 1845 515 Zachariam
1864 499 1876 515 ,
1897 477 1931 519 J
1932 476 1995 515 ojic-

1109 524 1157 558 dae
1169 523 1283 564 Filium
1295 546 1306 562 ‚
1331 533 1418 565 quem
1426 524 1603 564 lapidarunt
1613 548 1623 564 ,
1650 533 1684 556 ut
1695 522 1836 567 discimus
1856 525 1906 557 ex'
1918 523 1994 563 libro

1109 576 1231 616 Regum.
1259 573 1317 606 Alii
1328 574 1401 611 vero
1413 575 1536 606 Patrem
1548 572 1744 616 Praecurfitris
1756 598 1766 613 ‚
1793 577 1827 608 eo
1845 575 1926 616 quod
1945 574 1994 611 ille

1109 624 1305 663 ordinaverat
1318 626 1375 663 Dei
1386 625 1570 661 Genetricem
1590 634 1656 657 cum
1680 624 1851 667 Virginibus
1864 648 1875 664 ‚
1896 629 1995 657 etiam

1105 671 1257 715 postquam
1262 674 1417 716 pepertffet
1427 671 1577 716 Chr-(stum
1587 697 1597 713 ,
1624 674 1659 711 (θ’
1669 672 1855 711 constituerat
1877 685 1944 707 eam
1960 679 1995 706 in

1109 724 1185 763 loco,
1211 734 1267 765 quo
1285 724 1347 756 illae
1362 723 1456 764 stant.
1492 727 1548 756 Hic
1569 729 1649 764 enim
1657 723 1735 759 locus
1757 722 1796 761 est
1817 729 1897 756 inter
1921 732 1996 756 tem-

1106 772 1191 813 plum
1203 774 1237 815 (ft
1249 774 1351 811 Altare
1361 798 1372 814 ‚
1398 774 1479 816 quod
1487 772 1526 818 est
1535 781 1626 811 extra
1636 775 1776 807 AEreum.
1815 776 1861 809 Et
1876 780 1996 814 propte-

1111 833 1161 854 rea
1175 824 1341 863 occiderunt
1350 835 1425 860 eum.
1453 828 1541 859 Nam
1551 829 1622 866 quia
1632 822 1847 867 exspet‘labant
1868 823 1995 864 quidam

1112 870 1259 911 Christum
1268 876 1378 916 Regem
1385 871 1476 916 ficum
1490 873 1631 915 futurum
1644 898 1654 914 ‚
1680 873 1818 907 nolebant
1828 881 1930 906 autem
1940 876 1997 905 Re-

1105 932 1175 964 gem
1177 920 1264 962 ferre
1275 946 1286 962 ‚
1312 924 1376 956 ideo
1387 925 1552 959 occiderunt
1572 924 1714 961 santium
1724 948 1734 964 ,
1761 929 1813 966 qui
1836 923 1995 966 afferuerat

1111 974 1261 1014 Virginem
1266 976 1408 1016 peperisse
1431 997 1443 1013 ,
1466 974 1501 1016 <gt
1524 973 1673 1016 Christum
1693 983 1798 1008 natum
1818 973 1870 1015 effe
1892 984 1997 1017 regna-

1109 1029 1211 1060 turum
1215 1019 1306 1064 super
1315 1033 1364 1056 eos
1376 1047 1387 1062 ,
1412 1024 1494 1065 quod
1502 1022 1735 1066 aversabantur.
1770 1023 1904 1067 Utique
1925 1023 1998 1057 He·

1110 1069 1199 1104 rodis
1209 1072 1313 1116 Regis
1323 1073 1423 1109 factio
1436 1096 1448 1112 ,
1475 1084 1546 1115 quae
1566 1074 1599 1106 &
1619 1074 1656 1106 in
1680 1073 1896 1108 Infanticidia
1917 1084 1998 1107 con·

1109 1120 1255 1154 senserat.
1294 1121 1440 1157 Proinde
1460 1119 1526 1163 haec
1549 1121 1652 1163 caedes
1672 1123 1802 1157 videtur
1821 1123 1997 1166 contigisse

1109 1169 1180 1216 post
1192 1170 1292 1206 Sacrae
1303 1171 1456 1217 Virginis
1467 1171 1740 1213 Purificationem
1751 1197 1762 1214 ,
1787 1182 1844 1208 aut
1856 1171 1998 1205 Infanti-

1108 1220 1188 1255 cidii
1199 1230 1348 1266 tempore
1367 1247 1379 1263 ,
1404 1233 1462 1259 aut
1480 1222 1589 1256 statim
1612 1222 1683 1266 post
1704 1223 1818 1266 ipsum.
1859 1222 1998 1256 Etenim

1107 1270 1170 1304 alia
1182 1270 1348 1314 Zachariae
1358 1273 1393 1306 in
1407 1272 1584 1317 Virginem
1595 1273 1741 1315 Matrem
1762 1273 1942 1308 reverentia
1953 1273 1998 1306 vi-

1106 1319 1353 1362 deturomnino
1362 1324 1442 1358 fasta
1463 1323 1500 1357 in
1522 1322 1769 1365 Purificatione.
1804 1322 1931 1363 Eadem
1943 1322 1998 1361 die

1107 1371 1189 1406 fasta
1200 1374 1276 1406 sunt
1289 1373 1454 1413 Simeonis
1466 1372 1645 1417 Prophetia
1657 1398 1668 1413 ‚
1693 1372 1830 1416 &plura
1842 1373 1906 1409 alia
1918 1397 1929 1412 ,
1953 1384 1999 1406 ex

1106 1421 1225 1465 quibus
1235 1433 1326 1457 mota
1337 1424 1402 1463 fuit
1414 1423 1528 1458 omnis
1538 1423 1774 1466 Hierosolyma
1785 1447 1796 1462 ,
1822 1423 1857 1456 ὅ(
1877 1421 1998 1465 quibus

1106 1472 1258 1509 Herodes
1270 1472 1352 1507 vidit
1363 1475 1394 1515 se
1405 1473 1583 1514 delustrma
1595 1472 1708 1516 Magis
1720 1496 1733 1512 ,
1753 1482 1850 1515 atque
1861 1473 1907 1506 ita
1919 1473 1998 1508 emi-

1105 1522 1142 1557 sit
1155 1522 1285 1557 crudele
1305 1522 1461 1557 Edictum
1482 1522 1700 1557 Infanticidii.
1737 1522 1876 1556 sanetus
1888 1523 1997 1556 infans

1106 1571 1247 1619 joannes
1259 1584 1335 1614 cum
1349 1573 1459 1610 Matre
1475 1574 1645 1618 aufugerat
1664 1597 1674 1612 ,
1699 1572 1732 1606 δε
1754 1572 1851 1606 Pater
1875 1570 1998 1606 Zacha-

1105 1622 1168 1656 rias
1190 1622 1344 1666 pergebat
1375 1622 1555 1658 adventurn
1589 1621 1712 1657 Christi
1736 1622 1839 1667 Regis
1857 1623 1996 1666 firmare.

1105 1672 1198 1706 Hinc
1208 1672 1340 1715 Iudaica
1354 1673 1501 1707 Herodis
1512 1673 1610 1707 factio
1620 1673 1727 1716 ipsum
1738 1673 1860 1708 invasit.
1898 1673 1996 1707 Hinc

1105 1720 1255 1756 Christus
1278 1722 1447 1757 Dominus
1464 1722 1547 1758 illud
1569 1724 1699 1759 facinus
1720 1747 1731 1763 ,
1759 1722 1850 1766 quod
1869 1723 1995 1758 sanstus

1104 1770 1220 1812 1’etrus
1230 1772 1360 1814 Herodi
1370 1772 1523 1815 adscribit
1535 1798 1546 1815 ‚
1572 1773 1736 1817 adscripsit
1750 1772 1875 1816 Judaeis.
1903 1773 1995 1820 Qia
2040 1775 2042 1777 '

1104 1822 1167 1859 fuit
1177 1821 1339 1863 ambobus
1348 1834 1537 1865 commune.
1576 1824 1671 1864 Hinc
1681 1824 1800 1864 iterum
1811 1823 1911 1857 aliam
1924 1824 1995 1857 san-

1104 1872 1173 1911 stus
1185 1870 1299 1910 Petrus
1308 1873 1340 1906 &
1351 1874 1478 1913 sandius
1488 1871 1712 1916 Epiphanius;
1736 1873 1836 1908 aliam
1848 1873 1939 1907 istius
1950 1874 1995 1907 fa*

1105 1921 1227 1955 cinoris
1247 1922 1389 1955 caussam
1413 1922 1583 1957 adducunt
1620 1924 1743 1956 sancius
1780 1922 1928 1966 Cyrillus
1954 1934 1993 1959 ac

1105 1969 1380 2015 Theophylastus
1394 1996 1404 2012 ,
1430 1973 1463 2006 &
1475 1971 1660 2007 fibimutuo
1672 1983 1741 2007 non
1763 1972 1992 2008 adversantur:

1104 2021 1193 2068 Qia
1214 2022 1331 2065 nempe
1349 2022 1457 2057 caussa
1479 2021 1657 2057 intervenit
1675 2024 1709 2057 ὃς
1733 2024 1909 2058 concurrit.
1948 2024 1992 2057 Et

1104 2069 1182 2105 hinc
1204 2073 1329 2106 sanstus
1348 2072 1580 2118 Hieronymus
1599 2074 1657 2117 qui
1680 2073 1778 2107 istum
1798 2072 1995 2115 Zachariam

1104 2121 1174 2161 vult
1183 2122 1277 2156 fuiffe
1299 2122 1415 2165 Jojadae
1436 2122 1611 2157 Pontificis
1633 2123 1759 2157 Filium
1782 2124 1816 2158 ὃς
1838 2125 1994 2159 successo.-

1103 2182 1170 2205 rem
1185 2196 1196 2212 ,
1222 2184 1292 2207 non
1302 2173 1348 2207 est
1372 2172 1565 2208 infallibilis.
1594 2173 1798 2218 Recipienda
1820 2175 1994 2218 praesertim

1104 2233 1173 2256 non
1189 2223 1263 2260 sunt
1276 2221 1422 2266 haecejus
1432 2223 1529 2258 verba
1550 2235 1557 2256 ε
1586 2225 1644 2258 Alii
1661 2220 1846 2262 ,Zachariam
1866 2228 1994 2268 Patrem

1097 2275 1129 2316 J
1132 2278 1238 2307 oannis
1260 2275 1386 2317 intelllgi
1405 2274 1511 2311 volunt
1542 2285 1580 2307 ex
1612 2273 1792 2318 quibusdam
1815 2274 1991 2318 apocrypho-

1102 2333 1168 2355 rum
1186 2321 1312 2366 anoniis
1347 2324 1549 2366 approbantes
1580 2325 1663 2367 quod
1686 2333 1846 2368 propterea
1858 2324 1899 2366 fit
1921 2331 1991 2358 occi-

1097 2370 1151 2414 sus
1163 2397 1174 2412 ‚
1200 2379 1273 2416 quia
1292 2375 1463 2411 salvatoris
1476 2375 1705 2415 praedicaverat
1725 2376 1902 2409 adventum.
1934 2376 1991 2409 Et-

1075 2452 1078 2455 .
1102 2423 1192 2461 enim
1203 2434 1373 2466 nunquam
1384 2423 1553 2459 credidero
1563 2426 1706 2462 sanstum
1719 2425 1855 2460 Petrum
1868 2436 1907 2460 ac
1919 2437 1991 2463 om-

1103 2484 1179 2506 nem
1191 2473 1261 2516 ejus
1273 2473 1447 2517 Synodum
1459 2474 1554 2511 fuiffe
1563 2476 1695 2509 secutos
1703 2474 1839 2520 Apocry
1843 2473 1988 2519 phorum

1102 2523 1238 2556 somnia.
1264 2524 1407 2558 Firmius
1417 2523 1516 2558 credo
1540 2525 1603 2559 esse
1624 2525 1756 2561 locutos
1777 2537 1820 2559 ex
1829 2523 1992 2564 authenti-

1100 2585 1138 2607 ca
1156 2572 1367 2608 Traditione.
1402 2574 1447 2608 Et
1469 2574 1555 2608 certe
1586 2575 1725 2618 ipsemet
1756 2576 1989 2619 Hieronymus

1101 2624 1189 2660 suam
1200 2624 1395 2670 opinionem
1409 2623 1565 2668 approbat
1575 2637 1615 2661 ex
1627 2624 1820 2670 apocrypho
1840 2626 1988 2669 Evange-

1101 2673 1146 2707 lio
1160 2673 1400 2717 Nazaraeorum,
1430 2675 1497 2709 Res
1508 2675 1664 2710 miranda.
1694 2676 1746 2709 Ea
1766 2687 1837 2719 quae
1856 2675 1926 2708 illic
1946 2675 1989 2708 de

1100 2722 1218 2769 Jojadae
1230 2735 1267 2758 ac
1279 2723 1445 2763 Barachiae
1455 2724 1624 2761 vocabulis
1634 2750 1645 2765 ‚
1672 2737 1711 2759 ac
1729 2726 1875 2767 ipsorum
1893 2725 1989 2768 figni-

1101 2773 1255 2809 ficatione
1273 2773 1409 2811 adducit
1433 2798 1444 2814 ‚
1483 2776 1600 2809 servire
1626 2776 1746 2818 postint
1778 2775 1818 2809 ad
1840 2775 1988 2810 santium

1101 2822 1324 2867 Epiphanium
1337 2848 1347 2864 ‚
1360 2825 1432 2870 ..9¹²1
1456 2824 1587 2861 Patrem
1610 2825 1744 2868 Ioannis
1763 2825 1850 2858 dixit
1871 2824 1989 2867 Jojadae

1099 2874 1222 2908 Filium
1234 2899 1244 2914 ‚
1270 2874 1519 2911 conciliandum
1529 2886 1605 2908 cum
1619 2875 1693 2913 aliis
1706 2899 1716 2914 ,
1741 2876 1798 2917 qui
1808 2874 1925 2909 dicunt
1935 2874 1988 2908 Fi·

1099 2924 1180 2961 lium
1193 2923 1364 2958 Barachiae.
1393 2924 1632 2962 Gnosticorum
1653 2924 1789 2959 Haerefis
1811 2923 1830 2957 ὲ
1851 2924 1987 2962 Simone

1100 2974 1205 3019 Mago
1216 2974 1312 3008 duxit
1323 2974 1488 3019 originem
1503 2989 1512 3007 .·
1541 2975 1585 3009 Et
1597 2974 1727 3012 faedavit
1739 2974 1807 3016 ipsa
1815 2972 1987 3018 Apostoli-

1099 3036 1137 3059 ca
1149 3034 1305 3068 tempora.
1329 3025 1373 3059 Et
1386 3034 1462 3061 nata
1474 3024 1519 3059 est
1534 3025 1619 3058 inter
1631 3024 1733 3067 ipsam
1744 3023 1896 3069 Judaeam.
1910 3024 1988 3059 Plu·

1100 3074 1188 3109 ribus
1201 3073 1267 3107 haec
1280 3074 1458 3112 monstravi
1471 3075 1505 3107 in
1519 3073 1661 3108 Scholiis
1671 3073 1712 3108 ad
1725 3073 1987 3118 Praescriptiones

1100 3124 1314 3160 Tertulliani.
1340 3124 1485 3158 Proinde
1494 3124 1550 3157 illa
1563 3123 1799 3169 Evangelicam
1811 3125 1905 3168 ipsius
1916 3126 1988 3159 Do-

1101 3175 1184 3208 mini
1198 3174 1469 3212 Praedicationem
1480 3183 1536 3209 aut
1549 3173 1673 3209 viderat
1681 3198 1692 3214 ,
1703 3184 1760 3208 aut
1773 3174 1922 3217 proxime
1931 3186 1986 3209 au-

1099 3224 1212 3259 dierat.
1241 3223 1288 3260 At
1300 3223 1376 3257 vero
1387 3248 1397 3263 ‚
1422 3223 1499 3257 licet
1512 3223 1688 3262 Fabulosas
1697 3224 1821 3259 caussas
1834 3224 1959 3260 adserat
1973 3249 1986 3265 ‚

1099 3274 1216 3308 adserit
1228 3272 1316 3307 hunc
1330 3274 1414 3307 inter
1427 3273 1585 3312 Altare&
1607 3274 1734 3313 AEdem
1755 3275 1903 3315 occisum
1925 3275 1988 3309 Za-

1100 3323 1245 3358 chariam
1257 3323 1350 3356 fuisse
1361 3322 1492 3362 Patrem
1512 3324 1611 3363 sanffl,
1632 3324 1776 3367 Ioannis,
1805 3324 1896 3359 Vide
1918 3323 1985 3359 haec

1100 3374 1186 3418 apud
1207 3374 1354 3407 sanctum
1375 3371 1608 3416 Epiphanium.
1646 3373 1706 3409 An
1724 3375 1781 3412 ille
1794 3377 1891 3409 fuerit
1903 3376 1986 3408 sum-

1103 3436 1175 3459 mus
1186 3423 1343 3458 Pontifex
1366 3447 1377 3463 ‚
1402 3423 1447 3457 est
1472 3423 1536 3459 alia
1556 3423 1698 3468 quaestio.
1736 3426 1856 3470 Magni
1871 3425 1983 3459 Patres

1101 3483 1178 3510 ante
1199 3471 1491 3518 Theophylactmn
1513 3476 1663 3513 afferunt.
1701 3475 1778 3511 Hos
1795 3477 1885 3511 'inter
1906 3476 1983 3508 sunu

1920 3523 1988 3557 san-
