2346 3776
98 2887 106 2895 .
128 2877 172 2904 57.

640 69 948 133 Scaeuini,
978 75 1046 120 ϊετ
1081 78 1257 123 Nous
1288 73 1653 130 mmmmm,
1891 94 1989 141 405

240 169 315 215 cnr
335 182 362 210 ·.··
385 162 450 210 At
474 154 601 209 nobis
635 155 1003 223 confiderantibus
1022 156 1191 213 attulit
1213 155 1497 231 pientissimus
1527 160 1576 205 ⁷&
1600 155 1926 222 ‚religiofiffimus
1962 166 2067 232 Epi·-

239 230 673 302 scopusveralerianus
707 224 953 286 schedulam
969 225 1241 303 *synodicam
1279 225 1766 295 de'‘illis'''compffitam
1802 233 1850 287 in
1874 250 2069 295 magna...

236 296 622 369 *Constantinopoli
646 297 724 351 sub
746 298 884 353 beatae
908 300 1126 349 memoriae
1149 297 1330 347 Sifinnio
1353 318 1366 347 ε
1401 300 1498 365 quae
1522 296 1598 355 ubi
1621 295 1754 360 leRa,
1787 301 1846 357 ab
1868 302 2072 358 omnibus

235 372 423 444 probata
447 370 508 419 est
531 406 545 432 ,
580 368 705 438 quod
730 369 840 437 bene
864 369 917 417 sit
941 368 1119 418 condita
1142 405 1155 430 ‚
1191 372 1390 435 reeteque
1415 368 1573 428 habeat
1596 405 1610 417 .
1647 372 1706 428 Et
1739 370 1905 443 placuit
1942 373 2071 423 nobis

236 440 438 499 omnibus
473 444 517 493 &
541 440 815 508 PIentiffimis
832 448 834 450 ’
852 438 1076 507 Episcopis
1109 440 1347 489 Valeriano
1380 443 1423 492 &
1460 439 1778 507 Amphilochio
1801 477 1815 503 ,
1849 445 1893 497 δι’
1926 434 2070 497 omni.

235 514 318 563 bus
342 512 614 579 Pamphyliae
648 516 691 560 δε
717 513 954 579 Lycaoniae
977 511 1306 563 Provinciarum
1330 509 1600 577 pientissimis
1624 508 1876 580 Episcopis,
1899 527 1949 566 ut
1972 530 2070 561 om,

236 586 311 634 nia
334 620 347 644 ‚
383 600 479 650 quae
515 585 562 630 in
599 579 808 648 synodica
830 581 981 629 charta
1004 584 1214 638 'contenta
1236 618 1254 646 ³.
1285 579 1417 636 robur
1453 580 1679 643 habeant,
1713 586 1756 632 &
1792 583 1913 639 nullo
1938 582 2071 637 modo

235 651 533 723 praetereunda
554 673 568 711 3
604 667 653 700 ut
677 648 813 700 solida
838 651 919 699 sint
955 655 998 699 &
1022 668 1073 700 ea
1097 686 1109 711 ,
1145 669 1242 717 quae
1264 647 1315 699 'in
1339 649 1603 701 Alexandria
1638 657 1731 707 adia
1755 651 1851 702 sunt
1874 675 1888 712 3
1924 654 1987 701 ita
2022 669 2071 706 ut

237 741 391 773 omnes
416 760 430 784 ‚
466 725 544 791 qui
570 739 646 790 per
671 719 911 771 universam
948 723 1225 769 Provinciam
1263 722 1456 776 haeretici,
1475 719 1715 771 Meffaliani
1747 724 1819 772 vel
1844 723 2072 772 Enthufia-

240 795 312 843 stae
338 793 434 843 sunt
458 831 472 855 ,
508 794 579 847 vel
614 790 668 843 de
693 798 784 860 ejus
822 789 1023 848 haereseos
1061 791 1215 847 morbo
1238 789 1413 858 filspeffl
1434 828 1449 854 ,
1466 791 1570 850 ‘five
1596 792 1760 850 Clerici
1784 829 1798 854 ,
1833 793 1919 843 five
1949 796 2072 848 Laici

238 865 322 915 sint
347 901 360 924 ,
394 865 709 914 conveniantur
735 883 746 920 ς
783 866 826 912 &
850 862 881 910 fi
902 860 1081 929 quidem
1106 862 1575 919 anathematizaverint
1597 866 1718 928 juxta
1742 880 1793 911 ea
1817 899 1830 924 ‚
1866 880 1962 929 quae
1987 867 2073 917 in*

230 933 439 1002 ›praedieta
465 932 645 1000 Synodo
668 932 829 1000 scripto
853 934 1138 999 pronuntiata
1162 930 1257 980 sunt
1280 968 1294 993 ‚
1331 934 1378 991 in
1402 931 1570 1000 scriptis
1595 969 1608 994 ‚
1644 933 1676 989 fi
1701 933 1864 983 Clerici
1888 932 2071 995 fuerint,

235 1019 442 1054 maneant
466 1003 634 1052 Clerici
658 1023 687 1061 3⁴
708 1003 740 1052 fi
765 1005 886 1052 Laici
910 1040 924 1063 ,
959 1001 1016 1051 ad
1039 1004 1391 1061 communionem
1416 1001 1704 1062 admittantur
1729 1041 1741 1052 .
1789 1003 1924 1072 Qod
1949 1001 1980 1050 fi
2006 1022 2072 1053 re-

234 1077 409 1125 nuerint
444 1074 818 1130 anathematizare
842 1095 856 1133 3
893 1073 925 1121 fi
958 1072 1207 1140 Presbyteri
1242 1072 1314 1122 vel
1339 1074 1532 1132 Diaconi
1570 1073 1729 1131 fiierint
1757 1109 1770 1135 ,
1805 1077 1876 1124 vel
1914 1077 1960 1123 in
1983 1075 2073 1128 alio

235 1147 449 1213 quopiam
486 1143 621 1207 gradu
659 1143 857 1201 Ecclefiae
881 1180 894 1205 ,
928 1142 1133 1193 excidant
1167 1147 1211 1192 &
1236 1141 1262 1201 ὲ
1287 1143 1407 1192 clero
1439 1147 1483 1192 &
1519 1141 1545 1191 a
1578 1143 1714 1206 gradu
1748 1148 1791 1200 ,ὃς
1828 1142 1854 1193 a
1878 1161 2072 1193 commu-

235 1218 367 1264 nione
393 1236 405 1267 :
441 1217 566 1264 Laici
590 1215 697 1264 vero
721 1215 1170 1272 anathematizentur.
1207 1215 1415 1262 Convidti
1443 1231 1621 1280 quoque
1644 1231 1735 1271 non
1763 1217 2072 1282 permittantur

232 1285 395 1334 habere
423 1285 680 1341 monasteria
705 1322 719 1346 ,
755 1300 804 1334 ut
834 1302 889 1332 ne
919 1286 1094 1333 zizania
1119 1282 1416 1343 diffundantur
1451 1288 1493 1332 &
1523 1283 1714 1343 crescant
1739 1320 1751 1332 .
1801 1288 1904 1334 Haec
1936 1301 1986 1335 ut
2016 1284 2075 1337 fic

235 1372 421 1418 agantur
446 1394 459 1417 ,
494 1373 645 1413 omnes
680 1357 793 1411 vires
823 1354 1053 1410 intendant
1088 1353 1338 1422 pientiffimi
1377 1353 1580 1422 Episcopi
1609 1351 1874 1404 Valerianus>
1899 1360 1942 1404 δε
1966 1361 2076 1404 Arn-

233 1426 485 1494 philochius
510 1463 524 1488 ,
557 1428 790 1493 caeterique
814 1424 1143 1484 reverendiffimi
1171 1425 1307 1472 totius
1335 1427 1573 1474 Provinciae
1596 1424 1831 1492 Episcopi.
1867 1425 1997 1474 Unde
2022 1423 2079 1476 ad

234 1497 328 1545 haec
355 1498 522 1570 placuit
547 1533 562 1560 ,
598 1496 757 1551 librum
783 1496 1002 1560 pollutum
1032 1495 1147 1550 illius
1184 1493 1387 1540 haereseos
1413 1530 1426 1552 ,
1461 1496 1542 1559 qui
1583 1493 1743 1542 dicitur
1779 1492 2079 1558 Asceticon„

234 1565 600 1620 anathematizari
625 1600 638 1623 ‚
673 1580 807 1629 quem
831 1563 1040 1610 attulerat
1068 1561 1399 1622 religiosrflimus
1434 1567 1477 1610 δε
1503 1562 1787 1627 pientiffimus
1813 1565 2081 1624 Valerianus,

232 1634 394 1701 utpote
422 1634 479 1688 ab
508 1634 722 1689 haereticis
748 1631 1036 1697 compositum
1062 1667 1074 1679 .
1126 1631 1332 1679 Similiter
1355 1630 1386 1682 fi
1424 1630 1534 1697 quid
1559 1631 1732 1680 illorum
1761 1635 2083 1701 impietatem*

237 1703 406 1771 sapiens
440 1700 556 1770 apud
596 1701 825 1770 plerosque
853 1701 1100 1750 inveniatur
1123 1737 1136 1762 ,
1173 1703 1307 1749 etiam
1335 1700 1419 1748 hoc
1459 1701 1691 1750 anathema
1735 1703 1786 1752 fit
1812 1740 1824 1751 .
1874 1709 2084 1753 Praeterea

238 1773 345 1822 dum
369 1774 637 1828 conveniunt
661 1809 674 1833 ‚
723 1790 820 1840 quae
843 1772 970 1820 utilia
1005 1776 1047 1823 &
1074 1769 1301 1823 necessaria
1326 1770 1382 1818 ad
1414 1771 1693 1820 concordiam
1742 1777 1785 1822 δε
1812 1778 2085 1823 communio-

239 1862 348 1895 nem
377 1848 420 1892 &
443 1840 808 1910 dispensationem
849 1879 862 1903 ‚
898 1841 1121 1893 manifeste
1163 1840 1332 1907 scriptis
1359 1841 1717 1891 commendentur
1748 1880 1760 1890 .
1813 1847 1854 1892 Si
1893 1846 2084 1894 autenLss,

239 1913 420 1982 quaestio
444 1913 604 1962 oborta
629 1912 684 1961 de
715 1914 782 1961 his
808 1950 821 1974 ,
857 1929 953 1980 quae
978 1914 1024 1959 in
1051 1912 1134 1960 hoc
1163 1913 1346 1974 negotio
1381 1910 1477 1970 sunt
1505 1949 1518 1973 ,
1554 1916 1597 1961 &
1633 1913 1664 1960 fi
1694 1912 1803 1980 quid
1828 1914 2005 1964 difficile
2040 1920 2084 1964 &

240 1986 494 2047 ambiguum
524 1982 678 2045 fuerit,
714 1982 838 2050 quod
862 1981 1133 2051 pientissimis
1164 1979 1389 2048 Episcopis
1414 1983 1647 2042 Valeriano
1683 1988 1725 2042 δε
1750 1986 2081 2053 Amphilochio,

238 2054 489 2121 caeterisque
532 2071 625 2123 per·
651 2069 793 2111 totam
831 2054 1107 2103 Provinciam
1153 2051 1382 2118 Episcopis
1417 2088 1430 2111 ,
1466 2070 1555 2102 non
1593 2052 1802 2120 probatur
1840 2092 1852 2116 ‚
1890 2056 2080 2104 admotis

241 2124 412 2194 scriptis
440 2127 590 2174 omnia
615 2141 815 2183 excutere
842 2123 1003 2173 debent
1028 2159 1041 2173 .
1078 2127 1137 2172 Et
1175 2122 1205 2170 fi
1235 2122 1370 2180 reliCti
1396 2121 1555 2173 fuerint
1592 2119 1843 2190 pientissimi
1873 2120 2081 2194 Episcopi

241 2197 314 2245 vel
342 2198 581 2263 Lyciorum
606 2232 619 2255 ‚
655 2196 726 2245 vel
750 2197 1112 2262 Lycaoniorum3
1149 2209 1236 2241 non
1275 2193 1544 2258 relinquatur
1582 2208 1731 2242 tamen
1771 2198 2081 2262 Metropolitas·-

241 2283 322 2314 nus
346 2301 359 2326 ,
395 2267 637 2322 Provinciae
661 2264 965 2331 cujuscumque
995 2263 1123 2312 fuerit
1150 2299 1163 2310 .
1200 2267 1252 2311 In
1281 2267 1616 2313 commentarios
1664 2265 1755 2313 haec
1793 2265 2079 2327 reserenda-³,

241 2351 292 2384 ut
327 2336 358 2383 fi
398 2339 475 2403 qui
519 2353 629 2403 opus
670 2335 832 2385 habent
872 2337 924 2384 iis
948 2371 962 2396 ,
998 2336 1222 2385 inveniant
1248 2369 1261 2394 ,
1297 2332 1389 2400 quo
1429 2335 1562 2392 etiam
1603 2335 1700 2395 aliis
1738 2352 1789 2396 ea
1810 2329 2089 2400 'diligentius-

237 2421 461 2477 txponant
476 2442 488 2457 ο

1195 2567 1280 2595 Nam
1293 2563 1327 2596 ts·
1336 2559 1584 2604 repentejbltant
1593 2584 1604 2600 ,
1629 2558 1760 2603 &super
1770 2562 1917 2595 daemones
1924 2560 1959 2604 se
1965 2559 2077 2604 stlta}

1190 2611 1224 2655 se
1239 2613 1366 2654 jac‘lant
1378 2637 1388 2651 ,
1415 2613 1449 2645 Θ
1460 2613 1566 2654 digitu
1583 2608 1801 2654 sagittantium
1816 2610 1941 2654 speciem
1961 2611 2075 2652 prafe-

1194 2672 1268 2695 runt
1278 2687 1289 2702 ‚
1314 2668 1347 2699 in
1360 2662 1506 2697 doemones
1519 2659 1554 2705 se
1556 2661 1692 2701 jaculari
1713 2662 1897 2702 affirmantes
1910 2687 1916 2694 .
1946 2664 1996 2696 Et:
2011 2662 2073 2693 alia

1188 2714 1332 2754 pleraque
1354 2720 1450 2756 agunt
1462 2710 1552 2752 simili
1569 2709 1672 2751 furore
1686 2711 1798 2751 plena,
1811 2723 1814 2725 ·
1827 2710 1958 2745 Deinde
1971 2712 1993 2747 ἆ
2013 2711 2075 2748 da:-

1192 2773 1274 2795 mone
1285 2785 1295 2801 ,
1322 2766 1376 2803 qui
1386 2773 1436 2794 eos
1444 2767 1542 2804 agitat
1554 2783 1564 2798 ,
1591 2761 1705 2800 decept}
1718 2763 1913 2800 revelationes
1924 2759 1956 2802 se
1969 2761 2073 2802 vidisse

481 2561 901 2610 SCHOLION.

244 2688 249 2732 s
361 2707 516 2744 Essaliani
525 2708 654 2751 syriace
665 2733 676 2753 ‚
690 2707 811 2743 Latine
819 2709 1009 2746 Precatores
1020 2734 1030 2751 ,
1044 2712 1128 2746 Grae-

385 2758 421 2792 ce
454 2757 609 2796 Euchetae
629 2783 640 2799 ,
677 2758 832 2794 Psalliani
856 2784 867 2800 ,
902 2759 1105 2804 Adelphiani
1118 2784 1129 2806 ,

244 2805 457 2843 Enthufiastae
479 2809 554 2842 sunt
573 2808 718 2852 ejusdem
742 2810 859 2845 erroris
875 2811 1007 2853 peffimi
1026 2811 1130 2846 divet-

245 2858 279 2890 sa
301 2857 440 2891 nomina
461 2882 468 2889 .
507 2858 576 2891 Cur
602 2858 756 2894 Euchetae
791 2861 856 2893 seu·
876 2860 1064 2897 Precatores
1085 2861 1131 2895 di-

243 2916 380 2947 cantur,
408 2908 538 2941 causam
559 2907 614 2942 dat
641 2909 776 2944 Sanctus
798 2908 1004 2953 Augustinus
1025 2912 1061 2945 in
1091 2912 1130 2946 li-

246 2955 308 2990 bro
334 2956 375 2991 de
387 2955 572 2991 haerefibus:
599 2959 730 2994 Tantam
744 2968 852 2999 orant,
878 2966 991 3001 ateis,
1018 2960 1131 3004 quthoc

245 3008 286 3039 de
300 3008 359 3040 illis
371 3008 523 3047 audiunt,
545 3008 718 3043 incredibile
729 3011 889 3044 videatur.
919 3010 976 3045 Ad
986 3011 1127 3046 litteram

246 3057 382 3100 implere
406 3057 524 3091 volunt
546 3057 688 3092 Domini
710 3058 859 3096 Verbum
875 3074 886 3096 .·
912 3065 1037 3103 oportet
1052 3060 1129 3105 Jem—

242 3114 299 3148 per
322 3118 405 3140 orare
418 3132 428 3147 ‚
454 3108 558 3144 &vnon
577 3108 718 3150 deficere.
748 3109 815 3143 Cur
827 3110 980 3146 dicantur
1001 3110 1129 3145 Enthu-

244 3156 339 3190 fiastae
360 3158 414 3190 seu
438 3157 562 3200 Spiritu
577 3157 697 3194 ‘adflari
720 3183 730 3199 ‚
756 3159 897 3194 edifferit
922 3159 1127 3196 ›Theodore-

245 3214 297 3240 tus
309 3220 319 3240 .·
346 3211 415 3240 Vim
435 3208 576 3243 daemonis
585 3207 786 3253 quusdamin
804 3217 920 3243 animos
927 3209 998 3257 suos
1020 3214 1128 3245 admit-

73 3250 136 3285 l·4·
152 3257 229 3279 ΜΟ·
245 3263 315 3289 tunt
327 3281 337 3297 ,
363 3269 484 3300 eamque
502 3260 632 3300 spiritus
649 3257 749 3304 sandi
766 3260 962 3304 praesentiam
973 3262 1123 3297 arbitran-

246 3312 320 3337 tur:
340 3307 529 3354 Quomodo
554 3308 656 3342 h‘odie
682 3309 783 3345 nostri
810 3310 1032 3354 Anabaptistae
1053 3336 1064 3352 ,
1090 3324 1127 3345 ac

250 3355 495 3392 Svencfeldiani
508 3383 519 3399 ,
546 3359 604 3401 qui
618 3360 683 3393 sese
703 3360 819 3394 dicunt
831 3361 975 3395 coelestes
984 3360 1129 3405 Prophe-

248 3414 316 3437 tas.
346 3403 449 3442 Addit
468 3408 501 3442 in
515 3419 630 3452 quarto
652 3409 983 3445 librohaeteticarum
1005 3411 1127 3445 fabula-

249 3464 324 3489 rum
336 3468 347 3487 .·
375 3456 445 3489 Alia
455 3461 550 3494 multa
556 3459 679 3501 faciunt
692 3484 703 3501 ‚
727 3460 965 3504 quaepbrenefim
975 3470 1105 3506 arguunt
1120 3487 1125 3493 .

1187 2811 1359 2853 perhibent,
1373 2809 1524 2856 &futura
1529 2811 1693 2851 praedicere
1702 2820 1856 2853 conantum
1874 2810 1961 2850 rebus
1974 2819 2074 2846 autem

1191 2861 1259 2903 lpfis
1281 2866 1401 2897 mentiri
1410 2867 1644 2894 convincuntur.
1673 2860 1739 2893 Eos
1750 2860 1845 2897 idern.
1865 2861 1993 2895 1)οᾶοπ
2012 2859 2074 2897 sub

1193 2911 1435 2949 Valentiniano
1451 2911 1489 2946 »ὃς
1501 2910 1643 2945 Valente
1659 2908 1818 2954 Augustis
1829 2935 1840 2952 ‚
1867 2908 2073 2954 Epiphanius

1192 2961 1248 2995 sub
1261 2961 1462 2996 Constantio
1473 2961 1555 2998 dicit
1582 2970 1671 2995 ortos
1682 2986 1693 3002 ,
1721 2960 1779 2998 suo
1792 2970 1902 2998 autem
1924 2971 2072 3003 tempore

1191 3012 1312 3054 sparsos
1334 3022 1389 3055 per
1399 3011 1549 3056 regiones
1561 3011 1663 3044 varias
1684 3011 1749 3044 fine
1768 3010 1952 3053 principio,
1978 3011 2046 3050 fine
2060 3035 2071 3051 ‚

1190 3062 1316 3105 capite,
1344 3061 1473 3103 radice3
1500 3062 1534 3094 &
1560 3060 1675 3099 addin·
1702 3061 1798 3095 Simul
1803 3067 1984 3102 permixtim
2010 3066 2072 3095 viri

1164 3151 1165 3155 Ἰ
1189 3123 1254 3145 cum
1264 3111 1438 3148 mulieribus
1450 3105 1469 3150 ,¹
1486 3112 1520 3147 (ν’
1530 3111 1741 3148 mulieres-cum
1762 3116 1839 3145 viris
1852 3116 1885 3143 in
1896 3113 1994 3145 eodem
2016 3112 2071 3151 loeo

1190 3163 1343 3195 dormiunt
1356 3186 1366 3201 ,
1391 3166 1424 3197 in
1448 3165 1524 3193 vicis
1547 3162 1581 3195 &
1597 3160 1835 3201 plateisvaesn‘ans
1859 3169 1987 3203 tempore
2000 3185 2010 3200 ‚
2038 3163 2070 3193 eb

1190 3213 1271 3253 qued
1305 3222 1362 3247 non
1396 3210 1507 3243 babent
1523 3211 1710 3254 posseffionem
1736 3234 1747 3250 ‚
1773 3220 1807 3244 ut
1839 3216 1978 3253 inquiunt
2000 3233 2010 3249 ‚
2037 3215 2069 3248 io

1189 3271 1272 3294 terra
1291 3286 1298 3293 .
1327 3261 1478 3297 Caeten'cm
1500 3261 1536 3293 de
1559 3256 1754 3302 ‘turpitudine
1779 3270 1833 3296 aut
1857 3262 1979 3294 libidine
2011 3270 2068 3299 non

1189 3312 1282 3344 valde
1311 3311 1422 3356 possum
1455 3308 1529 3353 scire
1550 3323 1557 3342 ε
1585 3320 1792 3349 verumtamen
1826 3322 1917 3352 neque
1946 3309 1985 3341 ab
2012 3308 2067 3342 hae

1188 3360 1320 3403 absunt,
1339 3359 1512 3404 prasertim
1523 3360 1720 3403 citmfimulln
1747 3366 1888 3397 commum·
1915 3360 2067 3394 dormiant

1189 3416 1298 3443 viriae
1320 3412 1473 3446 mulieres.
1500 3411 1608 3447 Fuiffit
1629 3409 1729 3455 longe
1744 3410 1954 3449 foediffimos,
1980 3409 2066 3452 apud

1189 3459 1349 3496 Photium
1369 3461 1406 3495 in
1427 3459 1636 3495 Bibliotheca
1649 3459 1765 3496 scribit
1789 3460 1968 3495 Gerontius
1977 3459 2066 3501 Pres-

1923 3509 2016 3552 byter

2180 249 2202 289 ³»
2238 273 2245 278 Ι
