2346 3776
90 1178 172 1216 Epist.
184 1191 206 1210 i.

89 1228 112 1250 c.
125 1229 153 1256 3.

660 70 971 130 Senotns,
1006 88 1069 118 ετ
1103 84 1277 118 rio-11³
1312 85 1678 120 inrisum-tl.

270 171 333 200 os,
358 158 498 201 oculos,
520 166 633 198 nares,
658 168 769 191 aures.
795 157 867 191 Hic
885 157 976 191 enim
996 157 1059 191 fuit
1069 167 1136 190 om-

269 211 364 244 nium
375 211 564 245 Graecorum
591 219 684 249 mos,
710 208 752 242 de
771 207 1023 250 quo&S=instus
1034 207 1139 250 Cyril-

270 260 320 294 lus
341 259 666 301 Hierosolymitanus
688 257 873 301 Episcopus
891 257 926 290 in
944 257 1037 291 tertia
1059 267 1141 291 cate-

268 309 354 344 chesi
378 309 529 343 meminit
543 331 554 347 ‚
579 307 705 342 addens
726 309 760 343 &
781 310 889 352 pestus
909 332 917 340 .
945 306 989 340 Et
1009 307 1142 341 Severus

270 359 514 395 Alexandrinus
528 358 560 391 in
577 356 661 392 libro
683 358 724 391 de
737 359 931 401 Baptismo:
958 359 1070 393 Educit
1080 359 1142 390 Ba-

262 414 403 452 ‘ptizator
416 409 617 450 Baptizatum
627 409 644 441 e*
653 410 750 442 media
767 419 916 450 aquarum
928 430 938 447 ,
966 408 1000 440 δ’
1010 409 1067 440 dat
1076 417 1142 448 eum

264 456 426 502 [ufheptori
438 455 494 501 suo
514 482 524 496 ‚
560 460 595 493 (tt
618 464 701 502 ungit
723 463 822 490 omnia
841 456 975 491 membra
996 459 1061 498 ejus
1073 480 1084 497 ,
1109 458 1143 490 (9*

263 518 378 541 manus
391 531 403 548 ,
430 509 464 541 (5
470 509 584 549 pedes,
611 509 764 542 &mmu-
792 510 868 541 Tum
878 510 996 540 demum
1007 507 1146 540 induitur

263 555 331 602 suis
352 557 552 597 vestimentis.
579 559 721 591 Fontem
743 558 834 591 enim
855 557 1068 601 baptizandus
1093 557 1141 590 in-

265 608 373 641 trabat
387 608 578 641 naturaliter
599 607 706 643 nudus
718 632 725 639 .
752 607 826 641 Nos
838 608 949 642 Latini
972 606 1144 650 baptizatis

266 658 537 695 caeremonialiter
557 658 663 691 solum
685 657 838 691 verticem
859 681 871 697 ,
907 657 1140 691 sacramentali·

264 716 317 740 ter
338 708 440 741 solam
462 708 585 751 semper
606 708 749 741 frontem
771 706 947 741 chrismate
967 707 1141 748 unximus3

265 756 474 800 baptizandis
494 768 536 790 ex
560 757 697 800 simplici
719 757 796 791 oleo
818 757 919 791 etiam
945 757 1090 800 scapulas
1110 757 1142 790 δε

267 808 403 850 peetus:
427 803 612 854 Qomodo
635 807 777 850 Hispani
796 807 829 840 δε
856 806 946 841 Galli
969 807 1144 841 conversos

266 855 434 890 haereticos
446 857 600 890 unxerint
608 881 620 896 ,
646 855 712 890 huc
723 859 823 901 usque
834 857 954 901 ignoro
963 882 971 889 .

317 906 428 940 Hasce
439 916 556 946 voees,
581 907 769 949 signaculum
780 909 911 949 spiritus
922 905 1026 950 sanffl
1038 931 1051 947 ,
1076 906 1140 950 qui-

261 954 344 990 dam
360 954 448 998 apud
460 955 590 990 Graecos
600 957 693 990 fuisse
707 966 824 1000 putant
846 956 980 991 verbum
1002 958 1057 991 seu
1079 957 1139 990 sor·

255 1015 363 1039 anam
383 1004 577 1039 Christianae
602 1006 897 1041 Confirmationis.
938 1006 1143 1042 Crediderim

258 1054 358 1089 salli.
386 1056 521 1089 Etenim
542 1055 560 1088 ὲ
581 1056 747 1090 Decentio
771 1056 952 1102 Eugubino
977 1057 1143 1100 Episcopo

255 1103 374 1140 “hocce
400 1105 581 1140 latinorum
607 1099 742 1140 verbum
768 1117 900 1151 rogatus
925 1107 1139 1141 Innocentius

264 1155 393 1199 primus
415 1155 600 1199 respondit:
627 1157 725 1190 Verba
747 1158 842 1190 dicere
865 1168 922 1190 non
940 1157 1052 1199 possum
1074 1180 1085 1195 ,
1111 1166 1146 1188 ne

254 1211 367 1249 ··magis
386 1207 514 1247 prodere
534 1207 643 1243 videar
666 1230 677 1246 ,
703 1209 796 1249 qudm
819 1208 865 1239 ad
885 1212 1071 1250 interrogata
1090 1204 1146 1248 res-

254 1257 420 1297 ·pondere.
449 1257 492 1290 Et
516 1255 600 1289 infra
613 1269 623 1289 .·
649 1257 800 1298 Reliqua,
825 1268 892 1298 quae
910 1254 1000 1298 scribi
1009 1256 1069 1298 fas
1090 1267 1147 1287 non

268 1313 357 1345 erat,
382 1306 447 1338 cum
457 1304 595 1346 adfueris
607 1330 617 1344 ,
643 1306 819 1349 interrogati
833 1312 999 1348 poterimus
1016 1307 1144 1339 edicere.

254 1356 358 1402 Qae
379 1355 490 1388 secreti
513 1355 715 1398 disciplinaa
731 1355 851 1389 Graecis
873 1357 996 1399 semper
1019 1356 1147 1399 religio-

267 1405 384 1438 fissime
407 1406 470 1439 fuit
483 1404 646 1441 custodita
657 1430 668 1447 ‚
695 1405 795 1439 etiam
807 1406 825 1440 a
840 1404 1042 1439 Primatibus
1054 1404 1148 1447 hujus

264 1454 400 1497 Synodi
421 1454 593 1498 Episcopis
616 1455 651 1488 in
676 1455 829 1498 scriptisa
842 1456 908 1489 sese
929 1454 1040 1496 libris.
1068 1453 1147 1488 Sub-

265 1504 423 1539 ssantiale
434 1529 445 1544 ‚
471 1505 530 1538 suo
552 1515 700 1545 ternpore
718 1503 804 1546 apud
815 1505 949 1536 Graecos
977 1504 1127 1537 usitatum
1140 1529 1147 1535 .

261 1553 546 1588 «confirmationis
583 1551 717 1585 verbum
743 1551 884 1586 edisserit
910 1553 1044 1587 Severus
1070 1553 1148 1587 Ale-

266 1602 449 1636 xandrinus
463 1615 473 1634 .·
501 1601 610 1634 Tribus
625 1602 743 1642 vicibus
766 1607 812 1634 ait
836 1601 1022 1644 Episcopus,
1049 1602 1147 1645 Chris:

252 1652 350 1687 *mate
369 1650 473 1694 sanilo
490 1651 655 1693 obsignatur
693 1652 766 1684 talis
787 1655 833 1683 N.
854 1656 887 1683 in
906 1657 1021 1685 nomme
1043 1655 1147 1686 Patris

267 1702 390 1739 &Filii
409 1702 586 1741 &Spiritus
601 1698 703 1747 san&
716 1725 723 1731 .
751 1699 894 1734 Videtur
903 1703 967 1735 effe
988 1703 1146 1746 antiquis-

263 1751 408 1784 simum:
437 1750 572 1783 Etenim
594 1749 809 1791 antiquissimi
834 1750 1022 1785 Graecorum
1034 1751 1147 1787 Patres

266 1799 336 1839 hoc
358 1800 604 1834 Sacramentum
627 1800 739 1844 paffim
763 1810 883 1834 vocant
904 1802 1040 1846 sigillum
1062 1827 1074 1843 ,
1111 1814 1147 1836 ac

260 1850 339 1894 ejus
362 1849 603 1895 impressionem
624 1874 635 1890 ,
671 1849 916 1894 obsignationem'.
960 1851 1148 1897 Ungebant

263 1900 372 1934 tribus
383 1899 510 1934 vicibus
525 1923 536 1939 ,
563 1900 948 1946 nonmembrafingu1a‚
976 1902 1032 1937 sed
1047 1902 1151 1936 solam

261 1951 433 1984 frontem:
462 1950 516 1983 Ex
526 1961 593 1993 quo
605 1949 746 1994 colligas
766 1951 835 1994 ejus
848 1951 948 1986 solius
959 1951 1150 1997 unctionem

263 2000 365 2034 :fuiffe
385 2001 630 2035 Sacramentum
642 2025 650 2032 .
677 2000 721 2034 Et
732 2001 808 2042 quia
826 2001 917 2035 istius
929 2001 1061 2037 Canon>
1076 2014 1146 2046 prae-

266 2050 347 2085 :sens
369 2061 437 2084 non
460 2050 615 2084 meminit
635 2074 647 2091 ,
683 2050 788 2095 liquet
813 2049 900 2085 hanc
922 2050 1146 2087 haereticorum

263 2099 568 2134 reconciliatoriam
585 2100 776 2135 unctionem
799 2101 894 2136 fuisse
914 2110 1150 2137 meram‘caere-

261 2150 417 2186 moniam
429 2175 436 2182 .
464 2150 558 2184 Hinc
576 2150 652 2185 illos
673 2150 804 2185 etiami
816 2151 923 2185 Gallis
941 2152 975 2187 ὅ(
990 2152 1149 2197 Hispanis

261 2198 366 2234 credo
381 2210 448 2233 non
471 2200 504 2232 in
517 2201 626 2234 fronte
651 2200 746 2235 fuisse
755 2202 872 2234 unctos
888 2226 896 2234 .

318 2248 503 2284 Audiamus
514 2260 603 2286 nunc
615 2249 742 2292 Synodi
755 2260 903 2285 mentem
926 2250 968 2286 de
991 2253 1148 2296 responsis

261 2299 374 2335 sancii
399 2299 507 2333 Basilii
534 2299 575 2334 ad
603 2300 714 2334 Sancti
739 2299 975 2344 Amphilochii
1001 2302 1149 2345 quaestio·

260 2360 342 2384 :nes-
374 2348 500 2384 Probat
521 2375 532 2391 ,
562 2350 699 2394 inquam
720 2374 732 2391 ,
757 2351 912 2394 Synodus
931 2376 942 2393 ‚
969 2352 1003 2386 &
1027 2353 1062 2386 in
1085 2353 1146 2388 Ca-

254 2410 391 2435 ·:nonem
412 2399 534 2445 redigit
553 2400 747 2434 Romanum
769 2400 812 2434 de
834 2400 1003 2445 Baptismo
1023 2402 1147 2448 dogma

262 2448 605 2489 &consuetudinem,
631 2447 774 2484 statuens
795 2449 962 2493 Arianos,
988 2452 1143 2487 Macedo-

259 2497 386 2532 :nianos
406 2522 417 2538 ,
442 2496 683 2533 Sabbathianos
702 2522 716 2539 ,
741 2497 1007 2538 Novatianenses
1026 2525 1038 2542 ,
1063 2501 1142 2537 Tes-

256 2547 491 2583 saradecatitas
503 2573 514 2588 ‚
539 2549 573 2583 δε
585 2547 841 2592 Apollinaristas
858 2562 926 2585 non
949 2552 1038 2595 poss'e
1059 2551 1143 2587 reba-

259 2597 404 2642 ptizari,
429 2597 518 2643 quod
539 2610 662 2643 nempe.
677 2598 713 2633 in
731 2599 836 2634 trium
854 2601 1054 2636 Divinarum
1075 2600 1151 2646 per?

263 2648 419 2682 sonarum
441 2649 575 2683 nomine
600 2649 692 2692 juxta
717 2649 955 2694 Evangelieam
978 2651 1142 2697 Regulam

262 2697 367 2732 effen:
377 2697 551 2741 baptizati.
580 2699 709 2734 Definit
722 2699 756 2735 id
773 2712 843 2734 non
865 2699 909 2735 ad
929 2700 1139 2746 disciplinam

259 2747 502 2790 solummodo,
528 2748 581 2783 sed
592 2748 734 2784 omnino
755 2749 798 2785 ad
817 2750 941 2796 dogma
964 2752 1138 2796 pertinere.

265 2795 361 2830 Hinc
382 2798 416 2831 &
442 2798 602 2841 symbolo
626 2799 780 2834 inseruit:
808 2801 957 2844 Confiteor
979 2814 1072 2836 unum
1092 2803 1143 2836 ba-

258 2845 378 2890 prisma
389 2853 421 2879 in
439 2850 830 2891 remiffioncmpeccamum.
859 2851 897 2892 ld
922 2853 966 2886 est
980 2861 998 2894 ,Σ
1019 2853 1142 2899 Baptis-

262 2907 339 2937 ma,
365 2897 512 2941 legitima
523 2898 645 2932 Divini
669 2899 816 2934 nominis
836 2889 1052 2936 ‘in‘vocat'ione
1075 2903 1138 2937 san·

260 2947 441 2981 stificatum
472 2971 484 2988 ,
522 2946 723 2992 ubicumque
749 2950 812 2984 five
848 2951 934 2987 intra
959 2952 1023 2986 five
1047 2963 1137 2986 extra

262 2997 442 3031 Ecclesiam
466 2996 560 3031 detur
582 3007 638 3032 aut
658 2999 837 3044 accipiatur
859 3023 872 3045 2
893 3001 1056 3045 confiteor
1075 3004 1138 3038 effe

261 3049 397 3102 numu,
426 3058 485 3081 nec
497 3047 580 3081 salva
595 3047 794 3094 Evangeiica
807 3050 880 3096 lege
889 3052 978 3096 poll'e
988 3052 1135 3088 exufflari

259 3106 319 3134 aut
338 3108 445 3130 iterari
457 3121 465 3129 .

310 3145 407 3181 Hinc
430 3146 536 3192 pergit
559 3146 691 3184 Canon>
702 3147 904 3186 adhumana.
920 3150 1136 3196 baptismata,

259 3205 387 3245 ceperta
401 3207 456 3239 per
467 3197 573 3233 varios
595 3198 851 3248 haereticos,tum
876 3202 1074 3249 grassantes,
1087 3215 1135 3256 ³ac

263 3244 513 3295 rebiip'tizandos
535 3246 780 3293 dicit‘primssim
805 3249 1033 3287 Eunomianos
1053 3248 1071 3293 ‚¹
1091 3252 1136 3287 id·

263 3299 328 3337 que
345 3295 442 3338 ideo,
468 3296 556 3341 quod
569 3299 725 3341 ba‘p‘tizem
747 3304 780 3332 in
803 3302 1134 3345 anam‘demegsi‘onem.

262 3342 406 3394 Τῐῐμῆᾳι
416 3348 507 3393 enim
526 3351 716 3385 mersionem
727 3373 739 3390 ,
751 3349 806 3385 'ab
818 3350 995 3394 Apostolis.
1007 3353 1135 3391 ‚institu-¹

263 3402 333 3434 tam
347 3417 358 3432 ,
384 3397 505 3438 primus
520 3398 706 3446 Eunomius
716 3401 810 3447 ausus
823 3401 867 3437 est
877 3391 1049 3447 mutare'i'n
1065 3403 1134 3436 uni-

259 3454 335 3481 cam
346 3468 357 3484 ‚
369 3456 371 3459 ’
382 3444 424 3478 de
445 3457 508 3487 qua
518 3461 552 3484 re
563 3451 661 3484 etiam
684 3449 1134 3494 iri-Hispaniarum'Ecelesiis

295 3520 297 3522 .
359 3497 497 3530 Canones
508 3499 691 3541 Conc.c‘0nst.
705 3504 808 3534 TomJ.

1914 92 2006 140 345

1208 155 1379 190 duriffimae
1397 156 1479 190 olim
1507 156 1639 190 fuerunt
1661 157 1892 195 contentiones
1916 186 1924 194 .
1959 162 2082 206 Hispa-

1207 206 1260 239 nia
1279 231 1291 246 ,
1318 206 1488 248 quomodo
1511 205 1661 240 Ecclesiae
1681 207 1738 240 sub
1760 210 1842 243 coelo
1860 222 1998 251 omnes,
2024 213 2083 247 usa.

1207 258 1328 299 semper
1352 256 1413 290 fuit
1435 257 1593 290 mersione
1611 256 1695 291 trina
1714 258 1815 300 usque
1837 259 1878 293 ad
1902 262 2079 305 ingressum

1207 305 1397 340 Gothorum
1411 304 1613 341 AtIanorum
1624 331 1634 346 ,
1663 318 1703 340 eo
1717 305 1913 349 Apostolico
1926 311 1989 344 ritu
2002 310 2083 346 abu-

1207 356 1349 389 tentium
1373 356 1413 390 ad
1423 355 1557 391 erronee
1573 356 1719 400 &impie
1742 357 1957 399 profitendam
1979 360 2083 402 tripli·

1208 416 1279 439 cem
1302 406 1498 440 Divinitatis
1520 417 1688 442 naturam.
1716 407 1810 441 Hinc
1822 406 1989 441 Catholici
2005 408 2082 444 Hiss

1208 455 1284 499 pani
1306 480 1318 497 ,
1343 456 1384 489 ad
1406 455 1692 490 demonstrandam
1714 456 1749 491 in
1779 457 1849 500 ipso
1871 456 1949 490 fidei
1974 458 2083 491 Sacra÷

1208 515 1321 539 mento
1333 506 1452 539 restam
1465 508 1551 539 suam
1576 506 1674 540 fidem
1698 506 1738 540 de
1761 508 1859 541 unica
1871 507 2060 545 Divinitate
2072 531 2085 547 ,

1207 555 1338 590 unicam
1351 556 1543 589 mersionem
1562 556 1828 600 adsumpserunt.
1856 557 1980 592 Mansit
2002 556 2083 590 divi-

1208 606 1254 638 fio
1290 607 1392 649 usque
1414 605 1453 639 ad
1473 604 1695 640 Richaredum
1718 605 1847 651 Regem
1867 631 1879 648 ,
1905 617 2003 651 quem
2026 615 2083 649 pet

1208 655 1590 700 Sancti-Hermenegildi
1612 657 1718 690 fratris
1741 655 1942 700 &Martyris
1967 657 2084 694 merita

1208 705 1408 740 illuminavit
1432 706 1522 743 Deus
1541 729 1552 745 ,
1591 706 1731 739 admisit„
1747 706 1825 744 vero
1845 705 1880 740 in
1905 701 2083 740 Ecclefiam

1207 757 1340 790 Sanetus
1375 755 1526 790 Leander
1559 780 1570 796 ‚
1609 755 1825 798 Metropolita
1861 756 2080 799 Hispalenfisi

1208 806 1327 840 Voluit
1348 804 1434 840 hica
1447 803 1570 839 Gothis
1591 814 1671 839 tunc
1691 804 1794 840 deseri
1814 805 2006 845 mersionem
2029 806 2083 839 tri-

1209 867 1282 889 nam
1302 880 1312 895 ,
1350 865 1508 899 tanquam
1535 854 1713 895 Arianismi
1745 853 1853 890 adhuc
1886 856 2083 898 suspectam,

1207 904 1428 939 scandalosam
1441 931 1451 945 ‚
1477 906 1511 940 &
1525 905 1654 948 piorum
1673 905 1847 940 oculorum
1869 905 2061 940 offenfivam
2073 917 2084 937 z

1209 955 1383 990 noluerunt
1395 955 1442 988 illi
1457 980 1467 996 ‚
1493 955 1640 990 dicentes
1661 968 1729 990 non
1752 956 1815 990 effe
1836 955 1910 989 Arii
1923 965 1980 990 aut
1992 954 2084 989 Aria-

1208 1016 1326 1039 norum
1346 1015 1574 1039 commentum
1596 1030 1606 1046 ‚
1640 1006 1693 1040 sed
1717 1005 1950 1049 Apostolicum
1973 1005 2085 1040 Cano-

1209 1067 1306 1095 nem,
1331 1056 1350 1089 a
1372 1055 1524 1089 Romana
1546 1055 1646 1090 etiam
1669 1056 1813 1098 Ecclesia
1837 1056 1960 1099 semper
1978 1055 2083 1090 obser-

1208 1116 1318 1138 vatum
1341 1105 1373 1139 ὅ(
1395 1114 1558 1140 retentum
1575 1129 1583 1138 .
1611 1105 1792 1140 Consultus
1814 1105 1994 1149 Gregorius
2017 1117 2084 1141 ma·
2209 1140 2214 1146 ,

1207 1166 1292 1198 gnus
1309 1154 1468 1188 Pontifex
1486 1154 1652 1197 respondit
1666 1169 1677 1189 .·
1703 1158 1750 1189 De
1773 1161 1858 1188 trina
1877 1154 2013 1198 merfione
2032 1156 2084 1188 ba·
2100 1138 2250 1179 L'¹¹Ep¹st‘

1203 1203 1358 1246 prismatis
1371 1203 1449 1238 nihil
1457 1203 1628 1246 responderi
1649 1206 1752 1238 verius
1760 1204 1852 1247 potest
1862 1230 1873 1246 ‚
1898 1207 1991 1248 quam
2004 1207 2087 1247 quod
2101 1191 2147 1216 ῃ

1209 1253 1264 1296 ipfi
1274 1253 1398 1297 sensistis
1415 1268 1428 1289 ,-
1455 1256 1542 1298 Quia
1563 1260 1597 1287 in
1607 1264 1669 1289 una
1685 1254 1749 1297 fide
1770 1253 1851 1292 nihil
1868 1257 1953 1298 officit
1966 1253 2084 1298 sancqae

1210 1304 1343 1347 Ecclefiae
1365 1303 1487 1347 diversa
1508 1302 1682 1347 consuetudo
1742 1305 1920 1349 Eleganter
1940 1305 2084 1341 ostendit

1208 1365 1380 1396 utrumque
1398 1354 1565 1388 mei-lionis
1593 1355 1692 1389 ritum
1715 1357 1777 1389 effe
1797 1355 1984 1400 legitimum
2000 1381 2010 1396 ‚
2038 1356 2085 1390 sav

1209 1416 1332 1448 craeque
1353 1404 1603 1450 significationis
1623 1405 1779 1449 mysterio
1801 1416 1936 1448 aptum,
1963 1407 2085 1441 trinam

1210 1455 1402 1489 mersionem
1421 1455 1557 1489 mandat
1568 1456 1723 1498 proscribi
1744 1467 1787 1489 ex
1795 1454 1958 1497 Hispania
1971 1456 2003 1488 ὃ(
2016 1456 2087 1489 Go-

1209 1503 1341 1538 thorum
1361 1504 1428 1547 jam
1448 1505 1682 1544 conversorum
1706 1507 1765 1545 usu
1787 1528 1798 1544 ‚
1835 1504 1916 1538 dans
1935 1506 2085 1538 causam:

1209 1558 1261 1587 Ne
1281 1555 1354 1587 dum
1379 1579 1390 1595 ‚
1413 1555 1494 1596 quod
1508 1553 1672 1595 faciebant
1688 1578 1699 1593 ,
1724 1554 1851 1595 faciunt
1872 1579 1883 1594 ,
1910 1554 2036 1595 nostrum
2054 1553 2087 1597 fii

1208 1615 1317 1636 morem
1340 1606 1435 1646 vicff
1452 1606 1615 1646 glorientur
1635 1629 1643 1635 .
1673 1603 1798 1637 Verum
1813 1603 1920 1638 Gothi
1946 1616 2015 1639 non
2040 1616 2091 1647 pa-

1209 1662 1366 1693 ruerunt,
1392 1654 1541 1695 ipsosque
1566 1653 1653 1686 inter
1675 1657 1773 1696 atque
1796 1653 1967 1696 Hispanos
1989 1653 2091 1688 crevit

1207 1698 1383 1750 dissentio..
1407 1701 1490 1736 adeo
1504 1711 1681 1744 utquatta
1690 1702 2026 1747 ToletanaSynodus
2050 1704 2091 1738 la-

1208 1760 1373 1786 mentetur
1383 1752 1420 1786 in
1442 1751 1510 1785 haec
1526 1751 1619 1786 verba
1633 1765 1640 1784 :
1653 1755 1699 1786 De
1709 1752 1864 1796 Baptismi
1879 1756 2070 1794 sacramento
2081 1780 2091 1795 ‚

1205 1808 1329 1844 propter
1355 1802 1436 1844 'quod
1454 1808 1486 1834 in
1513 1800 1671 1844 Hispaniis
1694 1804 1818 1846 quidam
1843 1806 2015 1838 Sacerdotes
2037 1812 2093 1838 tri·
2109 1789 2142 1819 C*
2157 1796 2186 1825 5⁹

1209 1865 1300 1892 nam,
1321 1854 1446 1894 quidam
1462 1850 1598 1893 fimplam
1620 1852 1787 1894 mer-fiunem
1806 1853 1954 1895 faciunt,
1980 1857 2002 1887 ἃ
2021 1867 2093 1889 non-

1209 1903 1298 1935 nullis
1318 1900 1449 1944 schisma
1462 1902 1512 1943 effe
1534 1900 1708 1944 conspicitur
1721 1905 1870 1942 &unitas
1891 1904 1970 1946 fidei
1989 1905 2092 1948 scindi

1209 1953 1332 1987 videtur
1352 1976 1359 1984 .
1387 1956 1474 1984 Nam
1487 1953 1570 1985 -dum
1591 1960 1699 1993 partes
1710 1952 1852 1996 diuisae
1865 1960 1905 1987 vin
1931 1955 2092 1998 baptizan-

1209 2004 1259 2036 dis
1286 2000 1370 2045 quasi
1375 2011 1524 2036 contrario
1541 2004 1624 2035 modo
1644 2013 1739 2048 agunt
1753 2029 1763 2046 ,
1790 2006 1844 2038 alii
1864 2006 1940 2039 alios
1959 2018 2017 2040 non
2040 2006 2091 2048 baf

1209 2058 1344 2095 ptizaios
1368 2053 1419 2096 effe
1440 2053 1639 2087 contendunt.
1669 2054 1775 2088 Gothi
1787 2054 1955 2098 Hispanos
1977 2056 2090 2091 dixere

1211 2116 1277 2137 non
1290 2103 1490 2146 baptizatos.
1520 2103 1639 2146 Neque
1651 2106 1779 2138 mireris
1789 2103 1872 2140 hoc.
1902 2106 2036 2140 Etenim
2055 2108 2090 2141 ὅ(

1210 2153 1365 2193 Marcus,
1392 2151 1608 2196 Ephesiorum
1631 2154 1849 2198 Metropolita
1871 2179 1882 2195 ,
1907 2155 2021 2190 eadem
2048 2157 2090 2191 de

1208 2215 1266 2242 cau
1272 2204 1301 2237 sa
1311 2203 1397 2237 dixit
1405 2214 1467 2240 nos
1477 2203 1618 2241 Latinos
1629 2215 1696 2237 non
1707 2205 1768 2239 effe
1781 2205 2088 2250 validebaptizatos.

1208 2253 1420 2301 Qun—immo
1441 2253 1623 2298 Gregorius
1645 2253 1765 2288 Proto·
1780 2255 1950 2299 Sycellus,
1976 2255 2089 2291 ortho-

1207 2303 1301 2338 doxae
1329 2303 1472 2338 veritatis
1507 2304 1540 2338 δε
1567 2303 1693 2347 Synodi
1715 2304 1913 2341 Florentinae
1939 2306 2089 2343 defensor

1207 2353 1377 2394 eximius,
1399 2353 1448 2387 illi
1460 2354 1626 2396 respondit
1640 2352 1768 2390 inhaec
1781 2355 1894 2391 verba:
1922 2358 1992 2400 Effe
1998 2361 2088 2399 porra

1208 2404 1396 2447 necessarium
1417 2409 1530 2436 trinam
1549 2403 1713 2446 merftmem
1724 2406 1863 2448 ,potet-
1890 2411 1978 2441 Nam
2004 2410 2040 2442 ὁ·
2067 2412 2087 2442 ἃ

1206 2453 1324 2486 Sandis
1346 2452 1398 2486 boc
1421 2455 1570 2487 traditum
1591 2454 1646 2496 est,
1676 2465 1780 2499 nempe
1802 2459 1848 2490 ad
1858 2456 2088 2501 fignificandam

1206 2503 1384 2537 triduanam
1403 2505 1525 2537 Domini
1549 2503 1767 2548 sepulturam:
1784 2511 1836 2539 lta
1849 2505 1928 2549 san?
1937 2510 2088 2543 traditum

1205 2553 1243 2594 cst
1254 2567 1268 2587 ¹.-
1278 2555 1326 2586 Et
1338 2555 1475 2587 Ritualia
1485 2556 1665 2588 Latinorum
1674 2561 1725 2588 ita
1731 2554 1950 2599 observandum
1962 2559 2066 2592 docent
2074 2584 2084 2593 .

1206 2602 1262 2637 Ad
1283 2614 1353 2648 quae
1364 2603 1458 2638 verba
1482 2602 1911 2651 Scholiastes'marginaiis:
1939 2609 2086 2650 Loquitur
2103 2598 2129 2627 Ρ·
2154 2608 2214 2633 ⁷²¹·

1203 2654 1241 2687 de
1251 2653 1409 2694 neceffitate
1429 2654 1563 2696 quadam
1579 2653 1796 2698 consuetudinis
1809 2681 1820 2696 ‚
1846 2669 1904 2690 non
1925 2659 2086 2693 autemab-
2102 2647 2169 2672 7²2-

1198 2701 1316 2747 soluta.
1344 2703 1392 2737 At
1404 2704 1514 2738 nescio
1524 2729 1536 2745 ,
1562 2716 1602 2738 an
1614 2704 1712 2748 plene
1723 2706 1763 2739 ad
1780 2717 1924 2741 mentem
1937 2706 2084 2744 hominis

1204 2753 1330 2789 Graeci.
1359 2752 1414 2787 Ut
1426 2762 1464 2788 ut
1476 2754 1536 2794 fit,
1561 2754 1632 2797 post
1654 2755 1770 2800 longas
1795 2756 2020 2800 Hispanorum
2047 2760 2082 2794 δε

1203 2801 1392 2839 Gothorum
1403 2804 1637 2838 contentiones
1651 2804 1762 2840 denuo
1781 2805 1823 2843 ab
1844 2808 1980 2851 utraque
1991 2818 2084 2852 parte

1201 2854 1365 2894 recursum
1373 2852 1471 2887 estad
1482 2852 1598 2892 Sedem
1614 2852 1843 2898 Apostolicam
1856 2881 1866 2897 ‚
1878 2857 2079 2902 tandemque

1201 2913 1366 2948 receptum
1384 2903 1541 2948 Gregorii
1568 2905 1681 2948 magni
1704 2904 1873 2940 laudatum
1891 2907 2080 2954 decretum,

1200 2953 1250 2988 his
1263 2953 1385 2988 verbis:
1415 2956 1610 2997 ‚Quapropter
1621 2959 1694 2997 quia
1715 2957 1753 2990 de
1766 2965 1887 3001 utroque
1908 2960 2080 2993 Sacramen-

1199 3014 1248 3045 to‚
1273 3004 1396 3046 quodfit
1420 3002 1562 3046 infando
1573 3002 1750 3047 Baptismo‚
1778 3008 1798 3038 ἆ
1821 3016 1905 3040 tanto
1925 3013 1992 3040 viro
2012 3011 2079 3042 red-

1199 3056 1264 3087 dita
1287 3053 1324 3094 est
1342 3059 1442 3093 ratio,
1468 3054 1550 3096 quod
1568 3064 1725 3097 utrumque
1758 3056 1869 3089 rec‘lum
1886 3080 1897 3096 ‚
1922 3067 2077 3101 utrumque

1197 3101 1444 3146 irreprehensibile
1455 3108 1487 3136 in
1494 3101 1521 3146 s
1515 3103 1604 3136 ancia
1618 3107 1675 3138 Dei
1687 3104 1812 3153 Ecckfia
1822 3105 1966 3140 habeatur
1977 3120 1986 3151 3
2007 3117 2076 3150 pro-

1169 3189 1170 3192 ,
1194 3162 1262 3196 pter
1288 3153 1451 3190 vitandum
1476 3162 1577 3187 autem
1596 3151 1768 3197 schismatis
1790 3154 1966 3208 scandalum
1990 3181 2000 3197 ‚
2028 3160 2080 3198 vel

1196 3203 1329 3238 haeretici
1339 3204 1488 3247 dogmatis
1501 3201 1586 3245 usum
1602 3227 1612 3243 ,
1632 3202 1770 3247 simplam
1780 3215 1934 3243 teneamus
1946 3207 2072 3251 Baptis-

1196 3259 1236 3286 mi
1256 3251 1442 3294 merfi'onem‘,
1468 3264 1506 3286 ne
1529 3253 1693 3289 videantur
1714 3257 1801 3297 Apud
1814 3254 1874 3289 'nos
1887 3281 1897 3297 ,
1925 3263 1976 3299 qui
1988 3259 2073 3304 terti?

1195 3312 1331 3346 mergunt
1339 3327 1349 3343 ‚
1377 3301 1581 3336 haere'ticorum
1594 3304 1760 3346 approbare
1771 3304 1967 3349 adsertionem
1979 3330 1989 3345 ‚
2001 3307 2073 3342 dum

1170 3374 1173 3377 ·
1192 3352 1369 3397 sequuntur-j
1387 3355 1556 3389 (umorem,
1585 3353 1634 3388 Ita
1646 3354 1796 3399 quievere
1809 3359 1925 3390 omnes
1942 3364 2073 3395 motus,

1193 3403 1226 3437 &
1247 3403 1332 3438 trina
1344 3403 1459 3436 mersio
1471 3399 1553 3438 intra
1565 3403 1743 3447 Hispanias
1756 3407 1869 3442 manfit
1879 3406 1964 3450 apud
1987 3406 2074 3444 solos

1195 3451 1327 3488 Gothos
1339 3453 1373 3487 in
1386 3451 1510 3488 Ariana
1520 3453 1654 3497 pei-fidia
1673 3455 1851 3499 pertinaces
1862 3480 1870 3487 .

1591 3503 1674 3540 Xx
1975 3505 2021 3544 Et
