2346 3776
631 112 1070 163 DissERTATm
1120 111 1533 171 PRocisivnALis.
1942 133 1983 181 3‘5

243 196 382 232 Eusebio
392 194 585 238 Dorylaeenfi
597 193 683 236 apud
705 193 853 238 Phryges
874 193 1036 238 Episcopo
1050 220 1059 235 ,

191 247 378 282 zelofiffimo
387 244 533 279 damnati
552 243 746 286 Eutychetis
770 244 967 283 accusatori,
994 245 1058 278 visa

192 295 454 333 sunthaecmira,
480 291 619 336 ideoque
629 305 669 326 ex
687 295 845 327 consueto
869 294 993 336 impetu
1012 295 1057 328 est

190 345 403 384 interlocutus
415 355 422 374 ε
434 346 630 376 Mentiuntur.
652 343 695 376 Et
703 343 889 378 Florentius
900 343 1058 378 Sardenfis

189 395 365 439 Episcopus
376 417 385 433 ,
397 393 614 436 Metropolim
628 393 814 436 Lydorum:
825 393 974 437 estendam
983 396 1060 436 quod

187 447 298 483 dicunt.
311 443 450 477 Mollius
461 442 644 485 interceffit‚
657 453 799 477 attamen
810 452 935 477 tantam
950 443 1060 488 AEgy-

184 494 330 536 ptiorum
352 492 590 536 Epist-operum
610 494 629 527 a
649 494 707 527 suo
733 491 920 526 Patriarcha
942 493 1059 537 depen-

183 543 329 584 dentiam
341 553 409 576 non
423 542 908 588 potuitintelligere-Cecropius
917 543 1059 578 Sebasto-

182 592 351 636 politanus
362 593 396 626 in
408 592 566 627 Armenia
581 593 758 636 Episcopus
770 591 815 626 est
838 594 912 626 usus
926 593 992 627 alio
1012 604 1058 626 ar-

182 653 362 687 gumento:
390 647 462 677 Non
476 652 621 680 noverunt
631 641 675 682 isti
697 644 835 684 quomod&
853 645 977 675 credunt
989 667 999 682 ,
1025 644 1058 676 (θ’

182 703 261 725 nunc
284 693 388 730 volunt
417 692 534 736 discere.
573 692 670 726 Dixit
697 703 832 726 omnem
860 693 1057 735 Episcopum

181 751 334 784 oportere
347 742 409 780 effe
419 743 495 776 fidei
507 741 838 784 Doctorem‚ide‹'>que
850 741 1037 786 AEgyptios
1049 766 1058 781 ,

179 792 242 835 qui
253 792 355 834 ipsam
367 815 377 830 ‚
403 801 578 835 antequam
590 792 700 835 Papali
715 791 868 834 Epistolae
888 791 1059 831 subscribe-

180 850 253 881 tent
266 863 277 879 ,
302 840 510 882 postulabant
519 842 665 882 discere&
676 853 765 876 novo
777 840 964 881 Patriarcha
975 866 985 882 ,
996 840 1058 875 efle

179 889 289 925 adhuc
301 890 508 934 Discipulos,
535 890 673 935 ideoque
684 892 841 936 indignos
854 891 1058 934 Episcopatu.

178 938 512 983 PhotiusTyriorum
539 942 740 986 Episcopus,
757 941 866 985 primae
883 939 1061 980 Phoeniciae

178 987 408 1032 Metropolita,
421 991 546 1025 addidit
558 992 597 1026 ad
610 993 695 1035 ipsos
706 991 894 1036 AEgyptios
906 989 1060 1033 Consenti-

177 1045 222 1073 tis
233 1039 372 1081 Epistola
384 1042 543 1081 Beatiffimi
554 1044 588 1076 &
597 1042 768 1082 Sandiffimi
779 1039 993 1083 Arcbiepiscopi
1002 1044 1057 1072 Ro-

177 1101 237 1126 mae
253 1092 356 1122 Leonis
366 1115 376 1131 ‚
395 1090 467 1132 ficut
479 1093 513 1125 (ἰν
523 1090 703 1134 universalis
717 1093 844 1130 synodus
858 1089 1009 1132 consentit,
1021 1090 1055 1122 (5

171 1136 359 1182 fiibftribitis
372 1165 382 1180 ‚
402 1145 448 1173 An
459 1154 516 1174 non
528 1144 540 1175 ?
567 1142 704 1175 Censuit
716 1150 813 1174 tantae
825 1141 1055 1183 Episcoporum

176 1188 396 1224 &Patriarcha
416 1190 639 1233 dependentiae
661 1202 730 1224 non
749 1190 811 1223 esst
835 1190 946 1222 locum
958 1190 991 1221 in
1004 1199 1057 1233 ge-

176 1239 282 1280 perali
294 1238 431 1281 Synodo
444 1253 455 1272 :
482 1238 567 1273 hanc
577 1242 639 1273 effe
649 1239 744 1271 omni
765 1237 989 1271 Patriarcham
1011 1239 1060 1271 su-

176 1289 346 1332 periorem.
376 1289 484 1320 Etiam
493 1288 638 1321 Romani
650 1287 769 1331 Legati
782 1285 867 1320 hanc
877 1286 1063 1333 AEgyptioe

175 1349 250 1372 xum
263 1337 502 1379 Exceptionem
516 1336 742 1382 improbarunt
753 1360 763 1376 ‚
774 1335 923 1373 &locuti
935 1337 1007 1369 sunt
1018 1335 1058 1377 ad

176 1386 351 1428 Synodum
374 1398 381 1417 z
419 1388 473 1418 Tot
483 1398 627 1419 annorum
637 1384 777 1428 Episcopi
797 1391 829 1418 in
850 1385 975 1427 Ecclesia
979 1384 1059 1429 J‘ene·

173 1435 290 1479 scentes
302 1460 313 1476 ,
339 1434 427 1479 usque
439 1435 541 1468 adhoc
552 1445 669 1478 tempus
676 1436 769 1478 fidem
781 1435 891 1468 retiam
903 1437 937 1470 (θ’
948 1435 1060 1469 Catho-

175 1488 263 1526 licam
272 1493 430 1531 ignorant,
456 1487 490 1519 (τ
502 1487 660 1527 expediant
670 1484 766 1518 adhuc
788 1486 917 1518 alienam
937 1487 1059 1518 senten—

173 1537 280 1576 tiam?
307 1535 810 1580 Approbaruntinrerceffionem
830 1535 986 1578 Cecropii
1005 1535 1058 1569 Se-

174 1585 420 1629 bastopolitani.
434 1586 542 1620 Etiam
554 1586 725 1631 Diogenes
736 1585 910 1619 Cizicenus
922 1585 1057 1627 Episco-

174 1647 236 1680 pus
248 1636 293 1670 est
306 1635 418 1670 denuo
429 1636 645 1671 interlocutus
657 1649 664 1668 :
677 1638 741 1679 ,Qui
751 1635 875 1668 necdum
885 1633 1056 1677 cognoscunt

174 1688 256 1729 quod
263 1688 384 1720 credunt
396 1711 416 1726 ,›
431 1685 476 1727 isti
485 1688 623 1721 ordinare
645 1685 755 1721 habent
773 1682 954 1728 Episcopum
968 1685 983 1716 ,ἕ
1013 1686 1055 1717 Et

175 1737 326 1770 universa
335 1735 489 1779 Synodus
501 1737 696 1771 exclamavit
718 1749 725 1767 :
764 1737 828 1779 ‚Qui
850 1746 907 1769 non
917 1732 1058 1776 consentit

177 1784 489 1827 Epistolaesancqiffiml
514 1785 724 1829 Archiepiscopi
743 1789 851 1818 Leonis
863 1809 873 1825 ‚
900 1784 1056 1818 haereticus

176 1834 224 1874 est.
251 1837 316 1878 ,Qui
328 1846 385 1867 non
397 1835 636 1868 anathematizat
650 1834 800 1873 Eutychen
812 1858 821 1873 ‚
845 1833 999 1867 haereticus
1010 1833 1056 1873 est.

175 1884 223 1918 Et
236 1883 394 1927 AEgyptii
406 1885 654 1927 responderunt:
686 1883 855 1917 Anathema
867 1883 1011 1923 Eutychi,
1024 1885 1057 1915 (α’

174 1933 363 1977 credentibus
377 1939 411 1966 ei.
438 1935 487 1967 Ita
498 1935 562 1968 sese
575 1934 615 1968 ab
636 1933 736 1967 haetefi
756 1942 985 1976 expurgarunt.
1015 1932 1057 1965 Et

175 1984 300 2018 rursum
314 1983 423 2017 omnis
433 1983 606 2026 Synodus:
633 1981 822 2025 Subscribant
840 1981 964 2022 epistola:
987 1985 1059 2014 Leo-

177 2039 238 2068 nis.
267 2035 433 2077 ,Quieinon
441 2031 618 2077 subscribit,
644 2033 803 2067 baereticus
814 2030 861 2071 est.
892 2032 935 2063 Et
948 2030 1058 2074 AEgy-

174 2084 239 2127 ptii
251 2095 258 2115 ε
286 2085 376 2117 extra
385 2085 570 2117 voluntatem
580 2080 793 2125 Archiepiscopi
803 2079 889 2121 nostri
900 2091 957 2112 non
965 2083 1057 2123 poJJu-

174 2144 244 2168 mus
250 2130 438 2176 subscribere.
467 2134 511 2167 Et
524 2133 667 2167 Aeacius
688 2131 874 2166 Ariararirae
894 2131 929 2163 in
943 2129 1056 2163 Arine-

173 2183 231 2217 nia
245 2182 424 2227 Episcopus
434 2185 606 2226 opposuit:
638 2187 826 2226 Incongruum
844 2180 881 2220 est
903 2178 1057 2222 universa-

176 2234 235 2271 lem
244 2234 385 2271 synodum
390 2240 623 2274 praetermittere
637 2257 647 2273 ,
672 2234 706 2266 (θ’
729 2239 762 2264 in
782 2242 873 2263 unam
897 2227 1057 2272 Personam

176 2284 333 2316 attendere
345 2307 356 2323 ,
383 2295 448 2326 quae
455 2282 628 2327 susceptura
645 2281 683 2323 est
703 2279 915 2323 Epist-opetum
928 2281 1057 2312 Alexan-

176 2334 255 2371 driae
264 2345 382 2377 magnae
393 2336 552 2367 Civitatis.
579 2338 708 2367 Intentio
719 2337 797 2366 enim
808 2330 855 2362 his
866 2329 905 2370 est
915 2355 926 2371 ‚
939 2328 1012 2370 ficut
1025 2335 1057 2362 in

176 2380 314 2426 Epheso,
339 2384 392 2417 seu
418 2382 582 2427 Ephefino
601 2382 793 2418 Latrocinio
806 2404 816 2420 ,
837 2379 1057 2422 perturbarunt

174 2438 296 2473 omnia,
320 2431 514 2475 &scandalis
537 2435 754 2476 compleverunt
776 2428 951 2473 universum
971 2433 1056 2462 Mun-

177 2483 251 2520 dum
261 2506 271 2521 ,
297 2483 332 2515 Θ
353 2494 428 2514 nunc
447 2483 530 2527 istam
546 2483 685 2527 samiam
705 2484 739 2516 i&
761 2492 901 2524 magnam
912 2481 1055 2517 synodum

177 2532 284 2568 volunt
298 2532 485 2573 perturbare.
514 2536 647 2567 Petimus
665 2542 699 2565 ut
720 2543 777 2564 non
799 2536 840 2563 eis
860 2530 1054 2569 concedatur,

172 2579 234 2623 sed
240 2590 295 2614 aut
304 2580 488 2624 consentiant
502 2586 532 2615 E
528 2583 639 2625 pistolae
652 2607 662 2623 ,
688 2590 740 2614 aut
758 2581 920 2623 regularem
930 2580 1055 2611 damna-

178 2627 287 2664 tionem
293 2630 458 2674 suscipiant
472 2657 482 2671 ,
509 2635 542 2667 (ν
552 2630 720 2676 cognoscant
732 2637 803 2672 quia
813 2635 1053 2662 excommunicati

176 2679 258 2724 sunt.
285 2682 384 2716 Senfit
396 2693 473 2717 cum
482 2682 605 2716 Photio
617 2682 800 2724 Tyriorum
815 2680 977 2722 Episcopo
988 2703 998 2718 ,
1020 2682 1054 2712 ὅ(

178 2731 249 2772 ejus
273 2741 501 2774 argumentum
531 2733 698 2776 insigniter
730 2729 914 2764 elucidavit.
960 2730 1054 2762 Hinc

178 2779 269 2817 idem
281 2779 420 2815 Photius
429 2782 696 2825 statimvadjunxit
709 2794 715 2813 :
743 2780 893 2824 ,Quomodo
912 2788 1053 2811 conantur

178 2831 396 2864 ordinationem
401 2831 504 2873 facere
515 2845 571 2865 non
581 2834 683 2865 eadem
688 2829 841 2874 sapientes
856 2828 922 2861 huic
936 2829 1053 2862 SancJae

179 2883 216 2918 eb·
227 2878 394 2923 Universali
404 2883 510 2920 synodo
529 2883 544 2913 ,ἕ
577 2885 699 2915 sienim
710 2881 790 2914 retia
794 2878 919 2922 sapiunt
933 2903 942 2918 ,
969 2878 1054 2918 osten-

175 2932 258 2969 dant
266 2937 421 2972 propriam
433 2937 642 2970 intentionem,
668 2932 767 2974 qualis
786 2929 824 2969 est
845 2937 921 2961 circa
939 2930 1032 2971 fidem
1045 2953 1053 2967 ,

177 2979 383 3024 &suscipiant
393 2980 554 3021 Epistulam
560 2980 726 3024 sanc‘liffimi
739 2976 976 3021 Archi-Episcopi
986 2982 1055 3011 Leo-

178 3038 238 3064 nis.
266 3033 286 3063 5
287 3038 298 3062 i
308 3040 407 3063 autem
420 3031 513 3062 nolint
525 3055 534 3070 ‚
545 3029 604 3076 finf
616 3035 862 3063 excommunicati.
892 3029 933 3062 Et
946 3030 1054 3062 omnis

179 3080 334 3124 synodus
345 3080 537 3115 acclamavit
551 3092 557 3111 :
587 3084 656 3112 Haec
668 3091 765 3112 omnes
785 3081 909 3112 dicimus
921 3103 931 3118 ‚
956 3091 1053 3112 omnes

172 3129 361 3174 ficsapimus.
391 3130 629 3162 Existimarunt
651 3129 833 3173 AEgyptios
854 3128 967 3162 dolose
978 3141 1048 3173 age-

181 3191 215 3214 re
226 3205 235 3220 ,
260 3180 370 3214 dolere
381 3180 425 3213 ob
436 3179 647 3224 degradatum
657 3180 850 3213 Dioscorum
863 3203 872 3218 ‚
901 3190 1054 3221 provoca-

183 3229 266 3264 read
277 3230 388 3263 falsam
411 3229 683 3263 consuetudinem
698 3252 707 3267 ‚
734 3227 793 3262 hac
814 3239 880 3262 arte
902 3229 984 3262 velle
994 3230 1055 3263 ela-

1121 196 1221 236 nestrae
1237 202 1375 241 Regionis
1397 203 1486 229 nimis
1510 196 1596 227 multi
1612 193 1706 237 sunt,
1732 209 1782 229 nor
1793 205 1882 239 pauci
1894 223 1902 238 ‚
1930 207 1986 236 non

1117 248 1261 289 posumus
1272 259 1390 280 numero
1394 253 1484 287 pauci
1494 247 1608 278 illorum
1615 243 1757 288 personas
1763 246 1915 289 suscipere.
1935 253 1989 281 Pe.

1121 303 1210 330 timus
1221 307 1322 330 autem
1333 296 1459 337 vestram
1468 295 1685 328 Sublimitatem
1696 319 1706 334 ,
1727 297 1762 329 Θ
1772 294 1846 327 banc
1851 295 1989 338 sandJam

1120 358 1154 379 ac
1163 359 1303 391 magnam
1313 348 1454 385 synodum
1464 371 1473 385 ,
1499 355 1533 378 ut
1544 343 1740 388 misereamini
1760 345 1843 378 nobis
1854 369 1865 384 ‚
1891 347 1925 378 (5
1941 358 1992 378 ex-

1115 396 1239 437 pelleris
1253 396 1376 438 nostrum
1388 393 1636 437 Archiepiftopum
1646 420 1656 435 ,
1682 405 1716 428 ut
1736 393 1898 438 secundum
1917 401 1994 427 anti*

1120 458 1209 487 quam
1242 445 1489 489 Consuetudinem
1518 446 1597 477 illius
1621 443 1784 487 sequamur
1800 443 1991 488 sententiam.

1122 494 1334 539 ,Quiafiextrd
1358 497 1542 529 voluntatem
1562 494 1702 535 Praefidis
1724 494 1814 535 nostri·
1820 496 1938 537 aliquid
1940 493 1993 535 fa-

1119 552 1230 578 ciamus
1241 570 1252 586 ,
1270 544 1344 587 ficut
1351 543 1582 588 praesumptores
1590 568 1599 584 ‚
1620 546 1653 577 (y
1666 556 1722 577 non
1729 543 1890 587 servantes
1893 542 1994 586 ficun-

1122 596 1190 628 dum
1204 601 1340 629 canones
1350 601 1507 636 antiquam
1519 592 1780 636 Consuetudinem,
1790 606 1888 627 omnes
1901 597 1993 638 AEgy-

1116 653 1227 687 ptiacae
1238 652 1366 689 regiones
1378 643 1529 688 infiirgent
1540 650 1571 675 in
1584 654 1645 675 nos.
1664 647 1747 687 Erga
1758 643 1934 686 miseremini
1945 657 1994 678 no-

1114 695 1186 735 ftrae
1196 695 1358 728 Senec‘lutis
1373 707 1380 727 ε
1408 693 1607 736 Miseremini,
1633 694 1667 726 <tr
1678 705 1735 725 non
1738 693 1866 734 faciatis
1891 706 1943 726 nos
1961 701 1994 727 in

1117 751 1351 788 peregrinatione
1362 743 1487 785 nostram
1505 749 1604 776 vitam
1624 741 1795 785 consumere.
1823 744 1866 776 Et
1887 743 1995 777 eidem

1123 795 1387 829 Reverendiffirni
1399 793 1551 837 Episcopi
1561 792 1759 835 jadiaverunt
1771 794 1802 826 se
1814 795 1849 825 in
1859 802 1976 826 terram
1986 818 1998 833 ‚

1122 854 1219 886 atque
1227 844 1401 879 dixerunt:
1427 845 1592 877 Clementes
1602 842 1667 883 estis
1681 867 1691 882 ,
1712 841 1890 886 miseremini
1899 842 1994 882 nostri.

1121 894 1223 926 Firmi
1248 895 1452 936 perstiterunt
1469 893 1636 936 praedicare
1656 894 1716 926 suae
1740 893 1894 926 Dioecefis
1905 893 1994 926 Con-

1123 942 1336 977 suetudinem.
1373 944 1550 976 Praedicare
1573 943 1674 986 ipsam
1696 943 1759 976 esse
1781 941 1995 976 immobilem.

1123 994 1165 1025 Et
1180 1004 1247 1026 non
1257 994 1319 1026 esse
1330 1002 1603 1036 extravagantem.
1629 993 1723 1026 Hinc
1741 992 1935 1032 addiderunt
1954 994 1999 1027 es-

1125 1043 1341 1077 sesecundum
1364 1042 1540 1080 Canones,
1567 1043 1621 1074 seu
1641 1053 1696 1087 per
1715 1042 1871 1077 Canones
1880 1043 1999 1076 confir-

1123 1102 1252 1125 matam.
1282 1092 1414 1135 Utique
1425 1102 1479 1134 per
1491 1092 1617 1124 sextum
1629 1091 1811 1124 Nicaenum.
1848 1091 1997 1126 Addide-

1123 1150 1197 1174 runt
1207 1153 1341 1175 omnem
1355 1140 1545 1186 AEgyptum
1558 1140 1650 1173 istius
1670 1139 1896 1174 Patriarchalis
1918 1142 2000 1183 Juris

1122 1192 1182 1224 effe
1194 1191 1276 1225 adeo
1287 1192 1429 1225 zelosam
1441 1201 1537 1235 atque
1547 1199 1697 1224 tenacem
1710 1214 1720 1230 ,
1746 1201 1783 1223 ut
1794 1201 1893 1223 nemo
1906 1191 2000 1234 ipsius

1122 1242 1344 1283 praevaricator
1354 1241 1559 1283 permittatur
1570 1239 1640 1273 istic
1651 1240 1758 1274 vivere
1766 1265 1775 1280 ,
1803 1240 1941 1283 ideoque
1954 1242 1999 1280 se,

1122 1291 1143 1322 fi
1159 1291 1404 1333 praevaricentur
1414 1314 1425 1330 ,
1438 1291 1552 1323 reverti
1566 1301 1634 1323 non
1648 1290 1781 1333 possein
1794 1289 1999 1334 AEgypmm,

1124 1340 1174 1374 sed
1188 1341 1340 1385 compelli
1357 1339 1397 1373 ad
1407 1341 1500 1373 omni
1518 1340 1572 1373 sua
1584 1340 1649 1373 vita
1662 1339 1841 1373 infaeliciter
1862 1341 2004 1384 peregri·->

1125 1390 1275 1424 nandum.
1314 1390 1446 1432 Insuper
1471 1389 1704 1423 subtexuerunt
1723 1390 1757 1423 δε
1785 1390 1883 1423 aliam
1902 1390 2000 1428 ratior

1124 1452 1216 1474 nem:
1242 1438 1346 1487 Qod
1358 1440 1474 1483 nempe
1491 1439 1587 1482 pauci
1598 1439 1699 1472 essent
1712 1462 1722 1477 ‚
1750 1437 1890 1480 ideoque
1900 1450 1940 1472 ex
1950 1449 2002 1472 to-

1123 1491 1186 1523 tius
1196 1490 1410 1528 Dioeoeseos,
1436 1499 1506 1531 quae
1531 1487 1801 1522 numerofisslmos
1822 1487 2001 1530 Episcopos

1123 1539 1241 1579 habet,
1266 1541 1401 1582 persona
1413 1537 1496 1571 nihil
1508 1539 1634 1581 poffent
1653 1547 1748 1581 agere
1767 1537 1835 1572 fine
1845 1538 1999 1582 lingulati

1123 1589 1285 1623 mandato.
1313 1588 1405 1622 Hinc
1416 1589 1450 1622 ὃς
1462 1587 1479 1620 εὶ
1491 1588 1594 1621 Γαηὸὶα
1609 1587 1745 1630 Synodo
1755 1611 1766 1627 ,
1790 1587 1823 1621 &
1846 1587 1864 1622 ὲ
1880 1587 2001 1635 glorio-

1122 1640 1159 1673 slS
1171 1638 1339 1682 Judicibus
1359 1638 1548 1683 flagitarunt
1568 1636 1835 1672 misericordiam.
1863 1638 1907 1672 Et
1930 1639 1999 1682 qui‹

1121 1690 1196 1723 dem
1207 1690 1240 1722 in
1254 1699 1370 1722 terram
1383 1687 1542 1732 prostrati.

1172 1738 1404 1773 Nihilominus
1424 1739 1530 1782 plures
1552 1740 1706 1783 Episcopi
1728 1741 1922 1773 censuerunt
1944 1750 2003 1783 per

1124 1787 1189 1823 haec
1201 1801 1268 1823 non
1278 1790 1378 1823 everti
1400 1789 1514 1823 Photii
1538 1790 1643 1833 Tyrii
1662 1791 1694 1823 &
1717 1790 1832 1824 Aeacii
1844 1789 2000 1823 Ariarati-

1122 1840 1219 1874 renfis
1229 1850 1480 1884 argumentum,
1506 1839 1647 1883 ideoque
1660 1840 1842 1882 Cecropius
1854 1839 2000 1873 Sebasto-

1123 1889 1288 1931 politanus
1300 1889 1345 1922 est
1358 1889 1468 1923 denuo
1478 1890 1694 1923 interlocutus
1707 1903 1713 1921 :
1741 1887 1925 1931 Universalis
1936 1888 2000 1922 baec

1122 1940 1249 1977 synodus
1262 1941 1443 1982 AEgyptiaca
1453 1945 1568 1982 regione
1577 1940 1672 1978 maior
1684 1938 1736 1978 est,
1759 1949 1795 1970 ac
1801 1938 1863 1979 fide
1875 1941 2001 1981 dignior.

1121 1991 1167 2020 Et
1187 2000 1243 2020 non
1266 1988 1303 2028 est
1315 1988 1428 2028 ‚iustum
1449 1990 1547 2021 decem
1566 1987 1717 2020 haereticos
1734 1989 1854 2028 audiri,
1880 1989 2004 2029 &pra-

1121 2042 1247 2069 termitti
1267 2038 1346 2070 mille
1369 2039 1509 2070 ducentos
1533 2036 1702 2079 Epist-opos.
1731 2042 1802 2069 Non
1823 2043 1902 2070 enim
1923 2050 2001 2070 nune

1121 2098 1172 2118 nos
1196 2093 1342 2130 exigimus
1370 2112 1380 2127 ,
1415 2096 1449 2119 ut
1464 2095 1521 2128 pro
1541 2088 1610 2120 aliis
1631 2084 1817 2129 ficamfidem
1828 2085 2002 2127 ostendant,

1114 2134 1173 2178 sed
1190 2138 1315 2169 dicimus
1338 2160 1348 2176 ,
1383 2146 1416 2170 ut
1435 2135 1491 2178 ipfi
1502 2144 1558 2177 pro
1579 2134 1636 2179 su'a
1659 2134 1787 2178 persona
1817 2137 1905 2170 rellae
1925 2137 2004 2178 fidei

1118 2185 1309 2229 consentiant.
1337 2186 1386 2220 Ita
1410 2187 1508 2220 etiam
1531 2185 1695 2228 respondit
1706 2186 1746 2219 ad
1759 2198 1882 2220 novum
1892 2186 2003 2231 AEgy-

1119 2237 1260 2279 peiorum
1283 2237 1324 2270 de
1346 2236 1498 2270 Mandati
1521 2237 1662 2269 carentia
1688 2247 1926 2280 argumentum.
1958 2237 2001 2270 Et

1119 2286 1276 2320 Eusebius
1287 2286 1504 2328 Dorylaeenfis
1530 2287 1708 2329 Episcopus
1726 2286 1899 2326 adjunxit:
1928 2289 2003 2318 Pro-

1118 2346 1267 2369 curatores
1289 2335 1334 2375 isti
1347 2334 1420 2378 sunt
1440 2342 1570 2369 omnium
1590 2339 1800 2379 AEgyptiorum
1813 2360 1823 2375 ‚
1849 2335 2004 2369 &debent-

1119 2384 1322 2429 Universalem
1354 2388 1496 2425 synodum
1523 2383 1618 2427 sequi.
1664 2386 1763 2418 Dixit
1796 2386 1866 2427 ipfis
1893 2385 2002 2419 adesse

1120 2436 1319 2469 Mandatum
1331 2459 1342 2475 ‚
1367 2436 1507 2478 ideoque
1519 2436 1637 2469 iterum
1650 2435 1790 2468 mentiri.
1819 2435 2003 2469 EtLucen-

1120 2487 1184 2520 tius
1197 2485 1376 2519 Esculanus
1388 2487 1569 2528 Episcopus
1582 2509 1592 2525 ‚
1618 2496 1655 2518 ac
1680 2485 1779 2518 sancti
1801 2483 1894 2528 Papae
1916 2485 2003 2519 Leo-

1121 2537 1170 2570 nis
1182 2537 1326 2580 Legatus
1337 2536 1463 2569 addidit
1475 2534 1516 2569 ad
1538 2534 1698 2579 gloriosos
1721 2534 1849 2576 Judices
1869 2547 1876 2567 z
1905 2537 1937 2567 Si
1958 2547 2003 2568 er-

1120 2595 1190 2618 rant
1203 2610 1213 2625 ,
1238 2587 1396 2619 doceantur
1412 2594 1468 2628 per
1488 2584 1615 2624 vestram
1625 2585 1885 2628 magnificentiam.
1913 2587 2001 2628 ,Quia

1119 2648 1178 2668 non
1193 2635 1308 2678 possunt
1330 2637 1428 2669 decem
1446 2634 1576 2667 homines
1586 2633 1905 2675 preeiudiciumflaeere
1915 2636 2003 2673 Syno-

1117 2687 1153 2718 do
1171 2683 1375 2728 sexcentorum
1398 2683 1608 2728 Episcoporum
1625 2708 1634 2724 ‚
1663 2695 1713 2717 nec
1736 2683 1897 2716 Catholicae
1914 2684 1997 2726 fidei.

1117 2736 1334 2770 confirmavit
1345 2735 1595 2769 fundamentum
1609 2733 1722 2767 Photii
1735 2734 1856 2775 Tyrii,
1881 2732 1999 2767 Aeacii

1117 2785 1359 2819 Ariaratirenfis
1374 2810 1383 2825 ,
1393 2787 1425 2819 &
1436 2785 1588 2826 Cecropii
1601 2783 1882 2826 Sebastopolitani.
1903 2779 2001 2816 Hinc

1115 2836 1261 2878 undique
1272 2835 1363 2879 preffi
1375 2835 1531 2878 AEgyptii
1546 2834 1658 2867 denuo
1671 2842 1876 2876 perrexerunt
1891 2845 1898 2863 ε
1913 2836 2001 2877 Jam

1115 2897 1174 2919 non
1187 2885 1334 2928 poffumus
1355 2885 1491 2917 babitare
1519 2890 1551 2916 in
1584 2887 1755 2916 Provincia.
1794 2880 1996 2923 Misereamini

1115 2935 1209 2976 nostri.
1237 2936 1412 2968 occidimur.
1449 2932 1629 2976 Miseremini
1651 2931 1743 2971 nostri.
1779 2931 1996 2965 Peri-exerunt

1115 2996 1227 3029 urgere
1247 2984 1620 3029 AEgyptiacaeDioeceiis
1646 2982 1751 3014 zelum
1771 2992 1830 3024 pro
1848 2981 1916 3023 jure
1937 2982 1997 3015 Pa*

1115 3034 1294 3068 triarchico.
1326 3034 1491 3079 Universa
1511 3031 1663 3075 synodus
1684 3032 1750 3064 fuit·
1766 3030 1926 3065 'admirata
1940 3055 1950 3071 ,
1961 3033 1994 3066 ὅ(

1115 3084 1309 3119 exclamavit
1335 3097 1342 3115 :
1379 3085 1495 3117 Videtis
1517 3106 1529 3122 ,
1553 3081 1692 3122 quomodo
1715 3079 1908 3120 testimonium
1922 3090 1998 3123 per-

1115 3134 1215 3167 hibent
1230 3133 1297 3176 suis
1316 3133 1472 3176 Episcopis
1490 3155 1499 3170 ‚
1525 3132 1665 3165 dicentes.
1693 3132 1778 3174 ,Quia
1808 3133 1964 3164 occidimur
1977 3134 1995 3163 ,ἲ

1120 3186 1159 3218 Et
1180 3183 1258 3216 hinc
1279 3183 1320 3216 ad
1354 3183 1513 3227 gloriosos
1543 3179 1672 3223 Judices-
1699 3190 1931 3215 converterunt
1963 3183 1999 3215 se

1119 3234 1168 3267 isti
1181 3232 1331 3275 Episcopi
1344 3256 1354 3271 ,
1379 3242 1475 3274 atque
1486 3230 1659 3265 dixerunt:
1687 3234 1830 3263 Morimur
1844 3256 1854 3271 ‚
1877 3240 1932 3272 per
1944 3244 1997 3264 ve-

184 3278 238 3319 bi,
263 3280 297 3314 ὅ(
318 3279 475 3322 persistere
497 3280 532 3312 in
556 3278 761 3322 Eutychiana
783 3278 924 3320 perfidia.
962 3281 1054 3313 Hinc
1111 3284 1198 3327 stigia
1222 3282 1324 3322 vestra.
1352 3279 1530 3323 Miseremini
1548 3279 1641 3320 nostri.
1670 3284 1834 3313 Moriamur
1854 3284 1873 3313 ἃ
1887 3282 1971 3314 vobis
1985 3305 1995 3320 ,

186 3328 409 3372 AEgyptiiper
418 3331 598 3364 Hieracum
610 3327 1070 3372 AphnaitarumEpiscopum,
1118 3336 1151 3366 <9-
1174 3345 1231 3365 non
1251 3333 1318 3364 illic.
1345 3335 1420 3363 Fiat
1440 3331 1486 3363 hic
1509 3328 1747 3372 archiepiscopus
1771 3354 1781 3369 ‚
1818 3332 1851 3364 (9⁶
1868 3330 1996 3373 subscri-

182 3377 367 3415 constanter
377 3381 571 3423 regesserunt
584 3391 590 3410 :
611 3382 643 3423 J
646 3391 694 3412 am
706 3387 762 3420 per
776 3384 935 3421 petitiones
946 3379 1055 3419 nostras
1068 3376 1070 3383 ¹

183 3427 273 3469 fidem
284 3428 465 3469 manifestam
468 3429 597 3470 fecimus
611 3455 620 3469 ‚
645 3430 679 3462 &²
700 3441 757 3461 non
775 3438 863 3462 extra
875 3426 1070 3462 Catholicam'
1112 3432 1243 3471 strorum.
1290 3433 1386 3464 Detur
1421 3429 1469 3463 hic
1505 3428 1751 3472 Archiepiscopus.

188 3478 298 3517 Fidem
316 3480 465 3511 credentes
486 3486 688 3521 apparuimus.
725 3481 810 3523 ‚Quia
828 3482 899 3513 vero
916 3478 1053 3524 Episcopi

290 3527 403 3569 Differt.
416 3530 536 3566 Prooem.
547 3532 624 3562 Tom.
636 3534 665 3565 1.

1118 3383 1212 3414 bimus
1236 3405 1245 3419 ,
1284 3382 1318 3414 (5
1349 3379 1550 3423 consentimus.
1588 3378 1769 3422 Miseremini
1787 3392 1925 3413 canorum
1947 3392 1999 3413 no·-

1800 3435 1899 3463 Novit
1938 3434 1997 3462 Det'

1118 3481 1326 3520 amantiffimus
1365 3478 1598 3523 Archiepiscopus
1626 3481 1778 3512 Anatolius
1803 3504 1814 3519 ‚
1851 3486 1923 3522 quia
1947 3489 1993 3511 ta-

1610 3529 1638 3562 E
1689 3540 1712 3566 2
1957 3529 1996 3563 lis
