2346 3776
379 98 397 137 3
411 94 473 139 04

357 162 459 197 Porro
480 162 513 198 in
533 160 675 197 Canone
697 163 809 199 nostro
832 163 955 198 Hosius
980 161 1185 205 singulariter

302 212 589 256 exprcffitdivites,
602 212 874 252 &Scholasticos‚
891 212 980 256 qudd
993 211 1034 245 ad
1047 212 1183 248 arietan-

302 264 378 297 dam
394 263 567 297 Ecclesiam
582 263 760 297 Eusebiani
783 261 989 296 adsumerent
1009 261 1181 306 praesertim

302 313 471 356 ejusmodi.
486 313 718 347 Gravissimum
733 311 951 346 Ecclesiarum
965 313 1022 346 suo
1032 322 1181 355 tempore

302 364 456 401 morbum
481 364 576 399 fuisse
588 362 753 407 ‚queritur
776 362 912 396 Sanc'ius
926 362 1107 411 Gregorius
1117 362 1183 396 Na-

308 415 485 449 zianzenus
507 414 622 447 sextos
641 437 652 453 ‚
685 410 894 454 Pyrrhones,
931 412 1181 453 contradicendi

303 464 446 498 libidine
471 464 620 497 incitatas
644 462 773 506 linguas
793 486 804 502 ‚
840 462 881 496 ad
903 462 988 496 nihil
1011 473 1182 503 vacanteS,

304 515 401 559 quam
415 513 456 553 ad
469 512 548 547 novi
572 511 695 555 aliquid
708 523 784 546 curn
797 511 1055 551 Atheniensibus
1074 513 1183 548 dicen-

303 566 382 598 dum
410 562 459 596 vel
483 561 686 599 audiendum
708 574 715 594 ε
757 562 860 596 Erant
883 563 901 599 ἐ
924 565 997 607 soro
1019 563 1182 607 adsumpti

304 613 458 657 Episcopi
474 638 484 653 ‚
510 611 614 656 qualis
626 613 660 646 ὅ(
674 613 759 656 apud
771 613 965 647 Donatistas
984 614 1047 648 suit
1059 613 1182 657 loquax

301 665 357 702 ille
370 662 551 697 petilianus
563 687 570 694 .

353 712 454 748 Recte
476 713 579 747 dixit:
608 715 726 756 Dives,
745 715 800 753 vel
809 711 1016 755 scholasticus.
1044 711 1184 749 Adsum-

298 764 386 808 psere
398 765 490 798 enim
502 763 681 800 Eusebiani
695 765 793 798 etiam
816 763 969 798 homines
991 763 1185 807 imperitiffi-

298 826 389 855 mos,
413 814 517 848 illotis
529 814 692 855 manibus,
704 826 742 849 ac
756 813 933 858 prophanis
945 814 1066 847 animis
1086 813 1186 847 sordi-

297 865 378 907 dos3
398 865 514 903 Saules
537 865 622 901 inter
634 863 836 908 Prophetas,
864 863 1064 909 judiciorum
1083 863 1184 898 fidem

298 915 403 958 pretio
426 914 588 956 addictam
610 912 767 948 habentes
788 926 797 958 ;
825 913 1014 950 Sacerdotes
1037 913 1184 948 mercede

297 965 414 998 dantes
425 965 575 1007 responsa
591 987 601 1003 ‚
628 962 811 1008 Prophetas
833 974 902 998 non
927 965 987 998 nisl
1011 974 1183 998 numerato

295 1024 435 1059 argento
454 1014 673 1048 vaticinantes
697 1038 708 1054 ,
743 1013 863 1058 quibus
886 1015 1024 1049 nomine
1046 1039 1056 1055 ,
1092 1024 1184 1048 com-

296 1064 480 1113 munione,
506 1064 655 1100 consessu
678 1063 771 1113 iungi
784 1065 1014 1104 Nazianzenus
1028 1064 1159 1101 erubuit
1173 1088 1183 1105 ,

295 1112 438 1159 ideoque
464 1114 589 1162 abjeilo
616 1115 816 1159 Episcopatu
845 1116 931 1161 fugit
953 1115 987 1149 in
1011 1115 1183 1155 Pontum,

296 1165 337 1200 de
349 1165 469 1209 quibus
481 1165 573 1210 plura
597 1165 736 1200 infer-ius
754 1165 795 1199 ad
808 1165 981 1208 Synodum
995 1165 1185 1200 Constanti-

298 1216 528 1263 nopolitanam
543 1240 550 1247 .
582 1214 681 1253 Adeo
697 1215 818 1250 Canon
832 1215 938 1254 noster
952 1215 1061 1252 subito
1069 1217 1184 1251 sanare

233 1304 237 1310 ¹
295 1278 365 1301 non
381 1266 490 1314 potuit
504 1265 626 1305 rabiem
641 1266 898 1312 praesumprionis
909 1265 1103 1300 Eusebianae
1115 1291 1122 1298 .

347 1316 461 1351 Etiam
473 1317 507 1349 in
522 1316 633 1350 Gallia
644 1315 821 1361 grassatum
844 1315 889 1350 est
902 1317 990 1350 virus
1010 1315 1068 1350 sub
1079 1317 1183 1360 prima

295 1369 501 1406 Francorum
525 1367 660 1412 Regum
693 1367 775 1401 serie
800 1391 807 1398 .
834 1367 915 1400 Haec
952 1367 997 1402 est
1020 1365 1185 1411 Neophy-

296 1428 407 1456 torum
429 1415 554 1454 haeresis
581 1442 592 1458 ‚
632 1428 732 1461 quam
750 1417 886 1451 Sanstus
912 1416 1093 1462 Gregorius
1118 1428 1183 1450 ma-

295 1476 382 1513 gnus
402 1467 481 1507 inde
506 1466 620 1510 ejecit.
649 1466 784 1513 Etenim
794 1467 835 1501 de
862 1465 1054 1512 Chilperico
1066 1467 1182 1511 Rege,

295 1525 394 1561 quem
428 1515 478 1553 sui
506 1517 663 1562 temporis
684 1517 854 1553 Neronem
879 1526 979 1563 atque
1009 1516 1181 1551 Herodem

295 1579 396 1604 vocat
418 1594 430 1609 ,
457 1568 569 1603 scribit
591 1568 775 1613 Gregorius
796 1568 978 1613 Episcopus
1003 1567 1183 1606 Turonen-

296 1620 354 1652 sis:
382 1621 466 1661 Ej’us
492 1627 621 1660 tempore
636 1624 728 1660 pauci
760 1617 977 1661 Episcopatum
1000 1619 1105 1653 Clerici
1126 1631 1183 1652 me·

292 1677 418 1702 ruerunt
444 1692 451 1699 .
481 1668 525 1702 Et
546 1668 586 1701 de
614 1668 837 1701 Gumtramno
859 1692 870 1708 ,
898 1669 993 1713 Rege
1012 1670 1048 1703 in
1070 1669 1183 1703 multis

296 1718 476 1753 laudabili:
505 1722 583 1752 Cum
598 1719 801 1761 jurajuranda
820 1721 887 1753 Rex
909 1720 1057 1762 pollicitus
1074 1718 1183 1761 fuerat

290 1769 326 1815 se
357 1781 511 1812 nunquam
544 1781 582 1802 ex
616 1770 702 1802 laicis
733 1766 915 1812 Epifiopum
950 1771 1180 1803 ordinaturum:

295 1822 355 1854 sed
374 1822 451 1862 quid
467 1820 588 1861 pellam
613 1819 749 1853 bumana
760 1831 818 1852 non
843 1828 926 1863 cogat
938 1825 1006 1853 auri
1021 1817 1113 1863 sacra
1127 1819 1183 1860 fa-

296 1883 360 1904 mes
372 1872 384 1903 ?
413 1870 601 1904 Dalmatius
613 1868 835 1903 Ruthenensis
846 1869 1029 1913 Episcopus
1040 1870 1184 1904 moriens

294 1922 328 1954 in
354 1919 551 1954 testamento
573 1921 633 1954 suo
645 1919 776 1963 Regem
796 1919 957 1962 adjuravit
981 1919 1183 1954 terribilibus

293 1970 539 2011 sacramentis,
566 1981 607 2004 ne
628 1969 688 2004 fibi
701 1971 860 2004 successor
883 1969 1002 2004 elaico
1025 1970 1156 2004 daretur
1170 1994 1180 2009 ,

292 2021 348 2055 alii
372 2022 453 2055 item
469 2021 627 2064 Episcopi
648 2021 762 2054 officio
774 2031 844 2053 non
869 2019 1019 2054 defuere:
1048 2021 1097 2054 At
1117 2020 1183 2054 sine

293 2073 396 2105 frustu
412 2096 422 2111 ‚
450 2071 620 2115 quousque
632 2071 664 2104 so
674 2070 828 2113 adjunxit
854 2070 1053 2115 Gregorius.
1081 2069 1182 2104 Reste

294 2132 430 2156 vocatur
443 2120 564 2155 haerelis
576 2146 586 2161 ‚
615 2121 729 2163 utique
741 2120 934 2155 Simoniana
948 2132 955 2151 ε
977 2121 1181 2154 Francorum

293 2173 385 2207 enim
409 2173 518 2215 Reges
539 2180 620 2205 auro
633 2169 818 2205 vendebant
840 2168 1009 2206 cathedras
1032 2170 1097 2204 suis
1108 2182 1183 2214 prae-

294 2222 409 2259 sertim
423 2220 583 2255 Palatinis
597 2246 604 2253 .

349 2272 467 2306 Altera
490 2271 641 2306 Canonis
658 2281 730 2315 pars
742 2271 858 2307 servari
883 2270 1018 2306 mandat
1038 2270 1183 2316 singulo-

296 2334 370 2358 rum
385 2321 556 2358 Ordinum
567 2321 865 2366 interstitia,eaque
875 2323 938 2356 esse
949 2322 1043 2367 longi
1055 2331 1183 2365 tempo-

293 2376 356 2416 ris,
369 2385 437 2416 quo
455 2372 672 2408 ministrantis
683 2371 765 2407 fides
776 2396 788 2412 ,
815 2372 960 2416 probitas
972 2395 984 2412 ,
1010 2371 1182 2406 continen-

294 2426 344 2459 tia
366 2449 376 2464 ‚
405 2423 591 2458 moderatio
613 2421 710 2467 plene
734 2423 895 2467 cognosci
929 2421 1025 2465 possit
1047 2426 1057 2463 ',
1084 2432 1182 2464 atque

298 2476 344 2510 ita
367 2474 424 2507 ille
446 2475 601 2517 probatus
633 2472 788 2518 legitimo
815 2472 1046 2517 progressionis
1079 2470 1182 2506 modo

298 2523 463 2569 gradatim
482 2523 678 2556 adscendere
697 2522 868 2567 fastigium
890 2522 1104 2566 Episcopale.
1131 2522 1183 2555 In-

298 2574 514 2610 terstitiorum
537 2582 685 2616 tempora
709 2583 779 2605 non
815 2572 1012 2606 determinat
1038 2595 1050 2613 ‚
1086 2571 1182 2605 relin-

298 2625 373 2669 quit
401 2621 643 2667 Episcoporum
667 2620 827 2664 arbitri03
855 2618 1088 2655 determinavit
1100 2620 1184 2664 post-

236 2712 238 2714 ,
300 2673 440 2709 modum
476 2673 623 2716 Syricius
666 2670 826 2706 Pontifex
862 2671 898 2704 in
944 2671 1037 2715 supra
1073 2670 1184 2704 lauda·

300 2727 343 2759 tis
363 2723 482 2758 litteris
503 2722 544 2757 ad
577 2722 769 2755 Himerium
794 2719 996 2764 Episcopum
1022 2719 1185 2754 Tarraco—

302 2774 459 2809 nensem:
487 2773 524 2807 ln
537 2773 714 2807 Lestoratu
734 2770 989 2807 &Exorcistatu
1012 2770 1119 2810 duos,
1147 2770 1185 2803 in

302 2824 487 2867 Acolytatu
496 2824 530 2858 ἃ
542 2821 789 2856 subdiaconatu
797 2821 942 2865 quinque
954 2845 963 2861 ‚
991 2821 1137 2864 quinque
1148 2820 1184 2854 in

303 2876 496 2910 Diaconatu
521 2897 532 2915 ,
557 2872 675 2907 decem
695 2883 803 2906 annos
834 2870 957 2914 expleri
986 2869 1122 2904 mandat
1148 2870 1183 2903 in

305 2924 533 2966 presbyteratu
547 2947 557 2964 ,
584 2933 683 2967 atque
705 2932 785 2956 tunc
806 2921 949 2965 primurn
972 2921 1061 2964 poffe
1087 2918 1186 2954 evehi

305 2975 346 3008 ad
358 2975 591 3017 Episcopatum
605 2997 616 3012 ‚
642 2971 767 3007 addens
787 2970 942 3005 servanda
964 2969 1032 3005 haec
1046 2970 1148 3004 etiam
1168 2970 1187 3004 a

307 3023 494 3058 monachis.
524 3023 736 3057 Confirmant
757 3021 943 3056 Celestinus
965 3022 999 3054 δε
1021 3021 1092 3054 Leo
1120 3031 1189 3053 ma-

308 3085 393 3117 gnus
404 3074 606 3108 Successores
627 3073 663 3106 in
674 3070 790 3106 litteris
810 3071 853 3106 ad
866 3071 1047 3114 Episcopos
1060 3069 1188 3110 Galliae,

310 3123 344 3156 &
355 3123 565 3157 Mauritaniae
576 3122 787 3156 Caesaraeenfis
798 3147 805 3153 .
834 3121 981 3155 Gelafius
1007 3119 1190 3154 monachos

311 3172 466 3206 omnibus
480 3174 498 3206 a
522 3173 697 3207 Leaoratu
719 3172 761 3207 ad
782 3173 885 3215 usque
911 3171 1068 3205 inclusive
1100 3169 1192 3204 Pres-

313 3221 501 3264 byaeratum
532 3222 687 3266 gradibus
719 3234 808 3256 anno
839 3232 909 3255 uno
933 3246 943 3262 ,
971 3221 1075 3255 laicos
1106 3221 1190 3254 intra

313 3281 439 3305 annum
451 3271 485 3303 ὅ(
497 3272 641 3304 medium
654 3273 799 3315 insigniri
813 3271 955 3316 permisit
967 3294 978 3312 ,
1005 3269 1118 3304 verum
1130 3270 1191 3304 dis·

137 3328 218 3377 Lro'
315 3318 499 3364 pensatorie
524 3320 568 3352 ob
590 3321 748 3355 summam
773 3323 807 3355 in
847 3322 1008 3355 devastata
1034 3332 1089 3364 per
1117 3321 1193 3354 Bat-

139 3365 273 3424 E'pistss3,
314 3370 410 3407 baras
434 3368 529 3404 ltalia
550 3370 697 3413 inopiam
723 3371 947 3407 Clericorum.
975 3370 1126 3407 Eandem
1146 3370 1192 3405 ob

115 1078 199 1109 Orar-
212 1085 234 1106 ι.

113 1423 254 1460 Lac-46.

116 1618 255 1651 Lac-22,

131 3109 249 3154 Epist&-

683 78 967 124 CANouts
1003 77 1303 122 CONCILH
1326 77 1733 126 *S‘ARDICENSIS

1246 165 1376 199 causam
1384 165 1513 201 Paffivo
1526 191 1537 207 ,
1548 167 1705 202 Firmano
1712 168 1879 214 Episcopo
1888 194 1900 211 ,
1926 154 2072 207 vacantis
2080 171 2125 208 A·

1246 215 1384 257 prutinae
1405 216 1553 254 Ecclesiae
1570 218 1725 252 visitatori
1746 245 1757 261 ,
1783 219 1921 255 mandat
1944 221 2125 266 Gregorius

1233 276 1407 310 magnus,
1433 277 1470 300 ut
1493 269 1730 312 Opportunum
1749 294 1761 311 ,
1787 270 2047 314 probatissimum
2070 272 2126 307 lai-

1246 326 1324 349 cum
1349 340 1361 356 ,
1396 316 1598 351 monachum
1624 319 1746 360 faciat,
1771 321 1807 355 δε
1833 332 1915 355 mox
1949 321 2127 357 Subdiaco-

1249 377 1352 406 num,
1377 376 1415 404 ac
1434 367 1506 411 post
1526 367 1734 412 aliquantum
1754 372 1911 416 temporis
1934 379 2129 416 promoveat

1246 416 1280 448 in
1318 414 1517 461 Episcopum
1546 444 1553 450 .
1578 417 1716 453 'Eadem
1741 419 1796 454 die
1829 421 1899 457 dari
1924 422 2031 466 plures
2067 422 2129 457 Or-

1245 466 1339 500 dines
1366 467 1472 502 sacros
1493 468 1618 511 primus
1645 469 1790 512 permisit
1809 470 1967 507 Clemens
1995 474 2128 514 sextus,

1247 516 1296 550 uti
1320 526 1415 550 notat
1438 518 1473 552 ἀ
1495 518 1607 563 culpat
1640 519 1811 555 Henricus
1829 521 2013 558 monachus
2039 522 2129 558 Reb-

1244 565 1440 604 dorffienfis.

1294 615 1413 651 Tertia
1424 616 1575 653 Canonis
1596 630 1668 662 pars
1677 618 1733 665 dat
1745 618 1793 654 sui
1811 620 1924 656 statuti
1934 622 2014 658 duas
2030 624 2129 658 ratio-

1246 677 1304 701 nes
1318 691 1325 699 .
1354 667 1466 701 Prima
1477 668 1523 702 est
1535 693 1545 709 ,
1572 670 1662 713 quod
1683 670 1818 705 scientia
1831 672 1865 705 ἀ
1884 672 1973 707 bona
1994 685 2129 708 conver-

1251 718 1336 752 satio
1349 729 1418 752 non
1431 719 1617 762 patiantur,
1644 720 1877 766 utEpiscopus
1896 746 1909 764 ‚
1934 722 2128 767 Presbyter,

1246 767 1422 802 Diaconus
1437 768 1556 803 temere
1568 794 1579 810 ‚
1603 782 1641 804 ac
1665 769 1775 805 subito
1787 770 1884 806 fiant.
1914 772 2015 807 Reae
2037 773 2128 807 enim
2145 791 2226 823 Om-
2238 802 2265 823 Β

1248 817 1428 862 Gregorius
1437 819 1668 855 Nazianzenus
1676 821 1759 855 ridet
1773 821 1966 857 Eusebianae
1978 823 2130 858 fastionis

1248 868 1398 912 reliquias
1407 892 1417 908 ‚
1444 868 1652 912 quodpaffim
1664 871 1846 916 Episcopos
1859 897 1870 913 ,
1880 873 2023 919 Angelis
2031 874 2130 917 atque

1249 916 1470 963 Archangelis
1496 919 1653 962 aequalem
1663 931 1847 965 paraturam
1862 947 1872 963 ‚
1898 929 1988 957 unius
2006 924 2130 958 diecula

1246 967 1349 1011 spacio
1369 993 1380 1009 ,
1406 969 1490 1002 velut
1507 967 1698 1010 stmulacrum
1724 983 1764 1005 ex
1786 973 1893 1017 argilla
1913 998 1923 1014 ‚
1955 973 2127 1018 fingerent,

1249 1018 1360 1065 Qem
1377 1018 1412 1052 in
1431 1019 1498 1053 vita
1509 1020 1619 1054 Sansti
1629 1019 1748 1066 Ignatii
1762 1021 1958 1057 Patriarchae
1967 1023 2130 1058 Constan-

1249 1067 1466 1112 tinopolitani
1497 1069 1646 1104 imitatus
1672 1070 1809 1106 Nicetas
1837 1071 2009 1119 Paphlago
2041 1071 2130 1110 Pho-

1246 1119 1330 1152 tium
1351 1143 1363 1159 ‚
1388 1116 1538 1153 Ecclefiae
1559 1120 1941 1165 Constantinopolitanae
1971 1135 2015 1158 ex
2037 1122 2127 1159 laico

1250 1167 1418 1203 moechum
1433 1193 1445 1209 ‚
1469 1179 1568 1204 vocat
1578 1170 1720 1204 sancium
1735 1173 1986 1214 extemporalem,
2011 1173 2131 1217 acipse

1249 1220 1283 1252 in
1294 1220 1406 1253 oCtava
1419 1219 1558 1263 Synodo
1567 1220 1731 1266 Ignatius:
1743 1225 1864 1256 Natum
1869 1220 1970 1266 subito
1974 1225 2072 1265 juxta
2073 1222 2135 1265 fa·-

1249 1270 1334 1303 bulas
1340 1274 1498 1316 gigantem
1514 1294 1525 1310 ,
1534 1269 1569 1304 id
1578 1271 1639 1314 est,
1651 1277 1718 1307 rem
1730 1271 1966 1318 impossibilem
1974 1298 1985 1315 ,
1998 1272 2130 1312 fabulis·

1248 1331 1312 1364 que
1322 1319 1603 1357 adnumerandam
1613 1346 1622 1354 .

1297 1368 1413 1404 Altera
1434 1370 1519 1406 ratio
1529 1370 1575 1405 est
1588 1396 1599 1412 ‚
1627 1370 1715 1415 quod
1735 1373 1836 1408 laicus
1859 1385 1901 1408 ex
1927 1372 2128 1418 Apostolico

1248 1419 1388 1454 Canone
1400 1421 1437 1454 sit
1449 1421 1559 1456 revera
1571 1421 1774 1466 Neophytus
1784 1448 1795 1465 ,
1807 1423 1883 1458 licet
1893 1435 1962 1458 non
1983 1423 2063 1466 isse,
2084 1423 2129 1460 de

1249 1481 1316 1513 quo
1337 1470 1481 1504 dictum:
1509 1476 1632 1513 Oportet
1657 1471 1837 1516 Episcopum
1857 1473 1975 1519 effenon
1995 1472 2130 1516 Neophy-

1247 1529 1329 1561 tum,
1361 1529 1472 1554 tamen
1497 1521 1572 1562 ille,
1597 1521 1640 1556 de
1662 1533 1730 1565 quo
1749 1523 1894 1557 distum:
1920 1525 2127 1557 Nemini'cnt

1247 1582 1355 1608 manus
1367 1569 1538 1616 imposueris
1550 1595 1561 1612 ‚
1572 1572 1627 1606 ἀι
1646 1572 2016 1615 Hiprobenturprimftm.
2044 1572 2130 1610 Pro-

1249 1620 1317 1655 bari
1343 1622 1433 1655 enim
1462 1632 1531 1655 non
1558 1621 1690 1664 possunt
1715 1647 1726 1663 ‚
1754 1623 1813 1655 nisi
1839 1622 2022 1668 longiffimi
2048 1631 2130 1657 tem-

1252 1672 1339 1715 poris
1352 1671 1385 1704 in
1398 1670 1532 1715 singulis
1543 1670 1698 1714 gradibus
1707 1670 1943 1712 ministerio,&
1962 1673 2129 1707 conversa·

1249 1722 1341 1755 tione
1353 1744 1360 1752 .
1390 1720 1433 1754 Et
1445 1719 1603 1764 quoniam
1616 1719 1650 1755 id
1663 1732 1731 1758 non
1749 1719 1882 1758 tantum
1902 1720 1945 1755 de
1957 1721 2127 1766 Episcopis

1250 1772 1283 1805 &
1302 1769 1504 1818 Presbyteris
1520 1796 1530 1812 ,
1558 1770 1611 1805 sed
1623 1796 1634 1812 ‚
1655 1771 1688 1805 δε
1700 1770 1741 1806 de
1752 1769 1914 1806 Diaconis
1931 1769 2017 1807 dixit
2037 1770 2130 1819 Apo-

1250 1820 1350 1855 stolus
1364 1845 1375 1861 ‚
1401 1820 1478 1856 ideo
1489 1821 1532 1856 ad
1552 1819 1693 1856 eosdem'
1706 1821 1883 1857 Canonem
1901 1831 2034 1866 quoque
2053 1814 2132 1857 Ηᾶ

1251 1872 1311 1904 fius
1334 1871 1503 1906 extendit.
1531 1871 1585 1905 Ex
1597 1883 1664 1916 quo
1685 1871 1899 1916 postmodum
1920 1867 2063 1906 secundi
2072 1871 2133 1914 Sy·

1251 1920 1357 1955 nodus
1379 1920 1600 1962 Arelatensis,
1627 1922 1773 1967 Syricius
1790 1921 1949 1956 Pontifex
1971 1946 1984 1962 ,
2007 1921 2135 1957 cunsti-

1250 1981 1313 2015 que
1336 1971 1405 2015 ejus
1427 1970 1620 2006 successores
1636 1983 1789 2016 accepere
1809 1971 2062 2006 fundamentum
2084 1960 2154 2005 se-X

1250 2021 1351 2056 cundi
1375 2022 1505 2056 Nicaeni
1538 2022 1689 2059 Canonis
1706 2047 1717 2064 ‚
1746 2021 1803 2068 qui
1820 2022 1863 2057 de
1893 2021 1973 2056 solis
1994 2021 2132 2066 Episco-

1253 2072 1314 2116 pis,
1326 2074 1361 2107 &
1372 2072 1576 2119 presbyteris
1587 2071 1700 2107 statuit
1710 2095 1721 2113 ,
1730 2071 1832 2108 etiam
1844 2071 1886 2107 ad
1895 2071 2070 2107 Diaconos
2076 2081 2130 2105 ex-

1250 2122 1431 2157 tendendi.

1299 2173 1645 2220 QantumRomana
1667 2173 1808 2208 Ecclesia
1818 2172 2046 2217 promotiones
2066 2168 2130 2205 hu-

1248 2222 1388 2266 jusmodi
1415 2223 1537 2266 semper
1548 2223 1587 2256 fit
1611 2224 1775 2264 aversata,
1800 2223 1905 2266 liquet
1925 2232 1968 2256 ex
1990 2221 2130 2255 Anasta-

1249 2273 1292 2308 fio
1329 2270 1588 2307 Bibliothecario
1621 2274 1657 2306 in
1693 2273 1761 2307 vita
1797 2270 1956 2315 &ephani
2003 2270 2134 2315 cunuti.¹

1251 2321 1386 2357 Etenim
1406 2322 1619 2371 Constantini
1642 2322 1719 2356 laici
1741 2333 1798 2366 per
1814 2321 1883 2365 ejus
1904 2319 2132 2356 fratrem‘To-

1251 2382 1375 2407 tonern-
1386 2396 1400 2414 ‚
1426 2372 1594 2416 Nepefinae
1614 2371 1758 2406 civitatis
1783 2372 1914 2406 Ducem
1934 2395 1945 2412 ,
1970 2371 2005 2404 in
2027 2369 2131 2414 Papa-

1249 2433 1321 2457 tum
1332 2422 1546 2464 intrusionem
1568 2422 1631 2456 este
1642 2421 1725 2456 dicit
1746 2422 1853 2466 impiae
1871 2419 2135 2465 praesumptionis

1250 2473 1472 2519 propositum,
1501 2472 1537 2506 in
1560 2471 1703 2507 Ecclesia
1725 2472 1793 2506 Dei
1815 2470 1999 2505 inauditam
2020 2469 2132 2504 acim⁶

1250 2524 1338 2567 piam
1365 2523 1547 2558 novitatem
1566 2546 1578 2564 ,
1606 2521 1765 2556 novitatis
1785 2531 1928 2556 errorem
1947 2544 1959 2562 ,
1991 2520 2130 2563 impiam

1250 2574 1330 2608 novi
1356 2572 1494 2613 erroris,
1521 2584 1560 2607 ac
1594 2571 1787 2607 temeritatis
1831 2570 2130 2615 praescriptionemr

1254 2623 1399 2667 Ejusque
1422 2623 1518 2657 causa
1539 2622 1784 2656 Constantinus
1804 2631 1882 2656 cum
1912 2617 2072 2659 omnibus
2088 2618 2134 2653 ab

1250 2673 1310 2707 illo
1345 2671 1505 2706 ordinatis
1531 2671 1706 2716 Episcopis
1742 2671 1777 2706 &
1802 2670 1940 2704 Clericis
1964 2667 2134 2712 synodali·

1249 2732 1297 2756 ter
1323 2721 1497 2755 damnatus
1507 2722 1576 2763 est,
1602 2721 1643 2755 ab
1654 2722 1739 2755 irato
1764 2719 1811 2755 ob
1828 2717 2029 2764 Apostolicae
2038 2717 2135 2754 Sedis

1254 2771 1406 2815 injuriam
1426 2772 1585 2806 Romano
1609 2771 1733 2815 populo
1758 2770 1920 2805 violenter
1929 2778 2132 2812 excaecatus,

1253 2822 1438 2866 caecusque,
1466 2821 1510 2856 ad
1522 2821 1621 2855 instat
1640 2820 1722 2855 fatui
1733 2820 1829 2860 salis,
1854 2819 1996 2863 abjectus
2007 2819 2042 2854 in
2068 2818 2132 2863 plt-

1251 2882 1337 2906 team
1361 2897 1368 2904 .
1395 2870 1546 2915 Antiqua
1568 2881 1678 2905 tamen
1704 2870 1746 2905 de
1772 2868 1889 2905 Photii
1913 2867 2135 2911 Pseudo-syn

1251 2922 1344 2956 nodo
1371 2921 1559 2956 admonitio
1584 2920 1710 2955 fallitur
1735 2919 1849 2955 dicens
1871 2933 1883 2953 .·
1907 2922 2051 2953 Romame
2074 2917 2134 2951 86⁹

1252 2971 1339 3014 clefiae
1375 2972 1490 3005 nullum
1517 2995 1528 3012 ,
1574 2969 1639 3005 hoc
1674 2970 1811 3014 dempto
1848 2968 2061 3003 schismatico
2075 2967 2132 3001 'in-

1253 3023 1365 3056 vasore
1403 3020 1629 3055 Constantino
1663 3044 1674 3061 ,
1705 3031 1839 3064 unquam
1874 3021 1983 3053 datum
2005 3019 2025 3052 δ
2056 3017 2132 3050 um

1255 3066 1425 3113 Pontiffibm
1446 3095 1454 3104 .
1492 3071 1543 3105 lta
1573 3070 1666 3105 enim
1689 3090 1704 3112 ,ν
1736 3071 1861 3115 Spiritu
1893 3070 2034 3108 saneto,
2055 3063 2129 3108 'qui

1254 3123 1346 3165 supra
1373 3131 1490 3155 omnes
1515 3120 1673 3155 Canones
1697 3144 1711 3162 ‚
1739 3131 1798 3164 per
1823 3117 2010 3155 columbam
2035 3113 2130 3148 *defi-

1253 3180 1400 3217 gnante‚
1426 3171 1565 3205 electum
1592 3171 1748 3206 Sanctum
1758 3169 1942 3204 Fabianum
1967 3164 2130 3199 Eusebia&
2145 3176 2285 3208 L.6.c.22.

1254 3222 1406 3256 adfirmat
1424 3246 1432 3253 .
1460 3222 1508 3255 lta
1534 3221 1570 3255 &
1596 3222 1732 3256 Sanctus
1759 3220 1895 3254 Severus
1907 3223 2076 3261 promotus
2086 3214 2129 3249 ad

1257 3272 1422 3306 Ravennae
1432 3270 1613 3306 Ecclesiam
1623 3296 1641 3316 ‚m
1659 3269 1752 3313 cujus
1759 3267 1931 3306 electiones
1937 3264 2060 3299 dudum
2073 3275 2130 3308 per

1254 3321 1444 3356 columbam
1455 3321 1549 3356 fuisse
1558 3319 1717 3355 divinitus
1725 3319 1860 3354 direffls
1869 3339 1881 3357 ,
1890 3314 2034 3350 ostendit
2045 3315 2134 3354 Hie-

1256 3383 1414 3416 ronymus
1432 3371 1474 3407 de
1498 3370 1626 3408 Rubeis
1637 3371 1672 3406 in
1683 3369 1752 3414 ejus
1771 3364 1975 3402 Annalibus.

2147 557 2185 586 A.
2199 564 2283 593 ¹342·

2150 604 2233 632 1351.

2003 3513 2084 3555 CA·
