2346 3776
360 164 430 200 150

356 220 401 252 ris
411 216 510 251 saneti
523 213 707 260 JuliiPapae
716 217 757 251 ad
778 216 1026 256 Antiochenam
1050 219 1238 262 Eusebianae

224 268 336 310 Epist&
355 267 510 305 fastionis
522 266 712 310 Synodum:
739 269 780 300 Id
798 268 893 312 ipficm
913 283 1024 314 quoque
1046 283 1085 304 ex
1109 274 1238 303 Macaria

356 317 546 358 Presbytero,
573 317 608 350 (δ’
620 319 810 355 Martyria&
822 319 953 364 Hesjchio
974 325 1115 354 Draconis
1134 321 1236 353 didici-

355 379 445 407 mus,
471 374 544 410 qui,
569 376 731 410 antequam
742 370 876 416 Judtcio
891 370 926 415 se
943 371 1075 415 fisterent
1086 367 1237 411 Athanasii

353 417 523 456 Presbyteri
544 441 555 458 ,
593 418 730 452 AuHores
752 419 836 452 nobts
851 421 941 464 fuere
954 447 965 462 ‚
990 434 1025 457 ut
1039 421 1234 465 scriberemus

354 469 573 505 Alexandriam
584 469 702 501 cuidam
715 469 792 510 Pisto
801 494 812 510 ,
838 482 894 513 quo
916 481 1044 515 tempore
1060 472 1235 506 etiam-dum

353 516 531 559 Athanafius
543 516 708 565 Episcopus
720 520 912 555 Alexandria?
935 521 1120 568 versabatur.
1148 525 1234 553 Hunc

351 578 453 614 autem
465 567 580 608 Pistum
591 567 742 611 Athanafii
753 571 920 613 Presbyteri
926 570 1173 616 supervenientes
1184 570 1234 602 do-

350 627 475 655 cuerunt
486 622 633 655 Arianum
642 619 694 663 effe
705 643 716 660 ,
740 631 776 653 ac
795 632 826 654 eo
836 628 951 655 nomine
964 624 998 655 ό*
1011 622 1051 654 ab
1063 620 1232 654 Alexandro

350 670 386 706 (ff
397 671 418 701 5
414 669 505 713 ynodo
516 673 649 702 Nioaena
659 681 742 703 reum
744 670 866 713 sallum
880 696 890 711 ,
910 670 1082 716 gradusque
1105 670 1230 703 Ordinis

343 717 395 765 sui
404 722 425 752 ἂ
436 720 564 762 quodam
576 721 706 752 Secundo
716 745 726 760 ,
736 732 823 765 quem
836 725 949 764 Magna
959 722 1089 760 synodus
1099 729 1134 753 ut
1145 724 1232 752 Arta-

348 776 422 807 nam
431 771 576 811 reJecerat
587 794 599 811 ‚
623 770 765 813 acceptffi’.
805 774 862 803 His
873 774 944 805 vero
955 781 1007 803 nec
1019 773 1153 808 Martyrii
1167 778 1231 812 qui-

347 821 416 855 dem
434 821 556 853 sodales
567 819 806 857 contradicebant
816 844 828 861 ,
854 831 946 861 neque
967 819 1079 863 Pistum
1093 822 1114 852 ἃ
1125 822 1230 853 Secun-

347 871 385 903 do
401 870 491 914 fuisse
505 868 689 909 constitutum
702 869 859 912 negabant.
885 871 1002 903 Videtis
1020 876 1113 914 igitur
1130 871 1227 903 velex

344 919 403 953 hae
421 918 510 963 causa
529 944 540 960 ‚
565 924 617 965 qut
632 919 734 960 potius
751 924 783 951 in
801 920 890 962 culpa
911 920 1042 954 habendi
1062 919 1142 962 fint3
1169 918 1228 962 nofi

343 979 383 1003 ne
395 994 406 1009 ,
433 976 484 1014 qui
502 967 677 1011 persuaderi
698 980 756 1001 non
776 975 928 1011 potuimus
955 981 990 1004 ut
1016 975 1126 1004 Ariano
1152 969 1229 1010 Pisto

342 1023 483 1055 Litteras
500 1016 718 1063 firiberemus3
744 1031 786 1052 an
802 1020 846 1054 illi
868 1026 920 1063 qui
940 1020 1014 1054 mihi
1023 1020 1168 1062 confilium
1179 1021 1227 1053 de-

340 1070 411 1105 dere
427 1093 437 1110 ,
462 1077 495 1102 ut
512 1076 674 1110 contempto
684 1073 792 1113 Magno
808 1072 938 1105 Concilio
950 1095 961 1111 ,
988 1073 1033 1103 ad
1039 1077 1146 1114 impios
1159 1074 1228 1103 1²1ae-

338 1126 444 1154 reticos
457 1142 468 1158 ,
494 1119 589 1151 veluti
607 1120 652 1153 ad
665 1125 732 1160 plos
752 1119 883 1154 homines
895 1146 906 1162 ‚
931 1122 1066 1155 littteras
1089 1122 1196 1153 darem
1210 1121 1227 1151 ,ἶ

338 1170 429 1202 Certe*
448 1171 602 1203 Macarius
623 1169 801 1210 Presbyter,
825 1181 891 1204 cum
909 1174 1043 1216 Legatus
1071 1170 1110 1203 ab
1131 1168 1224 1212 Euse-

335 1218 383 1252 bio
404 1218 651 1255 Nicomedienfi
673 1220 863 1262 Episcopo,
889 1230 1039 1261 venerat,
1064 1220 1117 1254 ubi
1137 1221 1224 1253 audt-

337 1275 386 1302 vit
401 1267 552 1310 Athanasii
563 1268 754 1307 Presbyteros
768 1268 846 1313 Pisto
862 1269 990 1312 obfistere
1004 1294 1015 1310 ‚
1043 1268 1149 1313 nosque
1158 1272 1224 1312 eJ'us

329 1314 530 1367 praesenttam
551 1330 609 1351 non
629 1319 790 1355 admittere
809 1344 820 1360 ,
847 1321 909 1352 una
935 1331 1001 1353 cum
1018 1323 1164 1359 Martyria
1190 1321 1225 1354 et

337 1366 472 1412 Hesschio
493 1393 504 1409 ‚
542 1375 684 1411 quamvis
712 1375 804 1417 gravi
834 1370 1010 1404 valetudine
1031 1395 1043 1411 ‚
1079 1371 1118 1403 de
1143 1369 1224 1403 node

331 1418 482 1464 profec‘lus
506 1417 545 1458 est
566 1444 577 1459 ‚
602 1428 636 1451 ut
658 1431 716 1452 non
739 1421 907 1453 inconcinne
927 1421 1139 1455 divinari-mus
1159 1431 1225 1453 eum

333 1464 524 1511 impatientia
548 1467 676 1509 refutati
704 1468 776 1508 Pisti
795 1468 906 1512 fugam
925 1471 1086 1513 arripuiyse.
1115 1468 1224 1513 Impos-

327 1518 411 1564 fibile
444 1524 525 1551 enim
559 1517 598 1557 est
639 1520 765 1551 Secundi
808 1520 1037 1553 ordinationem
1062 1544 1073 1560 ,
1119 1528 1220 1562 utpote

334 1573 440 1604 Ariani
461 1592 472 1608 ‚
514 1573 581 1602 vim
614 1569 705 1601 ullam
731 1574 763 1601 in
797 1568 952 1603 catholica
983 1569 1113 1616 Ecclefia
1138 1569 1226 1606 habe-

333 1630 374 1661 re.
401 1619 441 1660 Id
465 1623 545 1654 enim
569 1619 642 1659 vere
666 1619 711 1654 ad
743 1619 847 1663 synodi
871 1643 882 1661 ,
921 1620 956 1653 Θ·
992 1621 1038 1653 ad
1070 1618 1225 1662 Epifiopo·

331 1680 422 1713 rum,
448 1675 500 1715 qu}
519 1674 553 1701 in
572 1667 679 1706 synodo
692 1667 803 1709 ficere,
829 1670 1039 1709 contumeliam
1061 1678 1201 1713 vergeret
1215 1694 1225 1710 ,

326 1718 357 1767 fi
375 1730 442 1764 quae
467 1719 512 1752 illi
534 1728 620 1752 tanto
634 1716 733 1758 studio
749 1719 865 1752 &cura
876 1743 887 1760 ,
913 1720 1010 1760 veluti·
1024 1723 1086 1752 Deo
1091 1716 1225 1763 praefhn·

334 1779 385 1811 te,
412 1770 553 1817 egiffent,
578 1771 598 1801 ᾶ
621 1766 703 1810 nobis
725 1778 760 1809 ut
780 1780 864 1810 vana
881 1793 894 1817 7
907 1768 1079 1819 fictiliaque
1103 1769 1225 1818 abroga-

334 1829 446 1862 rentur!

199 1881 246 1920 Ad
256 1886 319 1920 Hae-
384 1874 566 1918 Dionysius
578 1873 731 1909 Petavius
742 1876 777 1909 in
790 1875 925 1911 eruditis
936 1874 979 1909 ad
992 1875 1137 1908 sanetum
1150 1871 1226 1916 Epi-

200 1922 300 1962 τοί-69.
332 1923 494 1971 Phanium
517 1923 658 1969 Scholiis
677 1924 787 1960 scribit
812 1938 820 1957 ε
857 1929 903 1959 De
920 1924 999 1965 Pisto
1019 1929 1131 1958 mentio
1141 1922 1223 1964 estin

332 1974 465 2018 Epistola
467 1978 500 2020 J
502 1975 554 2008 ulii
568 1976 663 2017 Papae
683 2000 694 2016 ,
720 1987 810 2018 quam
823 1977 972 2019 Apologiae
978 1973 1119 2017 ficundae
1131 1971 1225 2006 Atha-

333 2024 429 2069 nafius
442 2023 576 2067 inseruit.
602 2024 659 2057 Ubi
671 2026 836 2058 damnatus
861 2026 913 2067 effi·
923 2026 1033 2058 dicitur
1045 2024 1084 2057 ab
1095 2024 1227 2058 Alexan-

332 2078 389 2109 dro
399 2072 543 2117 Episcopo
554 2075 756 2107 Alexandrino
770 2098 781 2114 ‚
808 2076 843 2108 (et
854 2079 888 2107 N
891 2081 986 2107 icaena
998 2074 1107 2113 synodo
1127 2085 1136 2115 ;
1175 2082 1224 2106 at-

331 2136 391 2170 que
408 2126 428 2156 ἂ
448 2123 580 2157 secundo
601 2125 829 2165 Pentapolitana
846 2123 1007 2162 restitutus.
1046 2128 1153 2165 Neque
1173 2134 1227 2156 cu-

326 2177 385 2220 Jus
401 2172 631 2215 ordinisfuerit
642 2179 829 2215 exprimitur.
858 2171 1131 2216 Eptfiopumfusffe
1143 2173 1224 2205 docet

333 2223 534 2268 Epiphanius
547 2247 558 2263 ,
583 2234 669 2266 quem
680 2232 773 2256 ettam
784 2224 981 2257 Alexandrtae
992 2224 1161 2256 collocatum
1170 2222 1222 2266 effe

333 2274 374 2309 ab
385 2278 507 2307 Arianis
515 2270 630 2316 scribit.
657 2274 764 2307 Verum
789 2274 887 2306 nullus
905 2285 937 2307 eo
958 2279 1071 2307 nomine
1094 2274 1222 2306 Alexan-

334 2325 459 2361 drinam
475 2321 633 2365 Ecclesiam
656 2329 762 2356 tenuit.
788 2324 850 2356 Sed
858 2324 939 2366 quod
956 2329 1037 2357 inter
1059 2321 1220 2365 Episcopos

336 2375 374 2408 ab
386 2373 562 2417 Epiphanio
572 2372 722 2414 referatur
737 2397 747 2412 ,
764 2371 900 2416 excusari
913 2385 970 2406 non
973 2372 1074 2415 potest.
1102 2372 1223 2406 Censet

336 2423 561 2468 Epiphanium
575 2423 746 2456 manifeste
756 2434 868 2457 errare.
894 2422 1092 2467 Respondeo
1100 2433 1170 2456 non
1180 2433 1223 2455 er·

335 2485 413 2510 rare.
441 2473 576 2508 Etenim
589 2472 697 2508 Pistus
710 2474 772 2508 fuit
783 2483 900 2509 contra
910 2472 1172 2508 S.Alexandrum
1184 2470 1226 2506 ab

336 2523 473 2557 Arianis
495 2523 636 2558 intrusus
654 2523 688 2555 in
710 2521 972 2558 Alexandrinam
995 2522 1195 2558 Cathedram
1217 2534 1224 2553 :

338 2573 559 2607 Consecratus
571 2572 589 2604 ὲ
600 2572 752 2606 Secundo
766 2572 985 2607 Ptolomaidis
1004 2573 1040 2608 in
1051 2570 1224 2614 Pentapoli

338 2624 507 2666 Episcopo
522 2646 532 2662 ,
558 2622 808 2668 pertinaciffimo
821 2621 951 2657 Arianae
970 2620 1111 2666 perfidiae
1135 2622 1226 2654 setta-

338 2683 410 2710 tore
423 2697 434 2713 ‚
461 2673 494 2706 δε
505 2671 663 2706 damnato
674 2683 751 2707 cum
763 2672 834 2714 ipso
846 2670 933 2707 Ario
945 2672 979 2705 in
990 2672 1094 2715 prima
1106 2672 1134 2705 S.
1151 2670 1227 2704 Ale-

339 2722 457 2759 xandri
468 2722 615 2766 Synodo.
644 2722 688 2756 Et
699 2722 727 2755 S.
742 2722 845 2764 Julius
858 2733 927 2757 non
941 2721 1025 2755 dixit
1038 2721 1143 2764 ipsum
1152 2720 1225 2753 fuis-

339 2774 373 2808 se
382 2772 549 2813 restitutum
568 2772 586 2805 a
608 2771 781 2813 Secundo,
806 2770 862 2807 sed
880 2771 1065 2812 constitutum
1078 2784 1088 2803 .·
1116 2771 1224 2813 Ipsum

340 2823 403 2858 effe
415 2822 603 2857 Secundum
615 2821 860 2857 ordinatorem.
888 2820 991 2871 Qod
1013 2822 1139 2856 sanstus
1150 2818 1225 2853 Ale-

344 2872 466 2907 xander
478 2870 623 2906 Arianos
632 2871 752 2906 assidue
762 2871 932 2907 damnaret
943 2895 954 2911 ‚
971 2872 1087 2907 cuneta
1098 2870 1225 2903 noviter

344 2921 539 2967 pullulantia
552 2922 701 2967 germina
711 2933 789 2957 mox
800 2921 1003 2956 exscinderet
1022 2944 1031 2960 ‚
1058 2921 1091 2954 ὃς
1105 2919 1145 2953 ad
1157 2919 1226 2953 nul-

345 2971 391 3007 las
405 2983 511 3017 preces
523 2972 600 3005 esset
611 2971 782 3017 placabilis
795 2995 805 3012 ,
833 2970 949 3005 Ariani
962 2971 1154 3013 sunt'ipsum
1175 2968 1227 3003 ad-

346 3020 461 3064 greffi,
487 3022 521 3056 &
541 3021 777 3057 Alexandrinae
804 3021 951 3055 Ecclesiae
976 3020 1062 3054 istud
1084 3018 1228 3053 Pseudo-

348 3070 501 3113 Episcopi
514 3071 678 3114 Spec‘irum
689 3083 726 3106 ac
749 3070 883 3106 Idolum
902 3071 1107 3107 intruserunt.
1134 3069 1227 3102 Fece-

348 3128 425 3153 runt
436 3119 519 3153 illud
530 3121 637 3163 ipsum
649 3145 659 3160 ,
685 3120 774 3164 quod
785 3131 882 3157 antea
892 3120 979 3164 apud
991 3118 1229 3164 Carthaginem

349 3168 499 3202 scelerata
511 3170 699 3205 Feliciffimi
710 3172 857 3205 Diaconi
869 3171 968 3205 fastio
979 3194 989 3210 ,
1009 3171 1043 3204 δι’.
1054 3166 1229 3213 postmodo

351 3217 438 3259 apud
451 3216 586 3251 Almam
601 3219 731 3253 Urbem
742 3221 820 3255 fecit
831 3221 985 3255 factiosus
995 3219 1123 3254 Donati
1135 3229 1228 3263 grex:

351 3267 514 3302 Crearunt
533 3266 751 3304 Patriarcham
773 3270 978 3313 Rupitanum
1000 3280 1056 3304 aut
1076 3269 1231 3303 Meriten-

352 3317 430 3354 sem.
458 3316 708 3359 Hinc&ipsum
723 3319 752 3350 S.
773 3319 959 3354 Alexander
980 3318 1159 3354 damnavit.
1186 3318 1230 3350 Et

352 3365 420 3409 ejus
434 3364 597 3409 Iudicium
610 3366 749 3400 firmavit
760 3368 894 3402 Nicaena
905 3369 1066 3412 Synodus.
1088 3369 1132 3402 Et
1142 3366 1231 3415 quod

353 3415 395 3449 ab
415 3415 516 3450 unico
538 3415 711 3456 Secundo,
738 3410 850 3450 alienae
869 3417 1050 3454 Provinciae
1071 3418 1231 3465 Episcopo

357 3465 499 3501 intrusus
510 3464 607 3505 effer,
632 3464 780 3498 adversus
801 3466 919 3500 slmiles
939 3468 1089 3503 audacias
1101 3466 1230 3502 lau'data

357 3514 511 3561 synodus
528 3515 660 3556 sanxit,
686 3525 721 3550 ut
733 3510 884 3561 deinceps
909 3528 1006 3552 nemo
1029 3528 1231 3563 promovere·
1258 3562 1261 3567 Ι

809 127 1266 191 ΒΙὲεΕΒΤΑΤΙο
1315 136 1737 193 PRoonlAms.

1300 226 1353 251 tur
1361 219 1563 265 Episcopus,
1590 223 1646 256 nisi
1657 234 1713 267 per
1733 222 1864 266 plenam
1885 225 2019 268 propriae
2039 225 2172 263 Provin-

1299 267 1354 301 cias
1372 269 1564 317 Synodum,
1590 273 1624 305 δε
1646 284 1715 306 non
1727 274 1994 309 consecraretura
2015 278 2174 320 pauciori-

1300 315 1462 362 bu'squam
1482 321 1501 354 a
1525 320 1638 354 tribus.
1665 321 1743 355 Post
1766 324 1863 358 saneti
1885 324 2068 360 Alexandri
2088 338 2175 361 mor-

1299 376 1364 415 tem
1375 370 1484 403 omnis
1495 369 1620 416 Ariana
1631 372 1729 405 factio
1739 375 1879 408 aversata
1890 376 1934 410 est
1947 376 2047 410 saneti
2070 374 2177 412 Atha-

1299 417 1374 451 nasii
1393 419 1586 455 electionem
1599 445 1610 462 ,
1637 421 1672 454 ἀ
1695 421 1800 464 ipsum
1816 425 1988 460 infamavit
2001 425 2175 461 horrendis

1297 466 1478 504 calumniis.
1506 469 1746 504 Hine‘Pistum
1765 472 1894 510 reduxit
1915 475 2176 518 Alexandriam,

1295 517 1475 554 &tentavit
1496 520 1532 554 in
1556 520 1755 564 Episcopum
1771 521 1921 560 stabilire.
1949 525 1993 561 Et
2014 526 2175 571 quoniam

1296 566 1414 602 firmari
1426 568 1490 604 haec
1500 582 1568 605 non
1591 580 1741 615 poterant
1753 571 1811 606 nisi
1829 585 1883 617 per
1904 574 2093 610 Romanam
2113 577 2176 610 Ec-

1294 616 1445 659 clesiam,
1468 619 1875 657 EusebiiNicomedienfis
1896 623 2053 669 Episcopi
2071 627 2174 661 factio

1295 666 1438 702 Romam
1467 669 1588 716 legavit
1615 671 1801 705 Macarium
1833 670 2060 717 Presbyterum
2085 700 2097 717 ‚
2133 687 2172 711 ac

1294 717 1491 761 Martyrium
1501 721 1534 754 δε
1546 720 1753 764 Hesychium
1765 723 1938 757 Diaconos
1946 723 2174 770 ‚tentavitque

1291 766 1310 800 a
1322 768 1429 803 saneto
1440 769 1528 812 Julio
1541 771 1865 806 Communicatorias
1877 773 1919 807 ad
1941 773 2068 808 Pistum
2082 798 2093 815 ,
2116 776 2176 810 'seu

1293 817 1506 862 Episcopatus
1525 822 1786 856 confirmatorias
1808 822 1949 858 Litteras
1962 834 2176 869 extorquere.

1291 865 1447 903 Pontifex
1463 870 1555 904 addit
1568 883 1576 903 :
1603 875 1685 905 Dum
1704 871 1881 915 Athanafius
1894 874 2088 908 Alexandria,²
2099 878 2176 917 Epi*

1286 915 1400 959 scopus-
1411 918 1602 963 versabatur.
1629 920 1784 957 Affirmat
1794 921 1863 958 haec
1873 924 1968 958 fuisse
1979 933 2106 959 tentata
2117 934 2177 959 anfi

1292 977 1323 1001 te
1334 968 1476 1011 primum
1487 971 1587 1020 saneti
1600 969 1772 1007 Athanasii
1782 973 1931 1007 exilium.
1972 974 2042 1009 Cur
2054 974 2177 1009 Antio*

1289 1015 1393 1052 chena
1404 1018 1494 1054 istius
1505 1021 1656 1055 factionis
1666 1023 1820 1065 Synodus
1830 1035 1899 1058 non
1910 1023 2040 1058 Pistum
2060 1023 2150 1058 hunc
2163 1048 2177 1065 ,

1290 1067 1342 1101 sed
1364 1068 1548 1114 Georgium
1567 1070 1801 1114 Cappadocem
1823 1074 1990 1109 intruserit
2012 1075 2050 1108 in
2071 1075 2175 1109 sanai

1290 1116 1460 1151 Athanasii
1479 1118 1661 1154 Thronum
1673 1144 1684 1159 ,
1711 1122 1837 1165 ignoro.
1869 1123 1971 1158 Poffit
1982 1135 2063 1158 tunc
2079 1124 2176 1158 fuisse

1289 1178 1447 1202 mortuus.
1485 1168 1596 1202 Etiam
1619 1168 1714 1212 poffit
1741 1169 1799 1204 ista
1809 1172 1904 1207 fuiffe
1913 1174 2050 1208 reverita
2069 1173 2176 1208 Nieoe·

1289 1229 1365 1251 nam
1377 1217 1550 1261 Synodum
1564 1230 1572 1250 x
1598 1219 1750 1254 Noluisse
1761 1219 1795 1254 δε
1807 1219 1850 1254 ab
1871 1221 1938 1265 ipsa
1957 1220 2152 1258 damnatum
2162 1245 2177 1265 ,
2196 1256 2199 1259 .

1288 1267 1492 1302 &Romanae
1503 1267 1655 1302 Ecclefiae
1671 1279 1753 1304 tunc
1772 1270 1978 1306 notiffimum
2001 1270 2176 1309 hominem
2224 1280 2229 1282 ’

1289 1317 1452 1352 intrudere
1470 1341 1482 1358 ,
1518 1327 1617 1361 atque
1652 1318 1698 1353 ita
1730 1320 1825 1353 novis
1857 1321 2176 1364 praevaricationibus

1288 1366 1373 1403 hanc
1383 1365 1557 1402 offendere.
1583 1368 1760 1416 Qiidquid
1771 1369 1810 1403 sit
1824 1394 1835 1410 ‚
1862 1370 1992 1406 Pistum
2003 1371 2176 1408 damnavit

1288 1420 1412 1452 sanetus
1426 1416 1623 1453 Alexander.
1656 1417 1712 1453 An
1726 1420 1761 1454 in
1774 1421 1920 1464 praesenti
1931 1421 2070 1464 Synodo
2081 1446 2093 1462 ,
2103 1433 2179 1457 non.

1289 1468 1401 1511 poffim
1412 1481 1452 1503 ex
1466 1466 1679 1504 Authenticis
1697 1470 1918 1506 Testimoniis
1937 1471 2174 1509 demonstrare..

1287 1519 1369 1553 ltem
1380 1519 1539 1553 affirmare
1550 1530 1621 1554 non
1631 1521 1760 1564 possum
1771 1533 1813 1555 an
1824 1522 1861 1556 sit
1873 1521 1930 1556 ille
1941 1522 2029 1557 idem
2041 1521 2172 1564 Pilius,

1287 1570 1344 1612 qui
1357 1570 1443 1604 inter
1453 1567 1688 1605 Alexandrinae
1703 1572 1854 1606 Ecclesiae
1875 1572 2048 1607 Diaconos
2057 1573 2174 1607 tertius

1288 1618 1468 1663 subscripsit
1484 1620 1675 1663 Encyclicis
1695 1622 1725 1654 S.
1749 1620 1929 1656 Alexandri
1961 1623 2096 1658 Litteris
2116 1622 2174 1658 ad*

1287 1669 1395 1704 versus
1407 1669 1535 1704 Arium.
1563 1669 1665 1705 Possit
1677 1672 1749 1705 effe.
1777 1671 1879 1707 Poffit
1889 1671 1932 1707 ad
1942 1671 2141 1720 damnatum
2152 1672 2175 1709 ὲ

1287 1720 1318 1754 se
1330 1719 1451 1757 Arium
1462 1720 1659 1764 apostatasse.
1668 1754 1673 1758 .
1681 1720 1884 1769 Subscriptio
1892 1721 1999 1759 exstat
2011 1722 2099 1765 apud
2107 1722 2174 1756 Ge-

1287 1770 1398 1805 Iasium
1410 1770 1624 1813 Cyzicenum.
1653 1770 1724 1805 Alii
1735 1772 1867 1806 censent
1890 1770 1988 1806 hosce
2006 1768 2116 1805 Pisto's
2127 1771 2175 1806 es·
2191 1776 2250 1808 Lib.
2262 1788 2311 1809 ιι.

1289 1821 1319 1854 se
1329 1820 1481 1862 diversos„
1509 1821 1720 1861 Diaconum,
1746 1821 1851 1867 quiin
1872 1820 1994 1855 Arium
2020 1820 2176 1866 subscrip-
2190 1825 2292 1857 0⁸1³·3‘·

1286 1870 1325 1904 sit
1337 1895 1348 1911 ‚
1373 1871 1507 1904 censent
1519 1870 1583 1904 esse
1595 1870 1711 1911 illum,
1738 1872 1794 1914 qui
1808 1868 1988 1915 'postmodo'
2003 1870 2088 1906 dati's
2112 1882 2176 1916 pm

1288 1922 1398 1955 sanc‘to
1411 1918 1594 1954 Athanasio
1615 1920 1657 1955 ad
1678 1920 1821 1963 Tyriam
1842 1920 2017 1964 synodum
2036 1921 2174 1957 Litteris

1287 1970 1467 2014 fiibscripsit
1478 1968 1564 2003 inter
1573 1969 1780 2004 orthodoxos
1797 1970 2016 2013 Presbyteros.
2044 1971 2101 2005 Est
2122 1982 2173 2005 res

1288 2022 1419 2056 incerta.
1446 2018 1508 2053 Hae
1517 2019 1631 2054 litterae
1640 2019 1765 2058 exstant
1778 2019 1974 2059 infecunda
1999 2020 2170 2070 Apologia

1288 2070 1383 2106 santii
1397 2067 1579 2106 Athanasii.

1337 2121 1463 2156 Verum
1485 2119 1536 2155 his
1555 2118 1705 2166 potenter
1728 2123 1834 2158 obstat
1861 2125 1928 2168 ipse
1951 2119 2168 2167 Epiphaniua.

1278 2173 1423 2214 ¹Etenim
1446 2172 1586 2206 affirmat
1614 2174 1756 2207 santium
1784 2173 2013 2208 Alexandrum
2044 2184 2125 2207 mox
2150 2171 2172 2206 ὲ

1290 2223 1422 2256 Nicaena
1452 2222 1589 2264 Synodo
1624 2221 1718 2260 fuisse
1753 2223 1942 2257 defunctum
1964 2247 1975 2263 ,
2014 2223 2170 2257 Sanctum

1287 2272 1355 2315 ejus
1375 2271 1565 2305 Diaconum
1588 2271 1808 2307 Athanasium
1826 2274 1918 2307 fuisse
1941 2282 2022 2307 tunc
2044 2273 2080 2306 in
2100 2273 2171 2308 (Σο-
2185 2259 2290 2292 ³²³⁶ss

1288 2322 1423 2363 mitam,
1449 2322 1483 2355 δε
1505 2322 1730 2365 prosequitur:
1757 2327 1835 2356 Cum
1855 2329 1982 2357 moriens
1995 2324 2167 2356 Alexander
2184 2304 2231 2363 ᾤ’
2247 2303 2311 2335 ⁶⁶⁶¹

1287 2373 1399 2405 nullum
1414 2370 1470 2413 fibi
1489 2372 1582 2404 alium
1600 2370 1696 2415 suffici
1716 2380 1832 2414 praeter
1864 2371 2055 2414 Athanasium
2085 2384 2170 2406 man-

1287 2422 1399 2464 dasset,
1438 2422 1574 2455 Meletius
1596 2421 1761 2464 occasionem
1782 2423 1888 2455 nactus
1906 2421 2055 2455 Theonam
2075 2433 2168 2464 quen-

1287 2474 1357 2505 dam
1373 2470 1532 2518 substi'tuit.
1569 2473 1639 2514 ,Quo
1662 2473 1782 2515 quidem
1795 2472 1856 2514 post
1886 2478 2008 2505 tertium
2040 2470 2172 2515 mensem

1287 2531 1417 2562 mortuo,
1440 2522 1532 2563 paula
1548 2521 1611 2563 post
1636 2521 1812 2563 Athanafiur
1828 2523 1964 2555 advenit.
1997 2524 2073 2555 Tum
2085 2523 2172 2555 undi-

1287 2573 1346 2614 que*
1359 2570 1453 2604 caath
1475 2570 1710 2605 Orthodoxorum
1736 2573 1866 2604 Concilio
1895 2578 1928 2604 tn
1959 2571 2171 2605 Alexandrina

1287 2622 1360 2655 Sede
1377 2620 1567 2661 constituitur.
1607 2622 1650 2655 Et
1679 2621 1846 2666 adjungit:
1873 2626 1961 2654 Nam
1984 2622 2171 2655 Alexandria

1288 2682 1440 2713 nunquam
1460 2694 1471 2710 ,
1499 2679 1533 2703 ut
1558 2672 1629 2704 aliae
1656 2675 1813 2706 Civitates
1839 2672 1914 2704 daos
1939 2669 2102 2713 Epist-opos
2116 2670 2171 2704 ha·
2286 2675 2294 2702 l

1288 2722 1360 2754 buit.
1397 2719 1542 2753 Proinde
1563 2720 1671 2755 Pistus
1693 2721 1765 2755 istic
1786 2732 1857 2755 non
1876 2720 1956 2755 sedit
1967 2730 2083 2756 contra
2100 2720 2168 2754 san-

1288 2773 1374 2804 etum
1387 2769 1624 2804 Alexandrum.
1652 2770 1852 2813 Respondeo
1873 2771 2018 2804 santium
2028 2767 2170 2814 Epipha-

1289 2821 1381 2854 nium
1392 2817 1453 2854 hac
1465 2820 1500 2853 in
1511 2831 1545 2854 re
1567 2831 1635 2853 non
1658 2819 1830 2854 confistere
1851 2821 2006 2861 firmum,
2032 2818 2092 2854 n'ec
2107 2817 2169 2852 fibi

1290 2871 1346 2914 ipsi
1360 2868 1527 2904 cohaerere.
1554 2870 1689 2903 Etenim
1706 2870 1741 2903 in
1761 2870 1828 2904 alio
1845 2869 1922 2905 loco
1947 2869 2078 2911 scribit3
2105 2871 2167 2901 Eo-

1289 2922 1356 2953 dem
1366 2919 1437 2963 post
1451 2919 1623 2953 Nicaenam
1646 2919 1820 2963 Synodum
1843 2932 1943 2960 anno,
1968 2927 2079 2953 mortuo
2103 2919 2168 2952 Ale-
2186 2913 2292 2947 Haeres·
2330 2939 2332 2941 -

1290 2971 1406 3003 ’‘andr‘’
1425 2971 1663 3003 Alexandrinam
1682 2968 1840 3011 Ecclefiam
1866 2969 1996 3004 Achillas
2014 2967 2143 3002 obtinuit
2154 2992 2166 3008 ,
2186 2960 2318 2994 ⁶9³³*

1288 3028 1391 3052 contra
1410 3031 1497 3062 quem
1516 3021 1669 3052 Meletiani
1680 3019 1829 3059 Tbeonam
1841 3017 2040 3062 opposuerant.
2069 3017 2169 3051 Achil-

1288 3072 1319 3103 la
1340 3078 1441 3102 autem
1455 3067 1518 3111 post
1540 3079 1603 3103 tres
1620 3068 1739 3113 *menses
1760 3069 1898 3112 defimdo
1919 3065 2169 3110 Athanafiussuc-

1290 3121 1360 3160 ceffit
1384 3119 1548 3153 Alexandri·
1574 3122 1724 3153 Diaconus
1744 3144 1755 3160 ,
1791 3119 1829 3152 ab
1864 3129 1895 3151 eo
1918 3118 1962 3150 ad
1986 3121 2171 3151 Comitatum

1291 3170 1388 3212 missus
1401 3194 1411 3210 ‚
1437 3174 1483 3202 cut
1508 3175 1635 3202 moriens
1661 3170 1831 3203 Alexander
1855 3165 2068 3210 Epist-opatum
2093 3178 2168 3200 com-

1290 3225 1356 3252 miti
1375 3219 1585 3252 mandaverat.
1615 3219 1699 3266 Qiae
1715 3218 1827 3253 omnia
1847 3216 1936 3251 unde
1958 3217 2082 3252 sanstus
2093 3216 2172 3260 Ep}-

1293 3268 1432 3312 phanius
1466 3268 1608 3303 hauserit
1627 3293 1639 3309 ,
1675 3269 1854 3313 ignoratur.
1913 3266 2047 3301 Etenim
2082 3266 2174 3301 istius

1292 3317 1445 3353 Theonae
1465 3330 1503 3353 ac
1523 3318 1612 3352 illius
1633 3316 1775 3352 Achillae
1799 3315 1889 3350 nulla
1914 3316 1960 3349 est
1981 3315 2168 3351 authentica

1293 3369 1378 3412 apud
1399 3364 1483 3402 alios
1504 3367 1672 3402 memoria.
1711 3366 1804 3413 Qin
1826 3364 1932 3400 immo
1945 3363 2175 3401 Alexandrina.

1293 3419 1395 3452 totius
1417 3418 1624 3463 AEgyptiaeae
1645 3415 1832 3450 Dioeceseos
1853 3415 2006 3458 Synodus
2024 3417 2061 3450 in
2082 3414 2176 3460 Apo-

1294 3468 1447 3513 logeticis
1464 3479 1522 3511 pro
1534 3468 1641 3500 santio
1652 3464 1833 3500 Athanasio
1845 3490 1856 3506 ,
1882 3478 1919 3499 ac
1933 3465 2121 3510 Encyclicis
2131 3463 2175 3499 ad

1295 3529 1410 3554 omnes
1420 3517 1479 3553 sub
1489 3516 1573 3552 coelo
1592 3515 1750 3551 Ecclesias
1762 3515 1896 3552 Litteris
1906 3515 2025 3553 diserte
2033 3515 2175 3600 affigmat

2107 3573 2175 3599 une

2319 3014 2346 3028 ,ἐ

2281 3126 2283 3131 .
2318 3072 2346 3154 {J
