2346 3776
62 1632 151 1674 Epist.
170 1637 219 1669 67.

78 3150 153 3188 Cap.
175 3150 239 3185 198.

566 104 875 156 scaonis,
902 110 980 148 ET
1005 100 1711 150 NOT1s1LLUsTRATum.

236 190 303 238 que
326 189 368 226 ad
393 186 564 225 nicenam
590 179 764 228 synodum
789 180 929 226 viguerit
950 204 967 221 0
999 182 1032 216 ὅ(
1059 191 1117 224 pro

239 240 435 287 Apostolieo
446 236 543 272 fuerit
564 235 717 280 agnitum
737 231 823 276 apud
844 241 979 264 omnem
1001 231 1119 265 Orien-

239 302 327 329 tem.
354 286 558 324 Notandum
569 285 649 320 stem
659 284 722 324 est,
748 281 839 327 quod
850 280 1118 316 Facundusduos

239 333 722 388 prior'esApostoliciSymboli
732 331 888 367 articulos
909 331 1027 364 formet
1052 330 1117 365 hoc

239 390 361 428 modo:
390 389 549 422 Credimus
567 393 602 421 in
623 396 715 420 unum
725 387 820 417 Deum
843 384 968 414 Patrem
991 387 1118 423 omnipo-

239 449 371 479 tentem,
399 440 435 473 Θ
459 443 492 471 in
511 443 603 471 unum
628 440 788 469 Dominum
806 430 921 478 Jesum
947 430 1114 470 Christum.

239 491 368 526 Contra
380 488 543 522 Africanae
567 486 723 522 &omnis
732 483 860 519 Latinae
875 481 1024 515 Ecclefiae
1047 492 1118 514 mo-

234 550 307 577 rem
327 538 529 574 addit-voces
550 549 666 572 unum.-
693 544 810 577 nempe
827 534 864 565 in
886 532 1025 566 Oriente
1045 531 1119 565 scri-⁴

237 585 321 636 psit,
345 589 486 634 ideoque
505 588 547 623 ad
572 588 642 632 ejus
661 594 788 620 morem
815 582 968 616 formavit
979 580 1116 625 Symbo-

236 640 323 675 lum.
352 639 475 674 Noluit
500 639 576 678 dare
602 637 712 672 ansam
738 632 909 668 calumniae
932 657 943 673 ‚
971 642 1073 676 quam
1098 631 1115 664 ὲ

236 690 359 725 Graecis
367 688 627 734 Eutychianistis
639 686 897 727 illatammagno
909 682 1017 716 Leoni
1027 681 1117 715 Pon-

236 740 322 775 tifici
344 751 480 785 purgare
501 739 615 774 debuit
625 735 789 772 Africanae
810 732 962 767 Ecciefiae
983 731 1118 775 Episco-

236 802 298 835 pus
323 790 472 835 Vigilius
484 814 492 822 .

327 970 583 1020 CAPUT
620 965 1023 1036 QJINTUM.

467 1093 656 1149 Recitatio
685 1084 886 1152 Synhali.

295 1236 482 1274 Ymbolum
508 1236 554 1270 est
575 1235 791 1277 cunctorum,
816 1244 888 1277 quae
897 1233 1040 1268 dicimus
1062 1239 1120 1264 ne-

321 1288 450 1322 cessaria
462 1284 711 1329 Justificationis
722 1281 831 1317 media
842 1307 853 1323 ,
880 1281 1117 1317 credendorum
1139 1299 1141 1303 v

234 1337 492 1381 compendium,
519 1334 660 1376 ideoque
680 1332 723 1367 ab
733 1332 893 1367 omnibus
914 1333 988 1366 sciri
1015 1343 1053 1366 ac
1074 1341 1117 1364 te-

235 1386 309 1423 neri
317 1386 414 1421 debet
434 1394 510 1419 ante
521 1384 724 1427 Baptismum
737 1408 744 1415 .
774 1382 1002 1417 Gabinianum
1026 1378 1120 1415 Cate-

235 1435 454 1475 emmenum,
469 1434 559 1476 quod
570 1433 653 1467 illud
664 1434 830 1467 memoriae
842 1433 998 1466 mandare
1016 1430 1120 1475 negli-

236 1492 328 1532 geret
339 1511 351 1527 ,
373 1495 433 1524 aut
444 1486 477 1519 se
488 1496 555 1519 non
569 1483 657 1528 puffe
669 1483 854 1532 simularet,
882 1483 976 1517 fuisse
1000 1481 1118 1515 divini-

236 1547 291 1571 tus
311 1536 514 1581 perculsum,
541 1544 643 1577 atque
661 1534 707 1569 ita
733 1533 908 1568 dedustum
921 1532 962 1567 ad
990 1532 1117 1566 saniora

235 1587 374 1624 confilia
385 1611 396 1626 ‚
407 1585 519 1621 scribit
530 1584 571 1618 ad
582 1577 737 1619 Sanstutn
764 1583 915 1627 Alipium
932 1582 1119 1626 Tagasten-

236 1638 305 1673 se'm
330 1637 531 1681 Episcopum
553 1634 674 1669 Beatus
686 1634 912 1679 Augustinus:
940 1634 974 1668 ὅ(
996 1634 1031 1666 in
1053 1634 1120 1666 fua-

234 1686 310 1723 πᾶσι
338 1686 563 1722 Catecheseon
591 1685 778 1728 praefatione
805 1686 936 1718 Sanstus
973 1681 1120 1726 Cyrillus

237 1737 482 1780 Hierosolymae
504 1734 685 1779 Episcopus
711 1735 852 1778 primum
878 1734 1121 1777 justificationis

239 1789 487 1823 Sacramentum
518 1785 657 1819 affirmat
692 1785 754 1819 effe
780 1784 910 1819 aedificii
947 1785 1084 1827 speciem
1107 1796 1120 1824 ‚·

240 1837 388 1873 ostendit
402 1837 434 1870 in
448 1836 564 1879 quovis
577 1834 718 1869 aedificio
759 1835 904 1878 singulos
925 1834 1047 1877 lapides
1069 1833 1122 1867 de-

240 1889 317 1923 bere
327 1888 389 1921 effe
400 1887 530 1925 firmos,
555 1885 589 1919 ἀ
611 1884 703 1918 firme
724 1883 976 1929 compaginatos
988 1910 998 1925 ,
1015 1894 1122 1927 ,atque

241 1935 446 1981 prosequitur
470 1947 477 1967 :
505 1936 555 1967 Ad
574 1935 700 1968 eundem
733 1934 853 1966 modum
875 1933 1045 1976 adferimus
1068 1933 1123 1971 tjbi

240 1984 451 2030 quafilapides
462 1990 654 2029 cognitionis.
683 1984 794 2017 Audire
805 1990 918 2025 oportet
939 1984 977 2017 de
1001 1989 1062 2017 Deo
1074 1987 1121 2015 Vi-

240 2045 356 2077 vente,
378 2036 488 2069 audire
512 2041 584 2076 opus
606 2032 644 2075 est
672 2034 709 2067 de
731 2032 845 2074 christo
857 2057 868 2074 ,
893 2035 998 2067 audire
1020 2033 1123 2076 necesse

241 2083 542 2130 effderesurredione
554 2109 563 2123 ‚
591 2085 626 2118 (ἓν
647 2085 708 2117 tilia
721 2084 876 2127 permulta
896 2095 935 2118 ex
950 2086 1055 2117 ordine
1079 2085 1124 2117 di-

235 2133 449 2180 fiendafimt,
475 2145 544 2177 quae
566 2143 644 2166 nunc
666 2129 823 2176 tamquam
830 2131 1007 2176 summatim
1027 2145 1123 2168 recen-

236 2185 342 2230 sentur
356 2209 370 2225 ,
393 2185 529 2226 deinceps
554 2186 625 2217 verb
632 2181 686 2227 suo
710 2184 766 2217 ioco
782 2180 863 2226 satis
874 2184 1122 2226 explicabuntur.

241 2236 338 2270 Siwl
357 2245 449 2268 unum
470 2245 508 2267 ex
528 2231 577 2266 his
605 2243 663 2267 non
681 2238 848 2276 perceperis
860 2258 870 2274 ,
896 2231 1125 2276 etiamfiprimo-

241 2297 310 2320 rum
334 2294 387 2318 aut
407 2282 600 2328 ftcundorum
626 2289 796 2317 memineris
811 2308 821 2324 ‚
849 2282 1033 2326 AEdificator
1060 2289 1125 2328 qui-

243 2337 315 2369 dem
325 2335 397 2369 bene
408 2334 538 2378 adificat
549 2360 559 2376 ‚
585 2342 619 2368 tu
629 2345 702 2368 vero
708 2333 827 2375 fluxum
852 2345 886 2367 ac
894 2334 990 2368 debile
999 2333 1123 2368 babebis

242 2384 444 2428 AEdificium.
473 2385 586 2419 Etiam
608 2384 651 2418 in*
666 2386 779 2427 quinta
806 2382 974 2419 Catecheli
993 2384 1124 2420 scribit:

241 2438 320 2469 Cum
330 2446 387 2468 non
397 2446 494 2469 ornnes
502 2434 607 2478 poffint
619 2435 790 2476 Scripturas
802 2435 906 2479 legere,
923 2435 959 2471 (9·
971 2435 1045 2469 alios
1063 2440 1126 2478 qui-

243 2486 314 2518 dem
333 2483 476 2528 inscitia,
501 2486 576 2517 alios
598 2491 744 2526 occupatio
764 2485 1126 2527 quaedamimpediteico-

238 2539 395 2579 gnitum,
422 2545 458 2568 ne
469 2537 609 2567 Animam
614 2534 729 2576 perdat
750 2535 784 2567 ob
797 2532 969 2578 inscitiam,
996 2541 1030 2568 in
1046 2542 1125 2578 pau-

243 2589 288 2618 cis
299 2583 429 2626 versibus
438 2581 612 2627 universam
628 2583 703 2626 fidei
723 2584 889 2618 doctrinam
908 2584 1127 2628 comprehendi-

245 2643 335 2675 mus,
359 2635 438 2677 quod
460 2640 493 2667 in
514 2632 580 2677 ipsa
600 2633 719 2680 lec‘iione
738 2635 897 2679 meminiffe
913 2644 968 2669 vos
979 2637 1066 2676 volo,
1091 2637 1127 2670 Q?

245 2684 332 2726 apud
340 2695 394 2718 vos
403 2682 617 2728 ipsitsstudiose*
627 2686 747 2718 recolere
758 2709 769 2726 ,
796 2695 854 2718 mn
874 2691 906 2718 in
928 2684 1050 2719 chartas
1081 2691 1126 2719 in-

243 2732 399 2777 scribendo
412 2758 422 2774 ‚
442 2733 500 2777 sed
518 2740 550 2767 in
570 2734 656 2768 corde
675 2740 846 2769 memoriam
856 2733 1064 2779 insculpenda,
1091 2738 1126 2770 Θ

248 2790 282 2817 in
293 2785 512 2818 meditationem
523 2784 704 2825 custodiendo
715 2810 726 2825 ,
751 2797 788 2818 ne
799 2785 874 2818 inibi
884 2785 1124 2820 Catecbumenus

248 2845 285 2868 ea
297 2845 364 2876 quae
375 2832 461 2867 vobis
472 2835 588 2867 tradita
592 2832 667 2877 sunt
675 2837 836 2870 exaudiat.
870 2835 984 2870 Palam
1002 2836 1071 2881 agit
1083 2836 1125 2871 de

248 2882 430 2926 Symbolo.
459 2883 727 2927 Affirmatipsum
739 2896 807 2919 non
821 2888 908 2929 posse
919 2886 1012 2920 scribi
1026 2911 1035 2925 ‚
1063 2898 1123 2920 nec

249 2933 508 2968 catechumenis
519 2933 651 2967 revelati
664 2958 675 2975 ‚
701 2935 948 2980 &singulorum
971 2935 1125 2970 articulo-

249 2995 323 3017 rum
352 2983 506 3017 notitiam
517 2984 580 3017 effe
591 2983 799 3019 necessarium
828 2986 937 3021 salutis
958 2987 1122 3021 medium.

248 3033 353 3082 Qod
380 3034 502 3077 ipsum·
521 3033 555 3067 ἀ
581 3033 638 3067 alii
667 3032 778 3068 Patres
805 3037 914 3079 paffim
941 3038 1122 3071 affirmant.

251 3081 439 3118 Audiamus
461 3085 614 3118 sanetum
627 3083 848 3127 Sophronium
873 3087 907 3119 in
919 3086 1016 3121 Prato
1028 3087 1126 3132 Spiri-

250 3133 351 3168 tuali.
379 3138 580 3177 Interrogatus
600 3132 638 3174 est
660 3135 823 3176 aliquando
841 3137 970 3170 Sanllus
993 3136 1126 3170 Athana-

247 3182 307 3224 fius
312 3183 466 3226 postquam
484 3184 677 3217 Alexandria·
689 3183 853 3227 Episcopus
865 3186 1035 3226 constitutus
1050 3199 1057 3218 :
1083 3190 1133 3219 an'

249 3234 337 3276 poffet
348 3232 504 3277 quisquam
507 3233 570 3276 fine
575 3233 639 3276 fide
649 3233 801 3276 baptizari
805 3234 966 3278 secundum
973 3242 1065 3269 ritum
1092 3239 1125 3270 Θ·

247 3284 493 3325 predicationem
513 3283 747 3324 Christianorum
762 3307 772 3324 ,
796 3294 852 3318 aut
865 3285 896 3327 fi
911 3287 1027 3319 credere
1041 3284 1076 3330 se
1088 3285 1126 3328 fi—

253 3333 372 3365 mulam
382 3358 392 3374 ,
418 3334 569 3378 aliquibus
581 3335 660 3366 alitis
672 3333 1043 3377 occafionibusvbapnzatus
1049 3335 1126 3379 fuis-

248 3384 298 3424 ]et
312 3405 322 3421 ,
349 3384 467 3424 quidde
477 3382 721 3427 illosentiendum
738 3409 748 3424 ‚
772 3394 826 3418 aut
839 3387 978 3427 quomodo
985 3384 1126 3430 suftipiat

257 3432 341 3464 illum
352 3433 455 3467 Deus?
480 3437 527 3467 Et
536 3433 686 3477 respondit
707 3435 807 3468 dicens
819 3449 830 3467 .-
858 3436 970 3468 Audivi
992 3437 1126 3478 aliquan-

253 3482 294 3515 do
305 3482 326 3514 ἃ
332 3479 495 3525 senioribus
505 3484 607 3525 nostris
618 3509 629 3526 ,
654 3485 736 3528 quod
755 3487 851 3519 Beato
873 3487 963 3519 Petro
984 3483 1127 3530 Episcopo

1887 112 1978 156 191

1189 182 1315 218 Martyri
1338 189 1404 212 cum
1421 176 1513 219 falla
1522 178 1589 221 effet
1599 181 1768 213 mortalitas
1780 203 1792 221 ,
1819 183 1854 217 ό·
1860 185 1996 228 plerique
2014 184 2061 219 aa

1187 228 1341 273 baptisma—
1346 234 1451 261 mortis
1462 233 1567 262 timore
1575 228 1766 273 confugerent
1775 254 1785 270 ,
1810 240 1987 274 apparuerit
1997 239 2059 269 An..

1177 281 1260 323 gelus
1273 279 1406 313 bumana
1413 276 1511 322 specie
1518 279 1776 322 dicens:quamdiu
1786 279 1834 312 bie
1841 289 1969 317 mittitis
1979 297 2060 318 mar-

1176 329 1266 373 supia
1286 329 1360 371 ista,
1366 327 1486 373 fignata
1506 331 1626 372 quidem
1644 353 1655 370 ,
1680 334 1788 363 inania
1812 339 1912 363 autem
1931 333 2058 376 prorsus

1180 381 1214 414 (5
1226 391 1345 420 vacua,
1371 380 1406 413 6*
1426 378 1506 412 nibil
1529 385 1611 413 intus
1624 379 1792 415 babentia?
1818 383 1924 414 Erant
1945 388 2059 426 itaque,

1182 438 1328 472 quantum
1338 440 1376 462 ex
1388 431 1492 473 Angeli
1512 441 1583 464 voce
1601 432 1743 473 conjicere
1759 432 1849 472 lieet,
1869 429 1987 475 fignum
2007 432 2060 465 ba-

1179 480 1280 513 bentes
1307 478 1451 523 baptismi
1477 505 1487 521 ‚
1520 487 1661 523 quoniam
1686 483 1721 515 6·
1745 480 1916 523 beneficium
1941 482 2062 524 aliquod

1179 529 1384 569 existimarunt
1405 527 1440 572 se
1459 529 1612 573 confrqui‚
1635 530 1664 572 fi
1682 531 1848 575 Baptisma
1865 528 2060 575 suftiperent,

1180 589 1268 623 atque
1282 581 1386 613 idcirco
1396 579 1548 622 baptizati
1553 579 1636 623 sunt.
1664 581 1732 615 Sub
1743 583 1862 616 Sancto
1873 581 1973 617 Petro
1986 581 2064 616 Ale·

1180 630 1320 665 xandriae
1345 629 1530 664 Patriarcha
1555 630 1777 675 gravissimam
1803 631 1933 667 Pestem
1954 631 2060 677 passus

1181 681 1242 715 fuit
1253 680 1362 714 omnis
1374 681 1517 720 Oriens,
1543 681 1576 716 δε
1596 679 1642 715 ob
1668 681 1784 716 mortis
1810 692 1936 716 metum
1961 681 2061 716 multi

1181 731 1244 766 fine
1255 730 1351 775 plena
1362 729 1548 774 Apostolici
1560 756 1571 773 ,
1597 730 1688 775 quod
1699 730 1747 765 ibi
1757 740 1838 766 tunc
1849 731 2039 768 tradebatur
2047 755 2059 771 ,

1180 780 1330 825 Symboli
1343 781 1463 816 notitia
1474 806 1484 822 ‚
1495 782 1628 817 fuerunt
1639 781 1795 826 baptizati
1808 807 1820 824 ,
1839 793 1878 816 ac
1891 782 1936 815 ita
1946 780 2062 817 denin-

1180 833 1219 865 sti
1232 846 1242 864 :
1269 832 1303 865 ὅ(
1324 830 1400 865 illos
1413 830 1565 877 Angelus
1574 831 1682 873 dixit,
1708 832 1783 868 vasa
1803 832 1938 877 quidem
1959 826 2062 877 signa-

1181 891 1234 921 ta,
1261 880 1314 915 sed
1331 892 1455 922 vacua,
1482 883 1596 926 utique
1614 882 1634 916 ὲ,
1655 882 1759 928 gratia
1781 882 1978 918 remissionis
1990 892 2063 926 pec-

1181 941 1328 965 catorum
1355 957 1362 964 .
1400 931 1503 978 Qrod
1539 932 1644 976 ipsum
1681 933 1717 967 in
1745 932 1812 969 suis
1843 932 1885 967 ad
1910 927 2078 967 Sannum'

1187 980 1387 1025 Apostolum
1409 981 1781 1019 nostrumssonifacium
1803 983 1964 1026 rescriptis
1985 993 2066 1016 con-

1182 1032 1352 1065 firmarunt
1390 1030 1573 1076 Gregorius
1596 1033 1765 1070 Secundus
1789 1057 1800 1074 ‚
1824 1034 1860 1067 &
1887 1031 2070 1074 Zacharias

1183 1082 1364 1116 Pontifices
1373 1106 1380 1113 .
1408 1081 1474 1115 Isto
1486 1082 1577 1115 enim
1588 1092 1736 1126 tempore
1748 1082 1883 1126 quidam
1902 1082 1988 1126 apud
2001 1087 2066 1116 nos

1110 1138 1115 1155 ἰ
1180 1127 1604 1167 Pseudo-Sacerdotesfine
1623 1131 1838 1169 Catechismo
1862 1132 1896 1166 δε
1916 1131 2066 1167 traditio·

1181 1193 1224 1219 ne
1230 1180 1382 1225 symboli
1392 1181 1524 1226 peffime
1533 1180 1746 1226 baptizabant
1755 1208 1762 1215 .

1230 1231 1427 1277 Baptizandi
1445 1232 1598 1267 ordinem
1618 1233 1801 1277 praescripsit
1823 1232 1860 1267 in
1877 1230 2065 1277 Evangelio

1181 1284 1349 1318 Dominus
1362 1296 1369 1315 2
1381 1286 1427 1317 Ite
1434 1284 1530 1317 docete
1547 1295 1647 1317 omnes
1661 1279 1768 1328 gerite:
1789 1282 1985 1325 baptizantes
1994 1293 2059 1316 eos.

1180 1333 1329 1382 Qidam
1350 1333 1433 1367 olim
1449 1334 1590 1368 Errones
1601 1333 1776 1370 censebant
1787 1334 1876 1377 prius
1897 1333 2064 1377 baptizan-

1179 1384 1259 1417 dum
1272 1409 1282 1424 ‚
1309 1395 1346 1418 ac
1357 1383 1477 1418 deinde
1489 1384 1677 1418 docendum
1689 1396 1699 1426 ·,
1721 1385 1755 1418 &
1778 1384 1854 1427 ipsis
1868 1384 1904 1417 in
1927 1383 2011 1417 libro
2022 1382 2066 1417 de

1180 1433 1245 1468 fide
1279 1435 1313 1468 δε
1341 1433 1495 1477 operibus
1515 1434 1658 1477 reposuit
1681 1434 1816 1467 Sanetus
1833 1431 2062 1477 Augustinus:

1179 1486 1225 1518 sit
1244 1482 1295 1517 hoc
1317 1482 1367 1516 ubi
1390 1493 1569 1526 quemquam
1584 1483 1670 1527 sbrie*
1692 1485 1758 1517 dies
1779 1492 1863 1527 urget
1886 1492 2038 1518 extremus
2052 1506 2063 1524 ,
2078 1476 2152 1515 Cap·
2173 1477 2200 1505 6·

1180 1543 1214 1568 ut
1236 1535 1281 1566 ad
1301 1532 1395 1567 verba
1412 1534 1602 1575 paucifflma,
1627 1533 1737 1576 quibus
1757 1542 1860 1571 tamen
1880 1538 1980 1566 omnia
2000 1536 2068 1567 con-

1181 1589 1327 1623 tinentur,
1346 1585 1449 1617 credat
1462 1608 1473 1624 ‚
1498 1585 1779 1629 sacramentumque
1793 1589 1965 1626 percipiat,
1992 1592 2026 1616 ut
2040 1581 2071 1625 fi

1181 1647 1217 1668 ex
1239 1634 1294 1667 hac
1305 1639 1375 1666 vita
1385 1640 1577 1678 migraverit,
1587 1634 1734 1667 liberatus
1746 1643 1835 1667 exeat
1846 1634 1884 1667 de
1893 1643 1978 1667 reatu
1985 1642 2068 1675 prae-

1183 1690 1336 1718 teritorum
1341 1692 1528 1726 peccatorum
1541 1710 1547 1716 .
1574 1684 1635 1718 Ista
1649 1684 1836 1728 pauciffima
1848 1684 1946 1718 verba
1956 1683 2077 1718 omni-.

1184 1747 1228 1769 no
1250 1736 1325 1768 sunt
1340 1733 1574 1778 Apostolicum
1586 1734 1782 1777 Symbolum
1796 1758 1807 1775 ,
1831 1735 1898 1771 fine
1908 1734 1999 1777 cujus
2010 1745 2069 1767 no·

1182 1785 1255 1818 titia
1276 1785 1378 1818 eriam
1402 1780 1554 1819 Clinicos
1574 1784 1732 1827 baptizari
1745 1783 1916 1828 nunquam
1927 1784 2068 1830 permisit

1186 1835 1346 1874 Ecclesia,
1375 1835 1589 1869 licetClinici
1613 1835 1719 1879 ipsum
1741 1835 1933 1873 memoriter
1957 1845 2069 1869 tenere

1185 1897 1252 1919 non
1281 1884 1454 1920 debuerint
1474 1897 1483 1927 ;
1512 1885 1578 1920 fine
1599 1885 1694 1927 plena
1716 1895 1828 1920 tamen
1849 1885 1918 1928 ejus
1944 1885 2068 1919 notitia

1186 1935 1311 1968 nullam
1334 1933 1475 1968 habuere
1495 1935 1583 1978 spem
1607 1935 1737 1969 salutis.
1766 1930 1971 1973 Eadem‘fuit
1985 1934 2070 1969 ratio

1186 1985 1365 2019 Surdorum
1379 2009 1389 2024 ‚
1415 1984 1457 2018 de
1476 1995 1619 2028 quorum
1641 1996 1711 2019 uno
1738 1984 1849 2024 scribit
1864 2010 1875 2026 ,
1901 1985 2071 2018 Hunarici

1186 2034 1416 2069 Vandalorum
1439 2035 1473 2067 in
1493 2035 1608 2068 Africa
1623 2036 1740 2070 Ariani
1757 2035 1862 2079 Regis
1875 2035 2072 2079 persecutio-

1186 2097 1242 2120 nes
1278 2095 1469 2128 exponens,
1497 2085 1531 2117 in
1555 2083 1727 2119 Chronico
1751 2084 1874 2119 Comes
1904 2085 2071 2119 Marcelli·

1185 2146 1264 2169 nus:
1294 2138 1463 2167 Hunaricus
1483 2138 1550 2168 Rex
1577 2141 1664 2167 unius
1686 2135 1833 2169 Catholici
1852 2133 2044 2178 adoleftentis
2057 2160 2068 2174 ‚

1184 2191 1284 2220 vitam
1306 2186 1326 2217 ὰ
1345 2189 1528 2218 Nativitate
1535 2184 1599 2227 fine
1612 2186 1668 2219 ullo
1673 2184 1806 2229 sermone
1828 2188 1964 2220 ducenas
1977 2210 1987 2226 ,
2015 2187 2072 2219 lin-

1180 2240 1426 2280 guampraecepit
1436 2234 1590 2279 abscindi,
1618 2237 1753 2278 idemque
1764 2246 1885 2278 mutus,
1912 2237 1994 2278 quod
2007 2235 2070 2278 fine

1186 2285 1314 2320 humano
1336 2286 1444 2321 auditu
1460 2284 1573 2326 Christo
1595 2288 1719 2320 credens
1742 2287 1802 2329 fide
1823 2288 1985 2326 didicerat,
2001 2298 2069 2319 mox

1180 2333 1311 2379 praecisa
1316 2334 1372 2379 fibi
1383 2336 1485 2379 lingua
1504 2337 1613 2369 locutus
1627 2336 1664 2377 est
1677 2361 1687 2377 ‚
1694 2339 1881 2381 gloriamque
1893 2341 1956 2370 Deo
1966 2343 1999 2370 in
2003 2343 2072 2379 pri-

1185 2397 1232 2419 mo
1241 2391 1321 2420 vocis
1327 2384 1394 2429 sure
1405 2387 1525 2421 exordio
1535 2388 1620 2423 dedit
1634 2412 1640 2418 .
1669 2387 1746 2433 1²9st
1760 2388 1903 2422 excisam
1923 2388 2072 2432 linguam

1187 2436 1289 2480 prima
1301 2435 1350 2469 illi
1366 2446 1430 2473 vox
1441 2436 1503 2470 fuit
1514 2435 1677 2471 catholica
1690 2462 1700 2477 ‚
1726 2449 1825 2485 quam
1837 2438 1956 2478 Ariani
1983 2437 2072 2481 pessi-

1186 2486 1239 2520 me
1259 2485 1460 2520 detestantur
1481 2509 1491 2526 ,
1519 2487 1720 2531 glorificatio
1746 2500 1753 2520 ε
1782 2488 1898 2522 Gloria
1920 2488 2011 2526 Patri
2037 2488 2071 2521 ὃς

1185 2535 1272 2570 Filio
1295 2561 1305 2577 ,
1333 2536 1366 2570 δε
1398 2535 1533 2580 Spiritui
1557 2538 1676 2571 Sand‘ro
1712 2563 1718 2575 2
1759 2537 1931 2581 Ejusmodi
1962 2547 2072 2574 mutos

1186 2586 1310 2621 Divina
1330 2585 1436 2631 gratia
1457 2586 1573 2631 eligit,
1601 2587 1633 2621 ἀ
1655 2587 1841 2622 illuminat.
1871 2589 1915 2622 Et
1938 2587 2017 2622 hinc
2035 2588 2070 2621 in

1186 2637 1242 2671 suo
1256 2635 1440 2680 Capitulari
1453 2636 1534 2672 reete
1546 2636 1657 2671 statuit
1670 2637 1880 2672 Venerabilis
1893 2636 1978 2671 Atto
1991 2637 2071 2673 Ver-

1185 2686 1328 2721 celiensis
1341 2686 1519 2730 Episcopus
1532 2698 1538 2718 :
1568 2691 1608 2719 Hi
1621 2712 1630 2728 ,
1655 2694 1707 2729 qui
1718 2687 1756 2720 ab
1767 2688 1906 2730 Infantia
1919 2687 2068 2729 mutisue-

1185 2745 1279 2777 rum,
1299 2735 1328 2779 fi
1341 2736 1490 2780 aliquibus
1513 2738 1635 2769 nutibus
1662 2747 1716 2770 aut
1741 2740 1860 2771 indiciis
1884 2736 2069 2778 christianos

1179 2785 1216 2831 se
1228 2785 1279 2830 effe
1293 2787 1369 2821 velle
1381 2811 1392 2827 ,
1418 2787 1471 2823 vel
1480 2785 1671 2830 Baptismum
1680 2796 1783 2829 petere
1795 2789 1960 2821 zrideantur
1971 2811 1981 2827 ‚
2009 2799 2068 2821 non

1185 2836 1223 2878 est
1233 2838 1295 2871 illes
1306 2836 1473 2872 vetantium
1486 2861 1492 2868 .
1522 2837 1589 2871 Eos
1601 2838 1815 2880 praesumirnus
1826 2839 1888 2871 esse
1903 2837 1920 2870 ὲ
1932 2838 2007 2871 Deo
2019 2833 2069 2872 irs-

1185 2887 1317 2921 strussos
1330 2911 1340 2927 ‚
1366 2897 1464 2931 quare
1476 2886 1640 2921 subfistere
1660 2898 1727 2920 non
1752 2887 1903 2921 videntur
1916 2888 2069 2922 Honorii

1187 2936 1490 2981 Augustodunenfis
1501 2937 1595 2970 verba
1613 2950 1619 2969 :
1635 2937 1837 2977 Parvuli‚vel
1845 2943 1934 2978 muti,
1945 2936 2070 2981 velsur-

1185 2989 1231 3027 di,
1243 2988 1296 3021 vel
1296 2985 1384 3028 fatui
1390 2994 1448 3029 per
1454 2992 1627 3028 petitionem
1633 2986 1768 3028 fidelium
1780 2986 2070 3029 catechizantur,ba-

1180 3044 1341 3079 ptizantur
1353 3061 1363 3078 ,
1389 3038 1424 3071 (9
1436 3044 1493 3078 per
1505 3035 1598 3078 fidem
1607 3035 1722 3068 illorum
1725 3035 1909 3079 salvantur.
1937 3037 2034 3073 Surdi
2045 3037 2064 3071 ὲ

1187 3087 1356 3120 nativitate
1378 3086 1411 3120 &
1432 3086 1515 3120 muti
1538 3086 1716 3129 plurimum
1737 3085 1859 3123 distant
1882 3089 1901 3131 a
1923 3088 2067 3135 parvulis

1186 3149 1222 3171 ac
1236 3137 1334 3170 fatuis
1346 3161 1356 3177 ‚
1372 3136 1406 3171 δε
1417 3136 1492 3169 licet
1505 3136 1641 3179 propriis
1651 3136 1783 3173 auribus
1802 3138 1836 3173 ὅ(
1848 3138 1972 3183 linguis
1980 3146 2068 3180 cam*

1185 3197 1242 3221 ant
1263 3211 1273 3228 ,
1299 3185 1422 3220 habent
1442 3195 1553 3219 tamen
1575 3187 1741 3229 proprium
1763 3199 1820 3222 cor
1840 3188 1874 3223 δε
1895 3198 2065 3229 mentem,

1186 3237 1326 3280 ideoque
1357 3237 1498 3269 omnino
1518 3236 1647 3271 credere
1668 3236 1789 3276 debent
1806 3237 1847 3272 ad
1871 3238 2029 3282 justitiam
2048 3262 2060 3279 ‚

1187 3287 1327 3329 ideoque
1351 3286 1386 3319 &
1407 3285 1425 3319 ὲ
1437 3285 1549 3319 divina
1560 3287 1662 3330 gratia
1673 3287 1877 3332 singulariter
1889 3289 2042 3323 illustrari
2054 3313 2063 3321 .

1234 3337 1384 3384 Qisque
1406 3334 1511 3370 fidelis
1533 3347 1601 3371 non
1622 3337 1832 3374 solummodo
1854 3349 1930 3374 ante
1941 3339 2063 3381 Baptis-

1188 3399 1238 3421 ma
1249 3386 1345 3420 debet
1358 3386 1545 3419 memoriter
1554 3386 1644 3422 noffe
1655 3387 1849 3430 Symbolum
1862 3415 1871 3429 ‚
1885 3388 1939 3423 sed
1962 3389 1995 3422 ἀ
2009 3398 2064 3430 per

1187 3447 1319 3470 omnem
1340 3435 1441 3469 vitam
1463 3436 1598 3471 firmiter
1619 3437 1760 3474 retinete
1777 3464 1784 3471 .
1826 3439 1920 3472 Hinc
1942 3438 1977 3470 in
1998 3437 2062 3469 suis

1187 3484 1428 3532 Capitulatibus
1438 3485 1548 3521 statuit
1561 3487 1694 3523 Sanstus
1705 3486 1950 3532 Theodulphns
1960 3484 2062 3519 Aure·

1890 3537 2012 3570 lianen—

2089 2621 2165 2659 Cap·
2201 2625 2245 2651 18.
