2346 3776
610 128 1058 183 D1ssiszAT1o

162 226 235 252 nos.
263 208 372 250 Immd
382 214 468 253 &ex
479 218 603 247 tortura
615 211 756 256 graviter
777 210 865 245 laesos
881 211 988 245 curari
1010 213 1054 246 fa·
1077 218 1080 225 ’

1108 126 1527 180 PRoormALis.
1962 149 2009 190 95

1108 212 1321 247 manserunt.
1342 201 1398 243 'Et
1410 209 1455 244 ita
1467 209 1538 243 fieri
1555 196 1640 243 solet
1654 197 1782 242 'cunetis
1794 221 1835 243 ex
1852 208 2003 259 violento
2011 204 2054 234 sd
2089 207 2176 229 “W''

2016 237 2108 256 tantum
2115 239 2177 255 nm-

162 266 296 302 ciebant
303 261 548 311 diligentissime
560 285 570 301 ‚
597 272 694 305 atque
706 260 751 295 ita
762 260 918 305 parabant
942 261 983 295 ad
996 274 1056 296 no·
1078 261 1081 311 j
1111 271 1210 295 metu
1224 259 1453 306 peccantibus.
1467 259 1534 294 Uti
1548 259 1605 302 qui
1617 269 1658 292 ex
1669 258 1837 302 naufragii
1847 270 1936 293 metu
1949 261 2004 304 sua
2018 267 2059 291 qm
2077 260 2177 290 soritar-

164 327 220 350 vas
231 324 380 352 torturas.
409 311 561 359 Qidam
572 310 750 346 credebant
761 323 822 346 nos
834 323 903 346 non
916 322 972 354 per
991 321 1055 345 tor-

164 375 301 406 mentes⁴
320 362 376 398 sed
388 373 443 406 per
455 362 558 397 solam
571 371 714 399 mortem
724 361 906 398 consecrari
919 361 955 395 in
967 361 1056 395 Mat·
1078 399 1081 403 ⁴

165 417 281 460 tyresf
301 412 443 456 ideoque
451 410 536 446 nihil
561 410 736 447 studebant
754 411 910 446 attentius
921 436 931 452 ‚
958 412 1056 454 quam
1079 423 1082 440 ς

166 473 273 501 tortos
282 474 352 497 non
362 462 521 499 occidere.
549 462 663 497 Tanta
671 462 734 496 fuit
745 462 803 496 ista
813 460 951 501 invidia,
967 462 1058 496 Deo-

167 524 240 550 rum
250 513 447 557 potius‚seu
470 513 724 550 Daemoniorum
745 535 756 552 ,
784 510 882 554 quam
913 511 1056 555 ipsorum

166 558 418 610 Tyrannorum.
447 562 491 596 Et
504 561 567 597 hac
587 563 641 597 via
660 560 823 599 Diabolus
840 573 977 597 omnem
996 562 1058 597 Ec-

165 613 297 650 clesiam
307 612 457 657 implevit
467 612 582 646 multis
594 612 701 656 Lapfis
714 636 719 643 .

218 662 264 696 Et
285 662 326 697 ad
353 661 415 697 hos
438 661 634 707 reparandos
658 662 784 697 sanctus
805 660 924 697 Petrus
935 661 1058 697 indixit

166 714 354 758 praesentem
368 713 562 757 Synodum.
589 711 694 749 Porro
718 709 773 745 hic
795 713 845 745 uti
867 711 968 758 longe
994 712 1062 744 san-

168 763 328 799 stiffimus
340 787 352 804 ‚
362 763 407 798 ita
420 764 484 797 fuit
497 762 619 797 eximie.
630 762 754 797 doetus.
782 761 916 796 Etenim
931 761 999 804 ejus
1019 760 1061 795 de

167 811 459 850 DeitateLibrum
472 812 619 847 laudavit
632 810 794 856 Ephefina
806 811 960 855 Synodus
982 823 989 842 z
1010 810 1062 844 ad-

171 861 270 896 duxit
281 873 403 907 magna
416 862 486 906 ejus
496 862 591 896 verba
603 887 614 905 ‚
639 873 678 897 ac
689 873 732 896 ex
743 862 816 905 ipfis
825 862 938 896 revicit
946 860 1062 895 Nesto-

168 912 264 947 rium.
291 910 497 959 Quaeomnia
509 912 670 953 firmavit,
700 911 784 946 acin
796 913 852 946 sua
876 909 957 945 Asta
979 919 1061 944 retu-

167 960 210 997 lit
219 959 669 1005 Synodhschalcedonenfis.
698 963 742 995 Et
766 962 947 1006 Imperator
969 958 1062 1004 Justi-
1081 994 1083 998 ,

168 1010 331 1045 nianusin
343 1011 405 1046 suo
419 1008 578 1047 Traaatu
592 1013 644 1046 seu
658 1011 776 1059 Edicto
789 1036 800 1052 ,
825 1011 976 1046 adversus
986 1010 1061 1045 Ori-

169 1061 265 1108 genis
284 1071 406 1097 errores
424 1062 545 1105 scripto
574 1061 615 1097 ad
641 1062 805 1096 Mennam
838 1059 1059 1096 patriarcham

169 1109 585 1155 constantinopolitanum
598 1136 609 1152 ‚
636 1111 748 1146 laudat
758 1111 827 1146 duo
837 1112 902 1146 alia
916 1109 1058 1155 ejusdem

170 1162 291 1204 Opera.
320 1163 457 1195 Primum
478 1163 665 1210 Sermonem,
691 1163 773 1207 quod
789 1173 845 1195 non
867 1155 1060 1205 prae-exstitit
1080 1162 1082 1165 ’

170 1216 275 1244 anima
284 1235 295 1250 ‚
321 1222 373 1244 nec
384 1212 448 1244 ciam
453 1211 596 1253 peccasset
607 1235 618 1251 ‚
641 1219 804 1254 propterea
817 1218 850 1244 in
863 1220 967 1253 corpus
977 1210 1060 1254 missa

170 1258 229 1300 est.
255 1263 302 1293 Et
322 1258 454 1304 eiusdem
473 1250 697 1309 Mfflagqgtam,
723 1270 815 1304 quam
830 1259 909 1301 fecit
939 1261 985 1292 ad
1002 1262 1063 1296 Ec—

173 1308 309 1350 cleſsam,
334 1319 400 1342 cum
409 1313 691 1348 Marmiikoronam
698 1306 893 1352 fitftepturus
906 1307 991 1353 esset.
1019 1309 1064 1343 Et

172 1358 309 1394 addiscit
329 1357 479 1405 quaedaml
498 1350 636 1402 istorum
659 1359 809 1403 Operum
820 1358 916 1393 verba
928 1383 939 1400 ,
966 1359 1063 1403 plena

170 1406 377 1443 eruditionis.
405 1408 449 1442 Et
465 1407 560 1442 istam
587 1405 838 1453 Mystagogiarn
858 1409 924 1444 fine
956 1408 1064 1444 Libris

172 1458 315 1493 omnino
337 1458 457 1502 scripsit
469 1458 505 1492 in
518 1467 666 1492 carcerez
687 1458 731 1492 Et
744 1460 912 1503 praesentes
923 1459 992 1501 ejus
1003 1458 1066 1493 Ca·

175 1518 282 1542 nones
295 1507 443 1543 laudavit
454 1519 491 1541 ac
503 1507 643 1541 firmavit
654 1507 810 1551 Synodus
823 1508 995 1542 Trullana.
1008 1509 1066 1552 Sy-

173 1557 255 1591 nodi
279 1567 408 1602 tempus
427 1557 515 1592 lucet
538 1569 579 1592 ex
594 1558 689 1600 primi
712 1558 863 1593 canonis
888 1558 1028 1593 exordio
1056 1571 1063 1590 :

176 1609 331 1652 ,Quoniam
351 1617 496 1651 quartum
524 1606 653 1651 Pascha·
658 1606 890 1651 persecutionem
916 1611 988 1650 jam
1013 1616 1064 1650 ap-

171 1656 342 1703 prehendit.
370 1658 613 1693 Persecutionis
625 1657 780 1693 Edictum
804 1657 927 1703 prodiit
950 1659 1067 1702 quinta

173 1717 233 1743 aut
251 1708 457 1744 sextasansta
468 1708 560 1743 Feria
573 1733 583 1749 ,
610 1709 708 1751 atque
720 1709 767 1743 ita
778 1707 846 1743 haec
870 1709 955 1742 circa
976 1720 1068 1752 quar-

174 1757 383 1795 tumPascha
393 1760 476 1793 fasta
487 1757 642 1801 Synodus
654 1759 755 1798 ‚suit
774 1760 855 1794 fasta
877 1758 919 1793 ad
941 1757 1068 1793 elaben-

176 1816 246 1842 tem
267 1808 401 1841 tertium
427 1808 663 1851 persecutionis
690 1820 816 1842 annum
835 1833 846 1848 ‚
873 1819 951 1843 ante
980 1809 1067 1842 tertii

174 1857 258 1890 anni
280 1856 565 1902 quadragesimam.
594 1856 661 1891 Isto
682 1857 772 1891 enim
799 1867 948 1901 ternpore
972 1881 982 1897 ‚
1008 1857 1070 1890 uti-

175 1917 242 1951 que
261 1906 353 1950 juxta
376 1908 547 1950 antiquam
569 1906 854 1942 Consuetudinem
874 1931 886 1948 ,
912 1906 1070 1941 fieriPro-

177 1957 362 1991 vinciarum
380 1955 535 1999 Synodos
555 1955 642 1998 jusfit
659 1957 796 2000 quintus
810 1956 930 1992 Canon
957 1957 1070 1991 Nicae-

178 2017 249 2040 nus.
276 2005 423 2041 Proinde
450 2005 472 2038 fi
499 2005 682 2049 persecutio
717 2006 810 2040 sexto
844 2006 935 2040 istIus
961 2006 1070 2041 saeculi

169 2067 270 2092 -nnno
291 2056 440 2100 caeperit,
466 2053 533 2089 haec
556 2054 710 2099 synodus
730 2057 794 2090 fuit
826 2056 987 2091 celebrata
1012 2068 1072 2090 an-

183 2117 232 2141 no
253 2105 395 2153 ejusdem
425 2116 546 2140 nono:
582 2105 616 2138 &
635 2105 780 2140 omnino
809 2107 874 2140 suit
906 2105 1068 2149 Synodus.

180 2156 317 2191 Etenim
327 2156 491 2190 solemnia
502 2154 585 2193 adeo
597 2155 710 2191 Edicta
722 2166 802 2190 tunc
814 2167 884 2190 non
906 2155 1031 2190 fiebant
1060 2181 1070 2196 ‚

180 2206 240 2241 nifi
264 2217 320 2249 per
342 2205 510 2250 Synodos.

232 2255 343 2299 Hujus
354 2256 694 2299 Synodioccafionem
713 2256 852 2291 edicunt
872 2254 939 2292 haec
958 2257 1071 2292 Cano-

183 2305 237 2340 nis
249 2305 365 2339 verba:
392 2305 523 2348 Etiamfi
539 2318 595 2340 non
614 2312 700 2341 initio
715 2305 847 2350 suscepti
853 2305 927 2350 sunt
944 2315 1070 2350 propter

178 2367 309 2400 gravem
328 2354 443 2398 lapfitm
462 2354 660 2399 consecutum.
689 2358 734 2391 Et
751 2355 820 2392 haec
840 2357 956 2392 verba:
986 2361 1070 2390 Anno

178 2408 249 2448 jam
269 2412 355 2439 tertio
378 2406 620 2445 defient..H'1nc
641 2406 796 2442 discimus
829 2408 928 2452 plura.
958 2407 1071 2441 Primo

183 2456 276 2498 quod
286 2456 379 2499 Lapss
389 2456 439 2490 illi
450 2456 559 2491 statim
571 2457 612 2491 ad
625 2468 771 2492 mentem
781 2458 943 2492 redierint.
968 2458 1070 2491 Erant

185 2505 278 2539 enim
300 2505 420 2539 ssmiles
446 2507 557 2541 sansto
578 2507 679 2542 Petro
701 2507 866 2551 Apostolo
879 2533 889 2548 ‚
915 2519 1015 2551 quem
1028 2519 1070 2541 ex

185 2565 277 2589 metu
289 2554 414 2598 lapsum
424 2555 534 2590 statim
546 2558 685 2599 respexit
696 2558 866 2591 Dominus
877 2582 888 2598 ‚
915 2568 1013 2602 atque
1026 2559 1069 2592 it‘a

190 2615 227 2638 ut
239 2605 295 2639 ille
305 2605 351 2638 est
363 2605 470 2648 lapsus
487 2629 497 2645 ‚
525 2606 601 2640 loco
623 2618 705 2641 mox
722 2608 862 2652 egressus
874 2607 964 2641 flevit
987 2620 1071 2642 ama-

188 2655 239 2688 re.
267 2655 342 2689 Hac
354 2655 397 2689 de
408 2667 442 2689 re
454 2656 565 2690 scribit
583 2657 618 2689 in
640 2669 733 2692 nono
756 2659 913 2692 Sermone
935 2657 977 2692 de
1003 2659 1071 2692 Do·

188 2706 312 2738 minica
324 2705 471 2739 Paffione
481 2707 605 2740 sanstus
615 2707 704 2751 Papa
715 2707 804 2742 Leo:
833 2709 957 2748 Felices,
966 2707 1072 2751 sande

188 2754 321 2797 Apostole‘
331 2779 342 2795 ‚
367 2754 520 2795 lachrymae
532 2766 592 2790 tuae
604 2781 615 2797 ,
642 2769 710 2800 quae
719 2758 764 2790 ad
773 2759 945 2792 diluendam
954 2760 1071 2800 culpam

190 2808 358 2848 negationis
371 2829 381 2844 ‚
408 2809 552 2840 virtutem
557 2805 639 2850 sacri
649 2806 776 2841 habuere
786 2807 985 2851 baptismatis.
1015 2810 1071 2841 Ad-

182 2854 250 2897 fuit
272 2861 351 2888 enim
364 2858 500 2889 Dextera
514 2860 633 2890 Domini
653 2862 685 2903 J
697 2860 728 2889 Ε
739 2860 759 2890 5
770 2861 798 2890 U
821 2861 847 2890 C
860 2863 927 2892 HR
940 2861 986 2893 15
997 2862 1022 2890 T
1033 2863 1071 2899 I,

187 2916 255 2947 quae
276 2904 424 2938 labentem
452 2914 499 2944 te,
521 2905 698 2949 priusquam
714 2909 898 2948 dejicereris,
909 2915 1071 2951 exciperet,

187 2953 222 2988 Θ
237 2957 412 2998 firmitatem
429 2954 534 2995 standi
556 2959 588 2988 in
609 2955 671 3000 ipso
693 2958 819 2991 cadendi
845 2960 976 3001 periculo
998 2971 1071 2992 rece-

183 3003 270 3046 pisti.
299 3006 383 3039 Vidit
403 3010 434 3036 in
457 3014 486 3038 te
510 3008 652 3039 Dominus
675 3018 732 3040 non
751 3008 844 3049 fidem
864 3008 989 3051 sillam,
1015 3021 1072 3041 non

188 3054 370 3088 dileat-nem
392 3053 554 3098 aversam,
576 3053 634 3098 sed
653 3056 842 3097 constantiam
858 3057 948 3102 fuisse
970 3058 1072 3091 turba-

189 3113 270 3137 tam.
298 3105 475 3138 abundavit
498 3105 605 3145 fletus,
631 3105 681 3138 ubi
703 3118 759 3139 non
780 3107 887 3149 defecit
914 3107 1036 3148 affefflus
1064 3121 1070 3139 z

191 3156 237 3186 Et
252 3154 327 3196 fons
338 3154 497 3187 charitatis
506 3157 585 3188 lavit
598 3155 693 3188 verba
702 3155 878 3197 formidinis
898 3182 904 3188 .
933 3162 1000 3190 Nec
1013 3169 1073 3191 tar-

191 3204 294 3237 datum
305 3204 342 3244 est
353 3207 513 3238 remedium
538 3205 726 3245 abolitionis,
751 3206 802 3238 ubi
824 3219 880 3239 non
898 3206 967 3248 fuit
986 3209 1074 3249 judi-

189 3256 440 3289 ciumvoluntatis
457 3280 463 3286 .
492 3255 607 3289 Petrus
622 3256 684 3288 fuit
695 3255 864 3289 dumtaxat
874 3257 992 3300 lapsus,
1004 3269 1072 3291 non

191 3301 327 3346 dejestus
338 3315 394 3338 aut:
406 3304 658 3348 plenemortuus
672 3331 678 3337 .
707 3306 788 3349 Ejus
801 3306 885 3340 casta
899 3308 932 3339 in
954 3308 1073 3341 Domi-

192 3353 413 3388 ‘numdilectio
424 3364 492 3389 non
515 3356 578 3389 fuit
606 3357 732 3396 aversa,
762 3355 815 3389 sed
843 3356 1076 3391 turbatadum-

192 3412 284 3436 taxat
296 3427 306 3442 ‚
332 3415 369 3437 ac
382 3416 437 3448 per
448 3406 617 3439 fortiorem
629 3405 751 3439 Mundi
765 3405 979 3452 formidinem
987 3408 1073 3451 supe-

25 3469 69 3491 wm
80 3468 178 3494 plenam,
192 3463 258 3486 rata
273 3478 280 3484 .
299 3452 385 3487 -Pius
397 3455 431 3488 in
444 3455 632 3490 Dominum
642 3456 784 3495 affectus,
796 3454 973 3491 Charitatis
986 3458 1071 3498 fons,

26 3496 52 3520 ὰ
71 3497 179 3524 ‘mg'm
195 3502 289 3539 bonae
302 3502 478 3540 voluntatis
490 3505 649 3550 judicium
670 3506 710 3543 in
728 3505 826 3556 Petro
848 3506 986 3544 omnino
1005 3519 1071 3554 per-

47 2754 155 2793 Cap-4,

27 3528 156 3547 vanitatem
168 3538 178 3552 ,

1119 312 1155 345 in
1166 322 1254 345 mare
1263 310 1396 354 proiicit
1405 335 1416 350 ‚
1440 321 1508 343 non
1517 308 1634 344 definit
1644 308 1710 352 ipsa
1723 306 1860 352 diligere
1869 321 1882 350 ;
1894 309 1938 341 ita
1948 310 2005 353 qui
2014 288 2179 345 2523}ssssssssss

1111 360 1307 396 'Dominum
1329 372 1371 394 ex
1391 369 1635 394 tormentorum
1655 359 1776 392 timore
1805 368 1967 402 negarunt
2002 342 2181 402 &13⁴5AEAEAE

1118 411 1187 453 ejus
1216 410 1338 444 castam
1349 407 1549 443 'charitatem
1582 421 1651 443 non
1676 408 1863 442 amiserunt.
1901 407 2005 456 Qod
2015 404 2051 428 ⁸¹¹
2062 411 2071 419 '

1120 462 1226 504 ipsum
1234 461 1420 504 frequenter
1429 459 1544 494 docuit
1561 459 1788 502 S.Cyprianus.
1816 457 1910 492 Hinc
1930 456 2006 490 illos

1122 510 1207 545 dixit
1219 534 1230 550 ,
1256 520 1326 544 non
1338 508 1435 553 plene
1446 509 1522 543 Deo
1533 519 1683 543 mortuos
1695 534 1704 549 ,
1716 508 1769 542 sed
1781 508 1952 542 dumtaxat
1963 507 2008 540 se-

1109 553 1263 595 'mineces
1276 561 1311 594 ὃς
1322 560 1483 594 sauciatos
1495 583 1505 600 ‚
1531 558 1703 593 dumtaxat
1715 558 1819 603 lapsos
1830 584 1839 599 ,
1870 569 1937 592 non
1945 557 2009 591 fra-

1121 613 1196 645 stos.
1224 611 1268 645 Et
1289 609 1363 646 sane
1383 608 1474 643 aliud
1496 607 1597 654 longe
1608 609 1653 642 est
1673 607 1761 648 labi,
1787 608 1876 642 aliud
1891 606 2008 652 pedem

1123 663 1277 706 frangere.
1302 660 1424 703 Lapsus
1435 658 1542 704 potest
1557 683 1567 699 ‚
1578 659 1695 692 fraCtus
1707 670 1775 691 non
1786 658 1891 700 potest
1911 658 2011 691 reffir-

1123 722 1207 756 gete.
1235 711 1279 744 Et
1290 711 1340 744 uti
1348 710 1384 744 in
1396 720 1555 753 corpore,
1579 708 1714 743 ita&in
1729 708 1836 742 anima
1848 707 1954 751 lapsus
1965 718 2010 742 re.

1123 762 1207 795 tinet
1239 759 1390 805 surgendi
1420 759 1627 794 voluntatem
1652 768 1751 801 atque
1773 758 1937 792 virtutem.
1965 756 2009 790 Et

1125 809 1203 845 hinc
1213 810 1258 844 est
1269 810 1345 844 cum
1357 810 1392 843 in
1401 810 1512 845 anima
1523 809 1611 853 lapfi,
1621 808 1728 843 solent
1739 807 1848 842 statim
1860 808 1988 851 surgere
1999 831 2010 846 ,

1123 871 1250 895 currere
1261 860 1303 894 ad
1323 861 1467 894 Matrem
1486 859 1687 901 Ecclesiam,
1713 858 1782 902 ejus
1804 858 1890 892 fores
1910 855 2011 900 pulsa-

1123 921 1156 944 re
1169 934 1179 950 ‚
1206 908 1302 944 isthic
1323 920 1452 954 gemere
1468 910 1502 944 ὃ(
1519 908 1714 953 lachrymari
1727 934 1737 949 ‚
1764 909 1798 942 &
1809 908 2011 942 offensorum

1124 971 1165 994 ex
1182 960 1272 1004 lapsu
1289 960 1454 1004 gressuum
1465 960 1627 1004 postulare
1650 959 1869 994 medicinam:
1898 956 2012 991 Poeni-

1124 1010 1234 1044 tentiae
1243 1010 1431 1050 astionem,
1457 1010 1490 1044 δεῖ
1512 1011 1571 1044 suo
1582 1019 1728 1055 tempore
1737 1009 1878 1055 gratiam
1900 1017 2011 1041 recon-

1125 1060 1307 1094 ciliationis
1329 1060 1364 1094 &
1385 1062 1491 1102 pacis.

1174 1109 1229 1143 De
1239 1108 1291 1143 his
1302 1108 1412 1143 scribit
1421 1110 1547 1144 sanstus
1560 1109 1746 1154 Cyprianus
1759 1110 1794 1142 in
1803 1110 1961 1142 Sermone
1972 1106 2015 1141 de

1126 1158 1219 1202 lapsis
1241 1173 1252 1193 .-
1279 1159 1526 1201 Deprecabantur
1553 1171 1611 1192 non
1646 1158 1861 1197 lachrymarum
1893 1155 2015 1200 misera-

1125 1214 1203 1242 tione
1216 1233 1227 1249 ,
1248 1207 1308 1252 sed
1325 1211 1482 1243 vulnerum
1492 1223 1506 1252 ;
1532 1221 1584 1244 nec
1601 1209 1667 1252 sola
1699 1208 1883 1243 lamentabili
1898 1210 1978 1241 ‘voce
2004 1231 2016 1247 ‚

1122 1257 1180 1301 sed
1210 1260 1386 1293 laceratione
1418 1266 1545 1301 corporis
1577 1261 1612 1294 (¹2⁶
1634 1261 1736 1293 dolore.
1775 1258 1925 1292 Manabat
1958 1265 2017 1299 pro

1126 1309 1244 1349 fletibus
1264 1312 1414 1354 Sanguis,
1442 1311 1477 1344 <5
1490 1319 1547 1352 pro
1572 1309 1728 1348 lachrymis
1751 1321 1835 1343 cruor
1849 1307 2015 1352 semi-ustu-

1125 1361 1198 1392 latis
1218 1358 1382 1403 visceribus
1399 1360 1547 1401 defluebat
1568 1386 1574 1392 .
1603 1361 1647 1394 Et
1659 1361 1693 1394 in
1706 1360 1825 1394 Literis
1846 1359 1886 1393 ad
1899 1359 2016 1392 Fortu-

1128 1419 1242 1443 natum
1256 1433 1266 1449 ,
1291 1421 1331 1443 ac
1352 1409 1435 1443 alios
1456 1409 1616 1453 quosdam
1636 1410 1835 1453 Episcopos:
1862 1407 2016 1449 Scripfistis

1123 1459 1221 1499 mihi,
1249 1463 1377 1493 Fratres
1399 1458 1568 1499 Charifflmi
1587 1483 1597 1498 ‚
1624 1457 1704 1501 quod
1727 1460 1791 1491 ciam
1822 1464 1854 1490 in
1876 1455 2020 1500 Capsenfi

1127 1515 1252 1554 civitate
1263 1517 1389 1551 propter
1408 1510 1632 1542 ordinationem
1645 1512 1674 1541 E
1673 1507 1786 1552 piscopi
1802 1508 1895 1551 effetis
1908 1532 1918 1547 ‚
1941 1516 2016 1549 per-

1129 1560 1232 1592 tulerIt
1249 1560 1295 1591 ad
1322 1570 1376 1592 vos
1405 1561 1543 1601 Superior
1564 1562 1677 1592 Frater
1702 1561 1736 1593 <5
1763 1559 1881 1602 Collega
1908 1557 2019 1599 noster,

1131 1614 1249 1642 Ninum
1270 1634 1282 1649 ‚
1308 1611 1546 1642 clementianum
1567 1633 1577 1649 ‚
1605 1610 1727 1643 Florum
1753 1633 1763 1649 ,
1802 1613 1931 1642 Fratres
1971 1619 2018 1641 ηοὅ

1123 1659 1201 1699 stros
1221 1683 1232 1698 ‚
1259 1665 1310 1701 qui
1331 1665 1364 1692 in
1380 1657 1578 1702 persecutione
1605 1658 2016 1702 apprehenfipriussuerant,

1133 1711 1167 1743 (Ὺ
1187 1706 1307 1742 Nomen
1339 1713 1463 1742 Domini
1485 1709 1597 1751 confeffi
1621 1734 1631 1749 ‚
1665 1711 1838 1743 violentiam
1865 1709 2021 1753 Magistra-

1131 1769 1181 1792 tus
1205 1770 1240 1792 ac
1260 1761 1365 1800 Populi
1395 1759 1557 1801 frementis
1586 1765 1727 1801 impetum
1757 1766 1894 1793 vicerant
1915 1784 1925 1799 ‚
1946 1759 2019 1802 poll-

1132 1810 1249 1842 modum
1279 1810 1346 1843 cum
1375 1811 1462 1853 apud
1490 1808 1717 1853 ProConficlem
1744 1817 1842 1852 poenis
1864 1810 2018 1854 gravibus

1133 1865 1371 1892 excruciarentur
1393 1884 1403 1899 ‚
1429 1866 1464 1893 vi
1483 1869 1691 1893 tormentorum
1711 1860 1849 1904 subac‘los
1869 1863 1920 1902 effe
1947 1884 1957 1900 ‚
1984 1861 2019 1893 ὡ·

1133 1909 1170 1940 de
1187 1910 1288 1952 gradu
1306 1910 1413 1952 gloriae
1425 1934 1436 1949 ,
1462 1911 1507 1941 ad
1527 1921 1617 1951 quam
1632 1906 1735 1952 plena'
1745 1911 1821 1952 fidei
1831 1916 1945 1943 virtute
1958 1919 2020 1943 ten-

1134 1958 1268 1998 debant,
1295 1960 1423 1992 diutinis
1445 1959 1624 1992 cruciatibus
1647 1962 1743 1993 excidi
1766 1972 1798 1993 e.
1826 1963 1894 1993 Nec
1918 1970 2020 1994 tamen

1127 2007 1190 2049 post
1210 2008 1287 2041 hunc
1298 2020 1431 2052 gravem
1452 2007 1568 2051 lapsum
1582 2033 1592 2048 ,
1619 2021 1676 2042 non
1699 2012 1855 2043 voluntate
1870 2036 1880 2051 ,
1901 2009 1961 2054 sed
1972 2017 2021 2044 rte-¹

1132 2058 1253 2097 ceffitate
1265 2056 1434 2101 susi-epium
1458 2083 1467 2098 ‚
1495 2061 1515 2089 ἃ
1539 2065 1720 2100 poenitentia
1747 2061 1864 2103 agenda
1888 2069 1943 2101 per
1970 2061 2021 2093 boc

1132 2113 1293 2141 triennium
1311 2107 1451 2151 destitisse.
1492 2111 1538 2141 De
1568 2109 1676 2151 quibus
1699 2108 1906 2153 confidendum
1927 2119 2021 2152 puta-

1125 2157 1202 2198 stis,
1229 2169 1271 2190 an
1290 2169 1337 2190 eos
1350 2158 1395 2190 ad
1402 2162 1700 2192 Communicationem
1728 2161 1800 2201 jam
1818 2160 1876 2201 fas
1889 2161 1954 2203 effet
1965 2162 2022 2193 ad-

1132 2214 1257 2241 mittere.
1285 2211 1331 2240 Et
1349 2210 1468 2251 quidem
1492 2210 1571 2250 quod
1592 2210 1637 2241 ad
1653 2216 1710 2243 mei
1734 2217 1828 2242 animi
1835 2208 2019 2253 sententiam

1128 2263 1262 2299 pertinet
1278 2266 1352 2300 puto
1369 2258 1417 2291 bis
1439 2260 1660 2303 indulgentiam
1690 2263 1808 2293 Domini
1847 2272 1904 2293 non
1935 2261 2020 2302 defu-

1133 2317 1251 2349 turam,
1277 2320 1350 2351 quos
1376 2308 1483 2349 constat
1501 2308 1608 2352 stetisse
1632 2315 1665 2342 in
1691 2315 1752 2343 acie
1773 2335 1782 2351 ,
1810 2315 1929 2343 Nomen
1957 2314 2017 2343 Do-

1133 2362 1209 2390 mini
1227 2358 1361 2402 confessos
1374 2359 1424 2402 ff
1435 2383 1446 2398 ,
1471 2360 1644 2392 violentiam
1655 2360 1882 2404 Magistratuum
1910 2372 1945 2394 ac
1966 2362 2020 2393 Po-

1128 2410 1194 2450 puli
1207 2408 1344 2449 furentis
1375 2407 1524 2452 incursum
1556 2409 1712 2443 immobilis
1739 2410 1813 2452 fidei
1834 2410 2021 2451 obstinatione

1132 2460 1248 2502 vicifflt,
1268 2460 1367 2502 paffos
1387 2460 1438 2502 effe
1457 2470 1623 2499 carcerem,
1650 2461 1702 2493 diu
1728 2464 1806 2493 inter
1824 2468 1923 2494 minas
1950 2463 2021 2494 Pro-

2035 1382 2153 1423 Episs.53

1132 2507 1266 2551 Consulis
1277 2509 1475 2551 &fremitum
1490 2510 1596 2551 Populi
1607 2509 1822 2550 circumstantis
1833 2535 1845 2550 ‚
1856 2518 2017 2546 tormentis

1130 2559 1331 2592 lanitantibus
1345 2584 1355 2599 ,
1382 2571 1417 2593 ac
1442 2561 1528 2603 longa
1538 2565 1693 2593 iteratione
1715 2561 1913 2594 cruciantibus
1934 2570 2021 2603 repu-

1126 2610 1233 2653 gnaffe.
1262 2613 1301 2642 Ut
1321 2611 1400 2652 quod
1416 2615 1448 2642 in
1462 2611 1611 2650 novtffima
1620 2609 1794 2652 infirmitate
1821 2618 1921 2644 carnis
1943 2610 2015 2654 sub-

1132 2660 1230 2692 ac‘lum
1239 2661 1384 2699 videtur,
1410 2666 1580 2692 meritorum
1596 2662 1832 2702 praecedentium
1854 2658 2016 2702 defenfione

1131 2711 1286 2742 relevetur.
1316 2713 1361 2741 Et
1367 2708 1491 2752 fitfiztis
1499 2709 1609 2742 talibus
1617 2712 1744 2754 gloriam
1754 2711 1913 2753 perdidiffe
1923 2735 1932 2749 ,
1960 2722 2017 2747 non

1131 2769 1232 2792 tamen
1238 2759 1343 2792 debere
1357 2771 1409 2792 nos
1421 2766 1462 2792 et‘s
1473 2762 1506 2793 Θ
1517 2766 1614 2793 veniae
1627 2763 1718 2793 locum
1730 2761 1864 2794 claudere
1888 2785 1898 2798 ,
1926 2770 2018 2802 atque

1130 2822 1176 2843 eos.
1199 2811 1219 2842 ἃ
1240 2812 1375 2843 Paterna
1390 2811 1552 2851 pietate&
1564 2809 1658 2848 nostra
1673 2817 1942 2844 communicatione
1949 2817 2016 2851 pri-

1131 2871 1223 2900 vare,
1249 2859 1357 2901 quibus
1370 2859 1571 2897 existimamus
1581 2861 1629 2891 ad
1642 2861 1860 2901 deprecandam
1882 2861 2015 2894 Clemen-

1131 2912 1206 2943 tia'm
1220 2913 1339 2954 Domini
1357 2910 1431 2953 posse
1440 2908 1587 2952 fiifficere,
1617 2911 1696 2951 quod
1716 2915 1840 2941 triennio
1847 2911 1964 2953 jugiter
1982 2922 2016 2943 nc

1132 2960 1264 2993 dolenter
1275 2984 1284 3000 ‚
1312 2969 1344 2992 ut
1351 2958 1484 3002 scribitis
1498 2971 1562 2991 cum
1566 2957 1685 3001 fismma
1699 2964 1884 3000 poenitentiae
1905 2961 2015 2994 lamen-

1133 3015 1244 3043 tatione
1248 3010 1445 3051 planxerunt.
1474 3010 1566 3041 Certe
1577 3021 1633 3040 non
1640 3016 1714 3049 puto
1723 3011 1840 3042 incautei
1858 3011 1892 3043 (Β
1904 3021 2012 3053 temere

1133 3059 1180 3092 his
1188 3067 1294 3100 pacem
1303 3065 1444 3091 committi
1457 3083 1467 3098 ‚
1492 3070 1563 3100 quos
1575 3059 1713 3090 videmus
1724 3060 1840 3091 militia·
1847 3058 2013 3102 suaeforti-

1133 3111 1235 3142 tudine
1244 3120 1294 3141 nec
1296 3110 1384 3150 prius
1392 3117 1504 3151 pugnae
1514 3107 1632 3150 defuisse
1643 3132 1653 3147 ‚
1680 3107 1832 3149 &stactes
1847 3115 1937 3143 etiam
1962 3112 2012 3144 de-

1133 3162 1189 3192 nuo
1204 3165 1321 3191 venerit
1332 3182 1341 3197 ,
1347 3162 1473 3201 gloriam
1478 3156 1567 3199 suam
1574 3158 1649 3200 poffi
1660 3167 1807 3199 reparare.
1837 3159 1905 3193 Hic
1919 3161 2013 3195 suum

1133 3209 1297 3251 Judicium
1310 3209 1441 3241 nervose
1453 3207 1625 3240 confirmat
1638 3232 1648 3247 ,
1660 3208 1692 3241 ὃς
1703 3210 1906 3252 prosequitur
1919 3213 2014 3254 :Quo-

1134 3266 1216 3291 niam
1227 3268 1327 3290 tamen
1332 3256 1505 3303 scripsistis?
1530 3266 1564 3289 ut
1585 3258 1648 3290 cum
1664 3258 1801 3299 pluribus
1823 3261 1947 3304 Collegis
1975 3263 2012 3294 de

1133 3308 1183 3340 hoc
1193 3306 1253 3350 ipso
1268 3308 1425 3349 pleniffime
1435 3307 1559 3340 tradem
1571 3332 1581 3348 ,
1594 3309 1628 3341 (τ’
1637 3320 1686 3341 res
1701 3318 1790 3342 tanta
1799 3316 1900 3353 exlgat
1912 3313 2011 3351 majus

1134 3360 1168 3392 (θ’
1185 3356 1337 3399 impenstus
1359 3358 1396 3390 de
1418 3358 1573 3391 multorum
1606 3359 1768 3392 collatione
1789 3359 1952 3401 consilium,
1979 3362 2013 3393 (α’

1134 3419 1210 3441 nunc
1233 3418 1329 3440 omnes
1340 3406 1411 3448 fere
1432 3414 1510 3441 inter
1532 3406 1655 3450 Pafihae
1669 3415 1772 3451 prima
1775 3408 1918 3452 solemnia
1929 3411 2015 3451 apud

1129 3456 1163 3501 se
1180 3458 1244 3489 cum
1258 3456 1412 3497 fratribus
1442 3459 1634 3494 demorantur
1653 3483 1663 3499 ‚
1692 3461 1810 3501 quando
1829 3458 2010 3502 solemnimti

1134 3507 1314 3543 celebrandae
1335 3509 1420 3552 apud
1433 3506 1503 3551 suos
1525 3506 1744 3551 satis-fecerint
1757 3533 1767 3549 ‚
1794 3511 1827 3542 ἕο*
1838 3510 1937 3542 adme
1963 3519 2012 3540 ve-

1949 3568 2013 3590 mre
