2346 3776
103 2063 167 2101 Σος.
185 2069 263 2098 αις.

104 2327 222 2368 Epist-4-

373 126 470 172 242

296 202 410 231 uantur
424 217 435 234 ,
460 192 631 235 exemplum
653 189 763 226 babere
783 194 804 224 ἃ
823 190 914 225 rebus
939 194 1033 224 etiam
1051 189 1179 221 carnali-

294 246 352 282 bus
366 244 531 287 pffcmus.
560 244 652 277 Certe
672 248 751 276 enim
771 243 844 275 dum
855 242 992 285 conjugia
1012 245 1047 272 in
1068 239 1179 271 mundo

297 295 508 334 celebrantur,
534 296 688 338 coniugati
708 298 818 335 quique
837 298 1059 329 convocantur,
1086 297 1120 326 ut
1130 294 1182 331 qui

294 351 329 382 in
351 350 407 379 via
424 347 498 387 jam
519 346 647 387 conjugii
668 343 875 385 praecesserunt
894 365 906 383 ‚
931 346 964 373 in
985 337 1177 383 subsequenti

295 406 410 439 quoque
433 396 546 440 gaudio
567 391 750 436 mifi‘eantur
768 416 776 424 .
817 395 882 425 Cur
901 402 968 435 ergo
987 401 1045 423 non
1068 396 1101 422 in
1125 389 1182 422 hac

289 444 448 490 spirituali
467 445 654 477 ordinatione
677 467 689 484 ,
713 453 776 489 qua
802 450 860 484 per
875 440 996 486 sacrum
1015 439 1182 481 Mysterium

294 494 451 534 komoDeo
460 495 670 537 conjungitur,
697 493 962 527 talesconveniant
975 515 986 531 ‚
1012 497 1064 533 qui
1086 491 1138 524 vel
1146 496 1179 522 in

288 545 428 591 profeHu
447 545 584 577 ordinati
595 540 738 586 Episcopi
751 544 910 588 gaudeant
922 566 933 582 ,
958 542 1012 575 vel
1026 549 1084 583 pro
1112 542 1178 582 ejus

291 595 420 636 custodia
436 599 631 636 omnipotenti
642 596 769 628 Domino
772 601 875 636 preces
882 597 1003 635 pariter
1005 590 1148 632 fundant
1160 589 1177 621 ,ἔ

290 644 422 680 Diserte
445 644 529 684 dicit
550 643 737 683 adsistentes
763 643 945 689 Episcopos
959 653 1027 675 non
1053 641 1117 674 effe
1127 640 1181 674 Sa-

289 695 453 734 cramenti
479 693 708 735 substantiales,
725 692 972 731 comministros
984 715 994 730 ‚
1020 689 1075 743 sed
1086 689 1178 730 dum-

289 755 384 780 taxat
409 744 506 781 testes
525 755 641 780 contra
662 745 819 780 furtivam
843 741 1143 783 clandestinitatem
1166 764 1177 781 ,

289 796 349 840 qui
362 797 487 831 sacram
499 795 745 831 ordinationem
756 792 924 829 honorent
936 816 947 833 ‚
957 790 1024 825 illis
1033 790 1178 836 congau-

288 846 392 881 deant
402 870 413 887 ‚
439 846 474 881 ὃς
484 857 544 890 pro
556 857 648 879 novo
662 844 812 883 Ecclefiae
833 842 962 888 sponso
975 852 1084 885 preces
1094 842 1172 876 Deo

288 896 433 930 fundant
447 920 455 927 .
482 895 562 935 Hoc
572 895 679 938 ipsum
701 903 789 937 patet
801 904 842 927 ex
864 891 1010 927 secundo
1032 891 1173 927 Canone

287 955 412 989 quartae
431 943 561 987 Synodi
581 942 855 989 Carthaginenfis
878 967 885 975 .
914 940 1082 985 Epiftopus
1107 943 1172 976 cum

286 996 470 1039 ordinatur,
496 996 554 1033 duo
564 992 707 1037 Episcopi
726 1002 844 1036 ponant
864 994 900 1027 Θ
920 1001 1042 1027 teneant
1062 996 1172 1027 Evan-

282 1046 428 1089 geliorum
447 1045 588 1084 Codicem
595 1042 690 1087 super
712 1045 1003 1086 caput&cervicem
1025 1044 1091 1084 qius
1103 1067 1114 1084 ,
1139 1044 1175 1077 Θ

284 1107 342 1128 uno
349 1093 440 1138 super
452 1105 485 1134 eo
486 1093 642 1136 fundente
662 1094 912 1134 benedictionem,
939 1094 1049 1135 reliqui
1070 1105 1170 1133 omnes

283 1143 455 1188 Episcopi,
481 1150 534 1187 qui
567 1143 680 1187 adsunt
706 1169 715 1185 ‚
741 1144 881 1184 manibus
907 1142 974 1187 suis
997 1152 1087 1185 caput
1107 1146 1171 1185 ejus

282 1204 425 1239 tangant.
454 1195 525 1230 Cur
536 1195 653 1230 unicus
666 1194 780 1234 fundit
792 1193 1171 1241 benedifflonem?Q1ia

284 1246 384 1279 unius
406 1244 452 1281 est
471 1244 666 1279 sacramenti
689 1245 882 1279 necessarius
900 1243 1076 1284 Minister,
1099 1242 1173 1277 aliis

283 1307 355 1328 non
370 1295 427 1328 nifi
440 1293 610 1329 honorarii
623 1293 841 1329 affistentes&
852 1293 948 1329 testes
965 1318 976 1334 ,
991 1294 1172 1338 manusque

283 1345 326 1379 ab
339 1345 406 1379 illis
417 1345 569 1390 imposita
579 1345 626 1379 est
640 1345 803 1386 duntaxat
813 1344 1052 1381 ceremonialis.
1078 1343 1172 1379 Alio-

283 1396 364 1439 quin
379 1396 413 1429 &
426 1394 692 1436 benedidiionem
703 1395 861 1430 deberent
876 1394 1023 1429 fundere:
1037 1394 1171 1428 Etenim

282 1445 710 1485 Sacramentielementum,
736 1458 773 1480 ac
787 1444 1026 1479 benediffionis
1036 1443 1170 1478 verbum

282 1507 339 1543 per
364 1495 509 1530 diversos
533 1494 683 1538 adhiberi
711 1507 779 1530 non
807 1495 940 1539 possunt
965 1519 976 1538 2
1015 1494 1057 1529 de
1082 1506 1169 1542 quo,

283 1548 443 1588 quoniam
458 1547 602 1589 Ioannes
613 1546 772 1580 Morinus
783 1546 817 1579 in'
829 1556 927 1588 opere
939 1544 980 1579 de
1005 1545 1101 1578 sacris
1119 1557 1171 1578 or*

280 1596 515 1633 ,dinationibus
533 1606 646 1632 movet
666 1607 769 1630 novas
780 1595 994 1639 quaestiones,
1020 1594 1101 1628 alibi
1122 1595 1170 1629 di-

282 1658 397 1684 cemus
409 1671 416 1679 .

336 1696 563 1733 Affertionem
582 1707 690 1730 meam
702 1695 866 1731 confirmo
884 1694 1044 1738 exemplis
1055 1693 1168 1735 variis..

283 1747 417 1781 Etenim
431 1748 472 1781 de
484 1746 629 1781 Paulino
641 1772 652 1787 ,
679 1744 871 1781 Antiochiae
881 1746 1017 1791 Magnaej
1038 1745 1171 1788 Episco-

281 1809 325 1841 po
341 1822 349 1837 ,
376 1797 441 1840 jam
454 1799 547 1840 supra
560 1797 770 1837 audivimus,
796 1796 886 1841 quod
901 1795 1083 1841 Evagrium
1106 1796 1171 1829 suce

279 1848 436 1882 cessorem
460 1848 550 1889 solus
569 1848 730 1895 elegerit,
755 1847 789 1881 &
812 1847 1012 1881 consecrarit
1036 1868 1047 1884 ,
1072 1855 1170 1890 atque

280 1898 326 1932 ita
348 1900 421 1932 astu
441 1909 511 1931 uno
525 1898 631 1935 varios
645 1897 964 1937 violaritCanone52
992 1894 1100 1936 Addit
1123 1895 1171 1929 nie

279 1947 466 1984 hilominus
478 1947 730 1989 Theodoretus,
760 1947 891 1983 Paulini
904 1958 942 1981 ac
951 1945 1085 1990 Evagrii
1103 1956 1169 1982 ma-

279 1998 344 2032 stix
375 2011 386 2041 ·,
419 1996 574 2033 Flaviani
601 2009 712 2032 autem
737 2009 853 2032 eorum
879 1995 1051 2031 adversarii
1075 2007 1171 2030 enco-

281 2049 437 2089 miastes,
463 2048 506 2083 de
524 2048 666 2082 Ecclesia
691 2050 863 2084 Romana:
891 2051 1024 2090 Evagrii
1046 2057 1170 2082 commu-

281 2106 400 2132 nionem
413 2100 467 2134 illa
479 2100 657 2141 amplexata
668 2098 707 2139 est
718 2123 728 2138 ,
755 2097 789 2132 id
801 2097 846 2132 est
859 2122 869 2136 ,
896 2107 933 2131 ut
945 2107 1056 2130 verum
1070 2097 1168 2130 novit

281 2149 484 2193 Episcopum
502 2173 513 2188 ‚
542 2145 792 2192 Imperatorisque
812 2153 947 2180 animum
967 2155 1069 2179 contra
1097 2147 1170 2179 Fla-

280 2206 408 2234 vianum
421 2205 566 2233 incitavit
576 2224 583 2232 .
611 2199 656 2232 Et
668 2199 828 2243 Evagrius
837 2222 847 2238 ‚
860 2199 894 2241 ὃς
907 2198 1082 2230 Flavianus
1095 2221 1105 2236 ‚
1118 2197 1169 2237 uti

281 2249 322 2283 ad
336 2248 571 2292 Theophilum
589 2248 858 2284 Alexandrinum
885 2248 1085 2291 Episcopum
1097 2247 1168 2280 scri·

282 2301 330 2335 bit
344 2301 481 2335 Sanetus
494 2299 689 2340 Ambrosius
700 2324 710 2339 ,
740 2299 862 2333 mutuis
875 2298 983 2341 potius
995 2298 1083 2331 vitiis
1094 2298 1169 2331 alie-

282 2362 331 2385 11ae
340 2349 564 2385 ordinationis
574 2375 585 2390 ‚
611 2350 708 2395 quam
721 2350 785 2383 suis
795 2348 918 2382 meritis
928 2347 1148 2382 fulciebantur
1159 2371 1170 2387 ,

217 2443 220 2445 Ι
281 2413 397 2435 eorum
408 2401 504 2435 causa
536 2399 720 2440 &Romae,
746 2400 779 2433 ὅ(
801 2400 940 2442 Capuae,
968 2398 1003 2432 &
1026 2393 1172 2433 Alexan->

114 3163 189 3202 1³2.
209 3167 272 3197 08-

282 2451 358 2489 driae
368 2452 430 2484 fuit
444 2449 655 2493 Synodaliter
665 2451 811 2490 uastata,
823 2450 855 2483 &
866 2450 1044 2488 retrastata:
1062 2448 1116 2482 De
1129 2448 1173 2481 E-

280 2501 446 2545 vagrianae
457 2510 566 2533 tamen
579 2500 802 2539 ordinationis
819 2499 987 2532 validitate
1000 2509 1100 2532 nemo
1112 2509 1172 2536 ιιι]-4

281 2562 381 2599 quam
392 2550 556 2591 dubitavit
566 2573 576 2589 ‚
603 2561 646 2585 ne
656 2550 790 2592 quidem
798 2549 864 2592 ipse
874 2548 1051 2586 Flavianus
1062 2572 1069 2588 ·.

313 2600 465 2639 -Eodern'
479 2599 543 2634 fere
553 2609 701 2642 tempore
714 2598 800 2642 apud
824 2598 987 2641 Numidas
998 2597 1065 2632 duo
1093 2598 1170 2641 Epi-

281 2650 581 2694 scopiordinarunt
609 2651 811 2693 Episcopum
824 2672 835 2688 ‚
863 2647 1003 2691 ideoque
1014 2648 1172 2682 Honora-

282 2702 386 2742 tus‚&
399 2699 563 2739 Urbanus
576 2700 731 2743 Episcopi
742 2700 776 2733 in
787 2697 926 2741 Synodo
937 2697 1023 2741 apud
1038 2696 1170 2732 Aureli-

281 2762 340 2792 um
362 2749 657 2796 Carthaginensem
672 2750 871 2793 Episcopum
885 2772 896 2788 ,
920 2749 1024 2786 totius
1050 2747 1171 2782 Africae

282 2800 659 2839 Primateminstiterunt
675 2800 776 2842 condi
786 2800 961 2833 Canonem
979 2797 1020 2832 de
1039 2798 1170 2841 Episco-

284 2853 334 2899 pis
348 2864 416 2886 non
430 2852 490 2887 nisi
505 2862 560 2895 per
577 2850 756 2885 duodecim
778 2849 936 2893 Collegas
957 2848 1167 2882 ordinandis.

285 2903 472 2945 Respondit
485 2901 563 2936 vero
575 2900 731 2935 Aurelius
743 2912 749 2932 :
780 2905 893 2934 Forma
903 2905 1031 2941 antiqua
1032 2897 1172 2942 servabi-

286 2961 356 2993 eur,
383 2961 417 2986 ut
429 2964 486 2985 non
498 2953 596 2985 minus
617 2953 710 2994 quam
730 2960 792 2984 tres
811 2948 960 2995 sufficiant
984 2950 1029 2985 ad
1051 2947 1171 2992 Epifto·

282 3010 358 3044 pum
369 3003 569 3037 ordinandum
583 3027 589 3033 .
618 3002 754 3042 Distam
765 3011 873 3034 aurem
886 3001 904 3033 a
916 2998 1045 3033 duobus
1067 3009 1171 3033 atten-

286 3060 391 3089 tatam
417 3051 665 3088 ordinationem
677 3063 778 3091 nemo
788 3049 917 3095 prorsus
942 3048 1118 3093 postulavit
1128 3049 1171 3086 ad

287 3100 478 3135 inunitatem
491 3127 498 3132 .

338 3149 445 3194 Apud
457 3151 637 3196 Evagrium
648 3149 885 3193 Scholasticum
899 3149 1009 3184 scribit
1020 3149 1061 3184 ad
1087 3150 1174 3191 Leo—

289 3210 369 3234 nem
390 3198 578 3243 Augustum
592 3201 734 3235 Ecclesia
744 3199 967 3235 Alexandrina
979 3199 1021 3234 de
1033 3201 1091 3234 suo
1103 3211 1172 3244 perv

288 3250 424 3288 vasore,
449 3259 487 3282 ac
498 3249 604 3283 Sanni
615 3251 756 3285 Proterii
771 3250 923 3294 Episcopi
949 3251 1171 3291 trucidatore,

288 3297 482 3335 Timotheo
496 3298 636 3333 AEluro:
664 3300 853 3341 Timotheus,
879 3299 1172 3344 affumptisfibiduo-

289 3350 346 3385 bus
368 3346 527 3398 Episcopis
557 3349 704 3392 dignitate
723 3348 895 3392 Episcopali
917 3350 1068 3390 abdicatis
1094 3374 1105 3391 ‚
1136 3352 1172 3393 ὅ]

289 3397 417 3438 Cleriois
441 3398 548 3432 itidem
567 3399 656 3440 exilio
677 3399 829 3432 muletam
843 3423 854 3438 ‚
881 3401 901 3431 ἃ
922 3400 1034 3434 duobus
1054 3402 1170 3434 illorum

291 3459 413 3486 creatus
423 3445 589 3491 Epifi·opus
601 3471 612 3490 ‚
638 3448 719 3481 nullo
727 3451 845 3481 omnino
859 3448 1068 3492 Episcoparum
1077 3450 1170 3484 ortho-

292 3503 441 3542 doxorum
457 3506 499 3539 cx„
519 3495 644 3549 Dtoecgsi
657 3499 842 3546 AEgyptiqca
860 3522 871 3540 ,
889 3497 965 3542 ficut
989 3506 1022 3534 in
1045 3502 1171 3542 creando

754 108 1060 160 CAuouEs
1093 102 1691 169 CoNcrtu-NmAENt

1252 184 1399 231 Episcopo
1411 191 1618 227 Alexandrino
1634 193 1705 236 fieri
1719 191 1818 237 solet,
1839 192 2012 238 priesente.
2039 197 2136 282 ᾞη

1249 237 1355 272 immo
1367 240 1584 284 Gennadius,
1610 243 1786 287 Presbyter
1816 243 2044 288 Massiliensis,
2112 250 2137 285 ἰ.

1250 287 1377 329 mothei
1387 302 1596 333 coaetaneus,
1622 293 1823 340 incatalogo
1849 296 1996 337 virorum
2006 297 2137 333 illustri-

1247 350 1324 381 um,
1351 339 1434 378 dicit
1455 342 1552 383 illurn
1563 342 1756 387 ordinatum
1776 344 1819 388 ab
1840 357 1928 381 uno.
1955 348 2135 396 Qidquid

1245 389 1306 429 sit,
1332 389 1480 433 Ecclesiae
1491 391 1728 435 Alexandrinae
1747 394 1871 431 litteras
1881 397 1923 433 ad
1945 409 2063 441 omnes
2084 409 2136 434 to-

1245 440 1312 473 tius
1322 440 1470 484 Orientis
1489 443 1725 488 Metropolitas
1735 468 1747 485 ,
1771 456 1953 492 eorumque
1963 448 2135 492 Synodale

1243 489 1405 533 judicium
1415 494 1499 529 misit
1518 495 1667 538 praefatus
1677 492 1870 542 Augustus,
1896 500 1962 541 qui·
1981 509 2051 535 uno
2073 511 2132 535 ore

1245 551 1361 578 omnes
1370 542 1616 580 ordinationem
1628 546 1828 587 censuerunt
1840 547 1930 583 varie
1953 549 2105 584 vitiosam
2119 573 2130 590 ‚

1245 601 1346 626 nemo
1365 600 1477 629 tamen
1499 594 1646 642 irritam2
1671 607 1710 630 ac
1731 595 1877 638 nullam.
1904 598 2018 648 Qare
2031 601 2129 635 variis

1246 639 1375 678 technis
1385 667 1397 684 ,
1407 644 1442 687 ὃς
1451 643 1539 686 dolis
1545 647 1676 686 veniam
1686 645 1705 680 a
1731 646 1814 685 Sede
1824 645 1856 681 A
1859 647 2020 691 postolica
2029 661 2127 687 vena·

1243 701 1297 730 tus
1315 692 1361 727 est
1384 693 1590 731 Timotheus
1612 721 1623 737 ,
1649 708 1720 732 non
1747 696 1877 731 rursum
1901 697 2049 736 ordinari
2069 712 2128 735 vo«

1242 741 1312 778 lens
1319 767 1330 784 ,
1344 743 1397 778 sed
1406 743 1528 780 absolvi
1537 744 1774 789 solummodo&
1787 747 1861 784 vitat
1867 746 2074 792 criminibu8‚
2085 761 2125 785 ac

1244 793 1334 835 vitiis
1342 794 1565 837 ordinationis
1576 823 1583 830 .

1294 843 1385 878 Idem
1400 845 1562 891 Evagrius
1572 847 1681 882 scribit
1699 847 1742 889 de
1762 847 1866 891 Petro
1886 849 1998 894 Mogo
2009 873 2021 890 ‚
2038 848 2127 893 'ejuse
2142 855 2169 885 L.
2186 858 2300 892 &ca-ff·

1238 892 1313 927 dem
1325 893 1417 929 Sedis
1428 895 1663 932 Alexandrinae
1674 900 1842 942 pervasore
1855 912 1862 932 :
1889 902 2000 942 Patriae
2010 902 2032 932 ἆ
2054 902 2125 933 duo·
2141 905 2155 924 ²
2165 906 2187 925 ¹·

1206 962 1208 966 ν
1238 943 1395 987 ὂωῙοΙίυη
1415 945 1593 990 Epist-opis,
1617 950 1721 982 eadem
1740 954 1850 988 erraris
1871 955 2039 991 pravitate·
2055 961 2124 984 cum

1238 994 1287 1036 ι’ζΙο
1313 993 1456 1037 infet‘lis,
1475 995 1595 1038 creatur
1621 997 1677 1039 est.
1704 998 1800 1047 Qin
1826 999 1932 1034 immo
1954 999 2123 1046 Georgius

1240 1043 1410 1079 Cedrenus
1420 1046 1466 1081 ait
1478 1047 1670 1082 ordinatum
1696 1048 1870 1092 abunico.
1898 1050 2054 1085 Romana
2076 1061 2124 1086 ta·

1236 1105 1313 1133 men
1335 1095 1481 1130 Ecclesia
1503 1121 1514 1138 ‚
1542 1108 1613 1136 non
1631 1097 1678 1132 ob
1699 1097 1786 1144 istud
1810 1099 1953 1145 vitium,
1977 1101 2009 1135 se
2030 1100 2122 1142 quod
2137 1087 2164 1117 F·
2189 1088 2258 1129 ²⁸2·
2307 1107 2309 1109 ·

1238 1143 1404 1229 ὴῧτοιίειζε
1423 1145 1465 1180 ab
1477 1145 1636 1189 haereticis
1658 1148 1737 1182 esset
1755 1149 1899 1187 intrusus
1910 1172 1923 1190 ,
1947 1148 2123 1186 hominem

1239 1206 1256 1229 a
1280 1205 1375 1238 Jecit.
2119 1214 2123 1217 .

1287 1247 1378 1289 Dum
1403 1246 1539 1282 Sanetus
1563 1247 1715 1282 Hilarius
1730 1272 1741 1290 ‚
1764 1246 1963 1283 Arelatensis
1987 1249 2124 1293 Episco-

1238 1307 1299 1339 pus
1313 1321 1322 1339 ,
1349 1297 1532 1332 vicinarum
1545 1298 1797 1334 Provinciarum
1818 1297 2001 1341 Primatum
2013 1324 2024 1340 ,
2051 1311 2123 1334 om-

1237 1346 1394 1391 niumque
1404 1346 1476 1382 istic
1488 1348 1728 1392 Episcoporum
1741 1348 1970 1387 ordinationes
1991 1359 2124 1394 praeten-

1235 1395 1316 1430 dens
1328 1421 1339 1437 ‚
1365 1397 1533 1432 Gallicani
1545 1398 1688 1433 Praefeffl
1700 1399 1884 1442 apparitura
1894 1410 2037 1440 armatus
2047 1411 2123 1444 pro·
2293 1417 2310 1439 ‚r

1238 1445 1389 1489 cederet,
1413 1449 1447 1482 ὃς
1468 1448 1616 1483 adversas
1640 1448 1698 1483 sibi
1720 1449 1870 1484 civitates
1892 1450 1981 1492 quasi
2012 1449 2120 1484 hostis

1235 1496 1402 1531 invaderet
1422 1522 1434 1538 ,
1461 1497 1746 1541 Ebrednnenfium
1772 1498 1914 1533 Ecclesia
1940 1523 1952 1545 2
1978 1498 2122 1543 Alpium

1235 1547 1476 1582 maritimarum
1502 1548 1788 1592 Metropolitana‚
1812 1546 1996 1590 Primatum
2022 1549 2122 1585 illum

1235 1597 1380 1631 refutans
1399 1622 1411 1639 ,
1437 1609 1476 1632 ac
1497 1598 1606 1644 longae
1626 1609 1683 1642 per
1705 1597 1790 1634 duos
1802 1610 1841 1633 ac
1862 1598 2120 1643 ampliusannos

1238 1646 1409 1688 viduitatis
1418 1649 1549 1691 pertaesa
1563 1671 1574 1688 ,
1599 1658 1655 1691 per
1665 1648 1749 1682 duos
1759 1648 1943 1692 Episcopos
1951 1649 2010 1691 sibi
2031 1647 2119 1684 ordi-

1240 1696 1330 1731 navit
1354 1693 1601 1740 Armentarium
1623 1697 1824 1742 Episcopum
1845 1723 1853 1730 .
1882 1698 1978 1736 Hine
1999 1698 2120 1742 Rejen·

1235 1746 1302 1782 sem
1315 1746 1489 1790 Synodum
1500 1748 1610 1793 coegit
1634 1747 1783 1781 tumidus
1793 1748 1962 1790 Hilarum
1989 1749 2120 1788 ordinas

1237 1802 1348 1836 tionem
1372 1821 1383 1837 ‚
1411 1809 1502 1840 quam
1521 1803 1644 1837 irritam
1671 1803 1810 1835 canones
1839 1797 1989 1841 definiunt
2009 1823 2021 1840 ,
2057 1795 2120 1847 *Ps‘
2134 1808 2206 1849 Cap.
2218 1820 2243 1841 1.
2263 1816 2293 1850 ᾗ·

1235 1857 1346 1889 quoque
1357 1853 1531 1891 vacuavit;
1559 1846 1876 1895 Armentariumque
1886 1872 1897 1889 ,
1908 1847 2070 1891 abjestum
2080 1848 2117 1883 in
2132 1856 2161 1886 3·
2239 1845 2241 1847 ¹

1237 1894 1518 1942 ChoresEpiscopi
1533 1910 1655 1933 nornen
1667 1923 1677 1939 ,
1700 1899 1735 1932 ἀ
1746 1899 2020 1933 communionem
2032 1909 2120 1943 pere-

1236 1947 1387 1991 grinam,
1415 1948 1592 1993 relegavit,
1618 1948 1728 1990 relisia
1749 1959 1860 1982 tamen
1887 1948 2120 1992 potestatecon-

1232 1999 1381 2039 firmandi
1392 1997 1545 2041 neophytos
1557 2023 1568 2039 ,
1586 2000 1620 2033 (a
1630 1997 1771 2039 offbrendi
1779 2008 1851 2032 ante
1862 1997 1982 2041 quosvis
1996 1998 2120 2038 Presby-

1235 2057 1314 2081 teros
1326 2061 1337 2081 .-
1363 2048 1458 2096 Qin
1481 2048 1676 2083 &Clericos
1695 2048 1736 2090 ab
1756 2049 1827 2092 ipso
1838 2048 2009 2083 ordinatos
2021 2073 2032 2089 ,
2058 2048 2117 2094 qui

1236 2098 1371 2141 quidem
1392 2100 1494 2134 essent
1505 2099 1572 2133 fine
1591 2099 1741 2143 macula²
1763 2098 1848 2142 &ab
1861 2098 1929 2141 ejus
1941 2099 2118 2136 ,successore

1236 2159 1481 2191 acceptarentur
1500 2174 1511 2190 ‚
1545 2150 1610 2183 suis
1631 2149 1788 2194 gradibus
1808 2149 1941 2193 reliquit
1962 2174 1969 2181 .
2002 2149 2117 2196 Qare

1235 2198 1359 2231 clarum
1369 2199 1413 2232 est
1425 2223 1436 2243 2
1456 2198 1543 2241 hanc
1554 2199 1727 2242 Synodum
1739 2199 1780 2232 de
1793 2198 1884 2231 istius
1894 2197 2116 2233 ordinationis

1237 2248 1404 2287 validitate
1427 2247 1511 2288 nihil
1529 2248 1705 2282 dubitasse.
1732 2248 1827 2295 Qin
1849 2247 1955 2282 immo
1975 2248 2115 2283 Sanstts

1237 2298 1307 2340 Leo
1318 2298 1478 2332 Pontifex
1491 2323 1501 2338 ‚
1529 2298 1652 2339 Hilarii
1662 2298 1774 2339 durus,
1785 2296 1932 2341 &justus
1946 2297 2123 2342 adversaria

1235 2360 1273 2382 us
1286 2373 1296 2390 ,
1321 2347 1450 2389 videtur
1461 2349 1731 2389 Armentarium,
1756 2348 1776 2382 a
1795 2348 1936 2387 vinculis
1958 2347 2010 2386 his
2032 2348 2117 2382 solu-

1236 2409 1306 2433 tum
1320 2423 1332 2439 ,
1358 2399 1391 2432 in
1406 2398 1672 2435 Ebredunensem
1683 2407 1740 2434 aut
1751 2397 1850 2432 aliam
1862 2398 2051 2442 quampiam
2063 2398 2117 2432 Se-

1236 2449 1312 2482 dem
1334 2449 1506 2493 reposuisse
1528 2474 1534 2481 .
1566 2449 1702 2486 Etenim
1722 2448 1805 2488 inter
1825 2448 2018 2484 Gallicanos
2041 2447 2125 2491 Epi--

1237 2501 1351 2542 scopos
1363 2523 1373 2539 ‚
1400 2499 1440 2533 ad
1454 2510 1538 2543 quos
1549 2499 1620 2543 post
1632 2498 1755 2539 Hilarii
1779 2507 1921 2537 mortem
1941 2498 2122 2542 perscripsit.
2133 2498 2265 2540 Ερίῐῖω,

1238 2551 1306 2583 asta
1334 2549 1463 2592 Synodi
1493 2547 1794 2593 Chalcedonensis,
1819 2547 1866 2591 est
1884 2547 2026 2590 omnino
2043 2549 2119 2592 quis

1237 2600 1466 2642 Armentarius
1481 2624 1489 2633 .
2085 2617 2087 2620 ⁴

1286 2649 1522 2684 Ordinationis
1533 2647 1628 2693 hujus
1650 2648 1801 2684 validitas
1810 2646 1899 2693 atque
1920 2646 2006 2688 clare
2025 2658 2116 2693 patet

1235 2711 1277 2734 ex
1288 2699 1430 2739 Canone
1440 2700 1599 2744 vigesimo
1611 2699 1716 2743 primo
1726 2699 1837 2743 prirnae
1848 2698 1976 2742 Synodi
1986 2697 2116 2733 Arausi-

1235 2760 1322 2784 canae
1335 2774 1342 2782 .
1369 2748 1471 2791 Duosi
1479 2747 1733 2792 praesumpserint
1741 2750 1880 2782 ordinare
1889 2746 2070 2791 Episcopum
2079 2755 2114 2782 in

1235 2799 1339 2840 nostris
1366 2802 1537 2833 Provinciis
1552 2823 1563 2840 ‚
1583 2800 1746 2842 placuitde
1758 2797 2029 2843 Praesumptoribus
2042 2823 2053 2839 ‚
2075 2809 2119 2834 ut

1227 2849 1318 2891 ficubi
1335 2855 1488 2894 contigerit
1509 2851 1582 2883 duos
1601 2848 1762 2893 Epiftopos
1784 2854 1920 2883 invitum
1929 2847 2111 2892 Episiopum

1226 2900 1331 2942 facere
1343 2926 1353 2942 ,
1374 2899 1541 2933 auctoribus
1554 2900 1710 2934 damnaris
1726 2924 1737 2940 ,
1759 2905 1849 2934 unius
1868 2911 1966 2933 eorum
1977 2896 2110 2940 Ecclqfiae

1229 2948 1296 2994 'ipse
1319 2974 1330 2990 ,
1356 2957 1407 2992 qui
1428 2956 1494 2983 vim
1510 2950 1611 2992 passus
1632 2949 1670 2991 est
1692 2975 1703 2991 ,
1725 2948 1924 2995 substituatur
1943 2973 1954 2989 ,
1973 2947 2110 2990 fitamen

1232 3007 1303 3034 vita
1313 2998 1488 3043 respondet,
1515 3000 1636 3034 &alter
1646 3006 1679 3033 in
1699 3001 1823 3033 alterius
1846 2999 1953 3040 dejec'ii
1961 3000 2016 3031 loco
2028 2994 2106 3030 nibi-

1236 3052 1363 3085 lominus
1377 3052 1547 3084 ordinetur.
1573 3051 1606 3083 51·
1617 3051 1819 3088 voluntarium
1835 3051 1891 3082 duo
1893 3048 2025 3091 fecerint
2035 3070 2046 3086 ‚
2071 3047 2109 3080 &

1233 3098 1294 3143 ipsi
1303 3100 1520 3140 damnabitur,
1547 3103 1602 3142 quo
1613 3101 1728 3139 cautius
1740 3112 1775 3141 ea
1786 3124 1797 3142 ‚
1824 3097 1966 3142 quaesunt
1975 3102 2109 3138 antiqui·

1235 3149 1431 3191 ,talsinstituta
1442 3174 1454 3191 ‚
1474 3148 1635 3193 seraoemur
1647 3175 1655 3182 .
1682 3149 1739 3183 Est
1750 3149 1792 3184 ab
1809 3149 1941 3189 Hilario
1961 3157 2110 3189 procura-

1232 3211 1285 3239 tus
1295 3200 1415 3239 Canon
1426 3210 1541 3235 contra
1553 3199 1711 3244 ejusmodi
1719 3200 1783 3243 jam
1792 3197 1985 3243 frequentari
1998 3196 2109 3235 solitas

1236 3250 1484 3290 ordinationes..
1512 3251 1668 3294 Episcopi
1694 3259 1856 3295 namque,
1881 3245 2116 3287 Arelatensem·

1232 3300 1415 3341 Primatum
1427 3301 1584 3344 aversati,
1610 3300 1778 3342 viduatam
1787 3298 1822 3332 in
1840 3296 1904 3339 suis
1924 3296 2110 3339 Provinciis

1236 3350 1353 3385 Sedem
1365 3362 1445 3387 mox
1457 3348 1810 3400 Episcopoimplebant
1820 3370 1832 3393 ἓ
1855 3346 2054 3390 quandoque
2064 3346 2110 3382 oh

1236 3401 1360 3434 Hilarii
1386 3411 1511 3437 metum
1530 3401 1637 3435 invito
1659 3424 1670 3440 ,
1686 3399 1729 3443 ’,ὃς
1746 3408 1800 3441 per
1817 3395 1902 3440 duos
1926 3396 2084 3434 ordinato
2097 3421 2109 3444 ².

1233 3450 1323 3494 quod
1334 3451 1423 3485 illius
1444 3450 1610 3491 violentiae
1634 3443 1864 3492 pr'aeveniendae
1882 3447 1983 3481 essent
2009 3471 2020 3487 ,
2046 3457 2116 3480 nec·

1233 3501 1373 3544 sinerent
1387 3499 1547 3554 exposuri
1558 3498 1691 3542 tertium
1701 3522 1709 3532 i
1737 3497 1819 3540 Vim
1830 3496 2020 3580 paffum221c
2042 3497 2115 3538 vio-

2006 3557 2061 3581 en-
