2346 3776
618 102 1022 158 Seu01211s‚·2r
1056 111 1226 147 No=r1s
1262 111 1633 145 utusrxan.

215 185 351 231 „Regina
364 209 375 226 ,
402 194 506 220 uxore
514 183 678 229 Sigeberti
689 184 794 229 Regis
808 184 1009 221 Francorum
1024 207 1035 223 ,
1060 183 1094 222 fi<

173 269 188 296 7
214 235 262 270 lia
273 247 384 273 autem
397 233 619 281 Athanagildi
633 234 737 279 Regis
752 234 942 269 Gothorum
964 234 999 268 in
1021 234 1093 268 His·

193 282 199 288 '
217 286 335 330 panim
362 286 504 324 Credidit
528 285 563 326 ,ῤ’
581 282 814 328 chrismatafi‚
843 284 972 321 Eodem
995 283 1096 319 modo

218 335 482 374 Gondobaldum
494 333 775 380 Burgundionum
784 359 796 374 ,
827 335 846 369 a
861 336 981 369 Sancto
994 334 1096 368 Avito

214 385 386 429 *Episcopo
408 385 588 420 Viennensi
610 411 622 426 ,
659 386 697 419 ἀ·
716 383 941 420 Richaredum
967 383 1095 418 Gotho·

216 446 290 470 rum
310 434 345 468 in
357 434 519 478 Hispania
541 435 669 480 Regem
690 434 855 474 Asianum
880 434 991 469 scribit
1003 432 1099 467 chris·

216 493 345 519 matum
367 484 386 518 ὲ
411 485 530 520 δαηᾶο
552 485 704 519 Leandro
739 485 924 528 Hispalensi
948 509 955 516 .
993 482 1096 532 Qod

217 535 328 578 ipsum
338 533 380 569 de
389 535 547 570 omnibus
559 534 715 574 haereticis
726 534 872 569 statuunt
880 534 1008 578 Synodi
1020 533 1096 567 Gal-

217 584 334 618 licanae
346 609 357 625 ,
383 587 487 629 prima
500 586 694 626 Arausicana
707 609 718 625 ,
737 585 878 619 secunda
890 584 1097 624 Arelatenfis,

216 643 316 679 atque
335 635 538 679 Epaonenfis
558 660 567 668 .
607 635 723 669 Primae
746 635 943 670 Arelatensis
964 636 1097 668 ostavus

217 684 342 719 Canon
354 686 487 731 ignorat
497 684 586 719 hunc
599 686 697 719 ritum
712 698 723 718 .·
749 686 851 733 Qrod
865 696 981 727 nempe
994 686 1098 718 totius

218 733 383 773 Romanas
393 737 583 773 Dioeceseos
592 735 663 769 illic
674 734 818 779 adessent
830 735 982 779 Episcopi
996 758 1006 774 ,
1017 745 1093 774 quo-

216 796 291 819 rum
304 785 481 829 pluresillo
493 797 562 819 non
575 784 769 820 utebantur.
795 784 947 832 Qando
961 784 995 817 in
1020 783 1092 817 Gal*

217 835 263 868 lia
274 836 408 881 coeperit
419 859 431 876 ,
456 837 610 880 ignorare
633 846 686 868 me
698 836 802 868 fateor
816 859 825 867 .

269 885 412 923 Causam
423 910 434 925 ,
461 897 503 919 ex
513 895 577 926 qua
594 885 786 928 Hispanicae
796 884 945 920 Ecclefiae
957 883 1099 918 Arianos

219 934 381 972 unxerint
390 959 402 976 ,
415 934 549 973 adducit
559 935 735 979 antiquum
748 936 1007 978 supplementum
1021 934 1098 967 Gre-

215 984 309 1029 gorii
329 983 535 1019 Turonensis
557 998 568 1018 .·
604 988 651 1017 Eo
671 997 750 1018 anno
773 985 961 1019 Richarea'us
983 1010 993 1025 ‚
1032 988 1098 1017 Rex

217 1032 406 1076 Gothorum,
431 1036 536 1069 divino
551 1035 732 1077 ampledens
755 1037 934 1079 Religionem
959 1033 1098 1073 Christia-

222 1096 296 1117 nam
317 1096 417 1119 amore
431 1110 442 1126 ,
462 1086 552 1128 prisc:
568 1083 711 1128 ficretisss
733 1085 929 1128 baptizatur:
959 1083 1023 1124 Post
1034 1083 1098 1119 haec

44 263 104 297 ιαμ
121 269 169 292 εει

43 696 82 748 c:
97 697 138 752 1'7.
152 722 199 748 26.

43 759 82 788 C·
106 762 150 788 16.

44 950 84 981 C·
93 953 119 981 8.

218 1145 321 1168 omnes
346 1134 456 1168 Gothos
468 1159 478 1175 ‚
505 1141 558 1177 qut
567 1144 631 1175 tum
645 1139 790 1173 Arianam
806 1134 919 1179 see‘lam
932 1135 1075 1168 tenebant
1088 1157 1097 1172 ‚

218 1185 350 1218 Toletum
363 1186 497 1225 adunari
504 1191 651 1230 praecepit
660 1210 670 1226 ‚
696 1187 730 1221 (Ὗ
743 1187 788 1218 ad
794 1187 886 1230 legem
897 1184 1097 1226 chrtstianam

217 1234 372 1276 baptizant·
384 1235 463 1277 fecit
494 1231 510 1268 .’
529 1233 634 1282 Quod
654 1236 759 1278 ipsum
779 1235 865 1278 apud
889 1235 1096 1268 Franciscum

216 1284 263 1319 du
290 1283 423 1325 Chesne
456 1284 632 1322 adfirmant
652 1285 709 1326 alii
733 1285 863 1329 antiqui
896 1285 1097 1327 Francorum

216 1334 397 1377 Scriptores
415 1360 423 1367 .
821 1336 823 1338 '

253 1383 393 1426 -Verum
406 1384 577 1427 quomodo
590 1383 735 1420 Arianos
749 1409 760 1426 ,
787 1385 914 1430 quosin
938 1384 1097 1428 Hispania

216 1493 266 1518 rat
303 1484 461 1526 Himerio
486 1485 726 1519 Tarraconensi
762 1485 929 1527 Episcopo
965 1484 1099 1517 Siricius

215 1533 396 1574 Pontifex,
425 1534 560 1574 Sanctus
570 1533 722 1573 Leander
738 1532 977 1576 rebaptizavit?
1003 1533 1094 1580 Qo·

215 1583 320 1618 modo
330 1583 366 1622 id
375 1582 530 1624 toleravit
565 1581 746 1627 Gregorius
757 1593 898 1626 magnus
910 1607 920 1622 ,
945 1583 1001 1624 qui
1026 1584 1101 1616 illos

215 1644 287 1667 non
299 1631 555 1676 rebaptizandos
565 1631 684 1666 diserte
696 1632 807 1666 scribit
819 1633 854 1665 in
869 1631 998 1666 laudata
1025 1632 1101 1674 Epi-

216 1682 353 1717 stolaad
365 1681 743 1725 Episcopos·Hiberiae?
769 1681 951 1722 Rationem
976 1680 1032 1715 dat
1055 1683 1101 1715 su-

216 1744 272 1777 pra
283 1731 454 1766 laudatum
467 1730 545 1764 fidei
556 1730 759 1770 Breviarium
771 1755 779 1763 .
808 1735 876 1764 Nos
899 1738 1100 1764 reverentiam

217 1782 362 1815 habemus
375 1782 532 1815 dominicis
545 1780 648 1814 verbis
658 1805 668 1821 ,
695 1782 730 1815 Θ
743 1785 869 1814 Arianos
881 1780 922 1822 fic
932 1790 1042 1814 certum
1064 1781 1101 1820 est

217 1833 379 1874 baptizare
402 1856 410 1864 .
438 1835 525 1864 Nam
539 1829 570 1872 fi
577 1829 618 1871 fic
634 1831 826 1878 baptizarent
847 1855 858 1872 ,
885 1833 1024 1873 quomodo
1044 1843 1101 1864 cre-

218 1884 297 1916 dunt
308 1905 319 1922 ,
343 1888 377 1921 in
387 1887 505 1915 nomine
518 1883 625 1914 Patris
638 1878 762 1921 majoris
774 1905 785 1921 ,
808 1882 842 1914 ὁ·
853 1887 885 1913 in
897 1888 1013 1919 nomine
1026 1885 1053 1913 F
1055 1882 1100 1914 ili}

219 1937 344 1965 minoris
355 1946 375 1971 ‚x
392 1933 428 1965 ὰ
438 1936 471 1963 in
480 1929 597 1964 nomine
607 1932 738 1973 Spiritus
744 1929 846 1974 sanffl
862 1932 954 1964 multi
966 1936 1100 1970 minoris,

219 1991 288 2014 tunc
307 1982 426 2015 demum
448 1992 504 2014 non
519 1980 694 2013 iterabimus
704 1990 727 2021 ,Α
751 1979 809 2023 sed
828 1981 967 2014 dabimus
982 1979 1102 2023 Raptis:

218 2043 301 2064 mum
309 2056 320 2071 ,
347 2037 421 2074 quia
432 2028 658 2074 nonfi’cundr'cm
669 2032 802 2075 regulam
814 2055 825 2070 ‚
850 2043 942 2072 quam
955 2020 1099 2071 Dominus

218 2081 356 2115 tradidit
369 2106 381 2122 ‚
395 2080 594 2124 baptizabunt
607 2105 614 2112 .
644 2080 852 2121 Gentextum
863 2079 952 2120 hunc
962 2080 1102 2124 Jacobus

214 2131 415 2176 ‘Sirmondus
427 2142 497 2165 non
509 2129 594 2166 nihil
606 2130 700 2170 aliter
711 2130 794 2178 legit
803 2156 814 2171 ,
841 2130 895 2166 sed
908 2142 1033 2165 certum
1042 2130 1101 2172 est,

216 2192 261 2215 ex
284 2181 471 2220 rationibus
498 2204 509 2221 ,
536 2179 602 2216 hoc
626 2180 730 2215 modo
752 2180 928 2224 legendum
952 2205 958 2212 .
997 2181 1101 2214 Porro

217 2230 364 2275 Hispani
392 2229 500 2272 Gothi
537 2229 741 2264 dominicam
778 2231 936 2272 Baptismi
956 2231 1100 2275 regulam

218 2280 363 2314 omuino
378 2289 564 2315 mutarant.
592 2280 660 2313 Eos
673 2280 825 2314 Domino
836 2280 989 2314 cecinisse
999 2305 1011 2320 ,
1031 2292 1098 2314 non

46 1748 76 1778 f.
97 1754 160 1783 132„

219 2331 324 2364 Gloria
337 2333 428 2364 Pam
453 2332 489 2364 ό·
511 2330 589 2363 Filio
614 2332 787 2371 &spiritui
805 2330 910 2373 sanc‘lo
923 2355 933 2371 ,
961 2330 1016 2367 sed
1038 2331 1102 2365 Glo-

217 2386 267 2413 ria
278 2383 369 2414 Pam
374 2389 433 2423 per
462 2381 576 2414 Filium
586 2385 620 2414 in
631 2379 857 2423 SpiritusanHo
870 2404 880 2420 ‚
900 2391 998 2424 atque
1018 2381 1102 2419 adeo

221 2432 257 2463 in
270 2431 385 2464 eadem
409 2430 506 2464 verba
527 2429 702 2472 baptizasse
715 2453 726 2468 ‚
752 2429 863 2463 scribit
885 2430 920 2463 in
939 2429 1100 2471 chronico

219 2481 281 2512 suo
303 2479 394 2512 testis
414 2478 585 2512 fidiffimus
608 2502 619 2519 ‚
647 2479 790 2522 Ioannes
812 2478 1024 2519 Biclarenfis.
1052 2480 1099 2520 At

220 2527 301 2561 vero
322 2528 481 2571 baptisma
505 2527 570 2561 hoc
582 2527 675 2562 fuisse
688 2530 810 2572 semper
831 2540 899 2562 non
912 2529 1040 2564 tantum
1055 2529 1101 2564 ab

221 2578 366 2612 Ecclesia
381 2602 392 2617 ,
419 2577 474 2612 sed
500 2577 561 2612 &a
574 2578 650 2612 Deo
664 2590 717 2621 per
726 2579 920 2620 miraculum
933 2579 1100 2621 loquente,

223 2627 418 2663 damnatum
444 2637 542 2671 atque
552 2628 772 2668 exufflatutn,
800 2628 910 2667 scribit
928 2629 967 2667 in
989 2630 1101 2670 Colle·

220 2678 343 2712 &aneis
365 2677 571 2717 Theodorus
593 2678 727 2718 Lector.
757 2679 833 2712 Hac
854 2679 921 2722 ipsa
948 2678 990 2713 de
1003 2681 1097 2720 causa

223 2727 395 2771 Reginam
406 2726 653 2768 Brunichildirn
663 2753 673 2769 ,
701 2727 828 2763 durnin
841 2728 965 2763 Gallias
986 2730 1077 2769 venit
1088 2754 1098 2770 ,

221 2776 456 2820 rebaptizatam
492 2777 642 2817 adfirmat
681 2777 864 2813 monachus
898 2777 1096 2820 Aimoinus:

222 2826 328 2874 Qod
341 2837 459 2871 nempe
469 2827 661 2866 Gothorum
682 2839 773 2862 more
797 2829 829 2861 in
843 2828 1015 2871 Hispaniis
1026 2830 1098 2864 fuis-

221 2878 267 2911 set
291 2877 391 2911 tinsta
403 2900 412 2910 .
438 2876 532 2911 Hinc
542 2880 622 2922 ergo
637 2877 771 2918 Gothos
790 2877 831 2912 ad
843 2878 1019 2917 Ecclesiam
1046 2890 1097 2912 ve·

221 2928 349 2960 nientes
371 2951 383 2969 ,
418 2926 532 2970 utpote
552 2927 662 2961 omnis
682 2927 864 2964 Christiani
895 2927 1095 2963 Sacramenti

221 2987 365 3016 vacuos,
389 2977 491 3011 etiarn
513 2978 611 3011 unxit
633 2978 767 3017 Santtus
780 2977 946 3013 Leander.

225 3054 227 3056 .
270 3027 353 3063 Haec
363 3036 475 3072 tamen
486 3027 755 3072 omniaintelligi
775 3027 896 3062 debent
919 3028 961 3063 dc
973 3027 1096 3063 haereti-

221 3076 315 3111 cisin
327 3075 432 3112 haeresi
444 3078 530 3111 natis
554 3078 587 3111 ἀ
608 3076 802 3120 baptizatis,
829 3088 1036 3123 nequaquam
1056 3079 1096 3113 de

220 3126 312 3170 lapsis
324 3127 357 3160 in
370 3127 461 3161 illam
471 3164 472 3167 Ἴ
482 3127 552 3175 post
566 3127 747 3172 susceptum
769 3127 803 3160 in
816 3127 960 3166 Ecclesia
973 3128 1095 3172 Baptis-

220 3187 311 3210 mum
324 3201 331 3208 .
358 3174 544 3219 Antiquam
568 3176 716 3214 Ecclefiae
735 3176 901 3221 Regulam
915 3178 1096 3216 Cresconio

220 3225 403 3264 Donatista:
414 3227 580 3272 eleganter
591 3226 871 3270 exponitSanstus
880 3226 1095 3272 Augustinus:

54 3295 115 3325 Lz·
128 3304 171 3328 e.1
178 3299 207 3325 6·
220 3275 299 3307 ctam
310 3283 439 3315 veniunt
453 3276 497 3311 ad
507 3289 558 3310 nos
570 3275 661 3316 vestri
672 3301 682 3316 ,
708 3282 856 3318 accipiunt
876 3278 957 3325 quod
971 3289 1027 3311 non
1046 3277 1097 3313 ba.-

220 3324 330 3357 kebam
354 3349 373 3365 ,Α
390 3325 593 3370 &salubriter
605 3325 712 3364 habere
724 3332 873 3370 incipiunt
886 3350 896 3366 ,
922 3329 1003 3375 quod
1009 3331 1095 3366 tant&

216 3373 426 3417 perniciosius,
452 3379 566 3420 quanto
578 3377 732 3420 indigniics
745 3375 916 3410 habebant.
947 3381 1097 3419 Accipiunt

221 3430 301 3457 enim
306 3426 451 3465 primitias
462 3425 559 3469 ipsam
573 3425 727 3464 Ecclesiam
738 3451 748 3465 ,
773 3427 807 3460 (9⁶
818 3432 850 3459 in
860 3438 896 3460 ea
907 3426 1097 3467 charitatem,

217 3482 322 3515 pacem
333 3499 344 3515 ,
370 3479 539 3517 unitatem,
560 3485 616 3519 per
620 3475 740 3517 fontem
750 3478 815 3518 ejus
824 3483 982 3518 proprium
1008 3487 1098 3519 atque

48 2732 204 2769 ,Id-‹³45-

1864 119 1884 161 3
1925 120 1956 161 >3

1161 180 1337 226 invtfibilem
1356 184 1503 224 spiritum
1517 180 1675 225 fandum.
1703 188 1843 220 Facilior}
1863 118 1963 223 arg-eno
1982 199 2038 228 veo,

1161 238 1213 266 nia
1231 255 1242 272 ,
1268 234 1348 275 quod
1357 235 1485 266 nondum
1495 232 1663 269 habuerunt
1675 257 1685 273 ‚
1711 242 1857 277 accipiunt
1867 261 1877 276 ,
1903 241 1994 280 quam
2006 233 2039 279 36

1159 281 1343 325 habuissent,
1369 281 1616 326 &defietuffenh
1643 287 1690 316 Et
1703 283 1754 316 boc
1763 284 1937 327 discernjmr
1949 288 2036 329 apud

1138 342 1140 344 ·
1161 344 1213 365 nos
1225 356 1236 372 ,
1261 341 1296 366 ut
1314 333 1404 373 allter
1414 339 1621 375 recipiantur,
1646 341 1697 376 qul
1717 334 1891 367 catholicam
1912 338 2036 378 relique-

1160 390 1254 425 runt;
1281 383 1391 423 aliter,
1417 389 1469 425 qui
1479 385 1524 417 ad
1532 386 1615 418 illam
1622 385 1765 425 primitias
1788 390 1934 418 veniunt.
1962 387 2033 418 Illos

1160 438 1239 471 enim
1248 433 1501 477 ampliissgrapat
1521 440 1632 467 crimen
1642 433 1833 478 desertionis3
1862 433 1914 467 bos
1936 445 2036 468 autem

1160 484 1247 518 noni
1254 480 1288 524 se
1299 483 1475 524 diruptum,
1496 483 1709 528 sedcogm'tum
1735 486 1770 528 φ
1796 493 1945 525 retentum
1965 489 2035 524 vin-

1159 531 1255 570 culum
1270 533 1388 571 relevat
1413 539 1560 575 unitam,
1593 535 1596 560 ἶ
1937 547 1943 551 ·

1211 581 1366 615 Elucidat
1379 582 1446 624 haec
1457 584 1671 624 lnnocentius
1682 584 1806 628 primus
1817 584 1974 624 Pontifex
1997 585 2035 620 in

1161 631 1275 666 litteris
1285 631 1324 666 ad
1339 632 1466 673 Rufum
1480 633 1681 677 Episcopum
1693 634 2034 675 Thellalonicensem;

1158 681 1278 722 Nostrae
1298 684 1348 716 lex
1370 681 1408 722 est
1419 682 1552 724 Ecclesr'ae
1565 708 1576 724 ,
1603 684 1794 718 venientibus
1809 683 1848 717 ab
1859 683 2006 725 haereticts
2020 710 2031 728 ,
2051 680 2186 719 Epist-2²·-

1162 738 1212 773 qui
1223 742 1323 768 tannen
1332 733 1394 765 illic
1403 733 1554 775 baptizat}
1561 732 1656 776 sitm,
1676 742 1736 776 per
1753 746 1861 767 manus
1882 734 2035 777 impofitio·
2051 730 2110 757 ‘²4’
2123 731 2147 757 5'

1160 793 1228 815 nem
1251 807 1261 822 ‚
1297 784 1403 819 laicam
1423 784 1545 823 tantiam
1563 784 1691 824 tribuere
1715 790 1945 817 communionem
1965 797 1974 826 ς
2001 794 2036 818 at·

1161 834 1232 865 vero
1242 832 1295 865 bos
1307 857 1318 872 ‚
1343 839 1396 875 qui
1416 835 1437 866 ἃ
1447 833 1603 871 Catholica
1623 835 1668 873 ad
1675 833 1806 876 haerefim
1832 832 2011 874 transterunt
2023 858 2036 874 ,

1160 893 1217 915 non
1229 883 1316 916 aliter
1328 891 1439 924 oportet
1452 908 1462 923 ,
1488 883 1603 926 nifiper
1609 890 1822 930 poenfftentt'am
1833 881 1964 928 fitfi‘iplf
1992 884 2039 917 Et

1161 932 1194 965 in
1218 932 1334 967 litteris
1357 934 1398 967 ad
1420 933 1615 975 Vistricium
1629 933 1956 979 Rothomagensem:
1985 937 2040 967 Ve-

1161 983 1276 1015 nientes
1297 985 1317 1015 ἃ
1343 988 1536 1017 Novatianis
1563 986 1616 1017 vel
1635 984 1833 1026 Montenfibus
1850 992 1908 1026 per
1928 995 2039 1016 manus

1161 1033 1280 1064 tannim
1290 1032 1495 1075 impofitionem
1501 1033 1723 1078 suscipiantur:
1750 1036 1836 1078 ,Quia
1845 1040 1987 1076 quumvis
1998 1033 2040 1066 ab

1161 1082 1309 1115 haereticis
1320 1108 1330 1123 ,
1357 1090 1503 1123 tamenin
1514 1083 1626 1125 Christi
1650 1091 1768 1118 nomine
1782 1084 1858 1128 sunt
1866 1084 2040 1126 baptizati.

1164 1134 1278 1172 ,ΡΜ-τεν
1289 1144 1357 1172 επ,
1375 1132 1406 1173 fi
1412 1139 1463 1175 qui
1468 1135 1552 1177 forte
1561 1136 1582 1165 ἃ
1593 1134 1687 1166 nobis.
1698 1136 1743 1174 ad
1760 1135 1826 1167 illos
1846 1131 2037 1176 transeuntes

1160 1182 1346 1225 rebaptizati
1359 1181 1435 1225 sunt
1457 1208 1464 1216 .
1504 1187 1545 1215 Hi
1560 1183 1590 1225 Ji
1604 1182 1798 1227 resipiscentes
1822 1209 1833 1225 ,
1866 1185 1900 1217 δ’
1919 1190 2042 1216 ruinam

1157 1230 1246 1275 suam
1257 1238 1418 1276 cogitantes
1435 1258 1446 1274 ‚
1471 1235 1569 1274 redire
1587 1235 1734 1267 voluerint
1745 1259 1755 1274 ,
1776 1233 1834 1277 sub
1851 1234 1939 1277 longa
1944 1238 2043 1275 poem'-

1164 1281 1485 1324 tentiaesatisfafflone
1496 1285 1679 1317 admittendi
1684 1282 1772 1326 fiant.
1802 1284 1855 1316 Ex
1877 1282 1981 1317 haerefi
1998 1282 2042 1317 ad

1163 1333 1341 1373 Ecclesiam
1355 1333 1423 1376 post
1439 1335 1654 1376 spontaneum
1666 1346 1706 1368 ex
1717 1335 1783 1376 ipsa
1795 1334 1923 1377 lapsum
1956 1333 2044 1367 rede-

1165 1392 1260 1416 untes
1285 1394 1452 1426 coguntur
1476 1383 1517 1416 ad
1546 1384 1677 1426 plenam
1703 1383 1870 1427 publicam
1882 1386 2045 1426 poeniten-

1163 1433 1244 1465 tiam
1257 1456 1267 1471 ,
1294 1433 1335 1466 ad
1347 1433 1487 1477 singulas
1497 1432 1567 1475 ejus
1588 1444 1728 1476 quatuor
1739 1433 1896 1467 stationes
1905 1445 1919 1473 ;
1945 1445 1987 1465 ex
2000 1429 2045 1465 ‘il-

1164 1482 1216 1520 la,
1244 1483 1278 1516 in
1292 1493 1354 1525 qua
1366 1483 1434 1516 nati
1450 1507 1460 1523 ‚
1485 1481 1528 1515 ad
1552 1481 1638 1516 hanc
1661 1483 1831 1517 venientes
1851 1482 2047 1515 excusantur

1143 1544 1145 1546 ’
1163 1532 1179 1564 a
1191 1531 1285 1565 Fletu
1300 1532 1333 1565 &
1347 1530 1530 1571 Audientia
1547 1555 1558 1571 ‚
1583 1542 1750 1575 coguntur
1762 1531 1802 1570 ad
1814 1531 1918 1565 solam
1929 1542 2046 1565 manus

1165 1581 1398 1624 poenitentialis
1421 1581 1663 1624 impositionem
1691 1606 1702 1622 ,
1729 1581 1764 1615 id
1786 1582 1854 1621 est,
1882 1581 1923 1619 ad
1945 1582 2049 1615 solam

1163 1631 1423 1670 Substrationem
1439 1656 1445 1662 .
1474 1630 1579 1677 Qod
1591 1631 1695 1674 ipsum
1706 1631 1818 1667 statuit
1832 1632 2048 1675 sexagesimus

1166 1681 1284 1714 Canon
1311 1680 1438 1723 Synodi
1465 1679 1687 1729 Agathenfis,
1712 1681 1826 1715 dicens
1847 1681 1993 1724 delapsis
2012 1682 2048 1715 in

1167 1730 1307 1765 haerefim
1330 1743 1339 1772 ς
1383 1733 1410 1770 L
1474 1743 1490 1762 s
1507 1732 1657 1773 grandem
1677 1732 1822 1771 redeundi
1844 1732 2050 1772 difficultatem

1161 1779 1268 1823 sanxit
1280 1785 1401 1822 antiqui
1416 1793 1471 1814 as.
1499 1780 1569 1814 Eos
1589 1781 1760 1823 compellit
1782 1781 1824 1814 ad
1835 1776 1951 1815 omnes
1973 1791 2051 1823 qua-

1165 1830 1450 1874 tuorpoenitentiae
1462 1830 1640 1870 stationes,
1666 1831 1821 1865 &additz
1849 1829 1987 1874 ,Quodfi
2002 1843 2050 1873 ar·

1166 1882 1228 1914 dua
1253 1882 1307 1914 vel
1326 1882 1403 1913 dura
1418 1879 1502 1922 forte>
1522 1887 1704 1927 putaverint
1718 1905 1728 1921 ,
1752 1880 1867 1923 statuta
1882 1887 2050 1922 praeterito-

1165 1943 1232 1964 run·
1259 1937 1438 1970 canonum,
1464 1930 1578 1971 utique
1603 1930 1704 1975 longe
1721 1925 1882 1970 duriora,
1911 1931 2050 1973 implere

1166 1979 1355 2014 debebunt.
1384 1979 1618 2024 Antiquissima
1641 1981 1686 2014 est
1713 1981 1813 2015 etiam
1835 1981 1869 2014 in
1883 1981 1965 2014 alios
1976 1992 2049 2015 reos

1169 2029 1236 2064 haec
1246 2030 1416 2064 distinffio
1441 2030 1598 2074 &regula
1612 2054 1619 2061 .
1646 2030 1737 2064 Nam
1749 2031 1910 2075 quosdam
1933 2031 1973 2065 ad
1985 2031 2049 2074 ple-

1168 2092 1244 2114 nam
1263 2105 1274 2121 ,
1314 2079 1472 2123 quosdam
1496 2079 1538 2113 ad
1565 2091 1633 2114 non
1661 2081 1791 2124 plenam
1817 2082 2049 2124 poenitentiam

1165 2129 1334 2176 cogendos
1355 2129 1464 2163 scribit
1488 2129 1652 2164 inlitteris
1672 2130 1711 2163 ad
1725 2130 1951 2174 Pomponium
1973 2131 2050 2174 Epi-

1165 2183 1301 2224 scopum
1314 2180 1446 2213 Sanstus
1465 2179 1670 2223 Cyprianus.

1213 2231 1383 2277 roirca
1405 2228 1472 2263 haec
1497 2229 1612 2263 manus
1634 2231 1801 2273 impositio
1822 2231 1887 2264 fuit
1907 2230 2049 2265 omnino
2065 2242 2155 2273 Lac,
2172 2252 2199 2276 7-

1165 2280 1419 2324 poenitentialiS,
1445 2280 1695 2324 graviffimeque
1711 2280 1875 2315 exorbitat
1894 2281 1929 2314 in
1950 2293 2049 2325 opere

1165 2331 1206 2365 de
1232 2330 1425 2374 poenitentia
1453 2329 1595 2372 Joannes
1620 2329 1776 2372 Morinus
1807 2355 1818 2371 ,
1855 2331 2048 2366 existimans

1166 2381 1258 2416 fuisse
1302 2391 1437 2414 manum
1475 2380 1715 2422 sacramentalis
1751 2381 2046 2425 Confirmationis.

1168 2431 1246 2469 Erat
1264 2430 1355 2464 enim
1368 2440 1486 2463 manus
1498 2429 1552 2463 illa
1563 2455 1573 2471 ,
1600 2429 1642 2463 de
1654 2441 1716 2471 qua
1727 2431 1879 2474 adversus
1890 2433 2046 2475 Sanssum

1167 2481 1373 2524 Cyprianum
1400 2479 1554 2513 statuerat
1575 2481 1711 2514 Sanstus
1729 2480 1913 2524 Stephanus
1932 2481 2047 2517 Ponti-

1167 2532 1245 2567 fex,-
1272 2533 1304 2563 51·
1314 2535 1382 2572 quis
1400 2531 1420 2562 ἂ
1433 2541 1618 2572 quacumque
1643 2529 1750 2571 haerefi
1760 2537 1883 2573 'venerit
1902 2533 1947 2564 ad
1967 2544 2020 2566 nos
2033 2557 2044 2574 ,

1165 2580 1243 2614 nibil
1261 2586 1422 2613 innovetur
1434 2604 1445 2620 ,
1469 2578 1527 2620 πῇ
1535 2581 1615 2621 quod
1623 2582 1773 2613 traditum
1794 2580 1832 2621 est
1846 2605 1855 2621 ‚
1883 2591 1916 2614 ut
1934 2594 2045 2615 manus

1163 2632 1207 2664 illi
1230 2635 1401 2672 imponatur
1423 2634 1698 2671 inpoenitentium.
1728 2630 1806 2666 Erat
1828 2642 1946 2666 manus
1965 2632 2040 2672 illa,

1163 2691 1227 2724 qua
1237 2679 1453 2721 Innocentius
1470 2678 1597 2723 'primus
1607 2679 1672 2722 jam
1695 2679 1781 2713 dixit
1804 2679 1873 2713 dari
1894 2693 2043 2715 commu·

1162 2730 1299 2771 nionem
1318 2729 1435 2768 laicam
1449 2752 1462 2768 ‚
1487 2740 1526 2763 ac
1537 2730 1600 2763 effe
1621 2729 1724 2772 plenae
1746 2730 1945 2772 poenitentiae
1966 2732 2043 2765 ima-

1160 2781 1273 2825 ginem
1286 2779 1320 2822 §c
1333 2788 1477 2822 partem,
1506 2778 1560 2820 De
1578 2790 1643 2822 qua
1666 2778 1874 2823 Augustinus
1892 2781 1927 2813 in
1949 2780 2042 2815 libris

1160 2831 1200 2864 de
1225 2830 1395 2873 Baptismo
1413 2838 1528 2866 contra
1537 2829 1748 2882 ,Ponatistas
1771 2842 1778 2861 :
1806 2833 1919 2862 Manus
1940 2841 2042 2872 autem

1159 2879 1298 2922 impqfitlo
1317 2877 1348 2920 fi
1369 2890 1427 2912 non
1463 2872 1656 2921 adhiberetur
1681 2878 1720 2913 ab
1745 2878 1851 2920 baerefi
1881 2886 2040 2922 venienti,

1158 2939 1304 2972 tanquam
1326 2938 1416 2965 extra
1437 2929 1687 2969 omnem'culpam
1709 2929 1761 2971 effe
1785 2930 1941 2963 videretur
1963 2955 1970 2962 .
1996 2931 2040 2965 Et

1159 2980 1238 3013 alibi
1251 2979 1286 3013 in
1302 2978 1420 3013 eodem
1429 2989 1526 3021 opere
1540 2991 1551 3018 ‚-
1578 2981 1689 3015 Manus
1712 2987 1813 3012 autem
1830 2979 1969 3022 impositio
1981 2993 2038 3014 non

1152 3028 1226 3070 sicut
1254 3027 1435 3071 Baptismus
1459 3033 1553 3069 repeti
1573 3039 1631 3060 non
1649 3027 1760 3068 potest.
1788 3031 1879 3072 ,Quid
1899 3036 1979 3070 enim
2001 3031 2039 3071 est
2058 3048 2190 3082 [40¹5-

1157 3080 1263 3125 aliua!²
1290 3078 1445 3122 m'fioratio
1458 3075 1550 3120 super
1567 3076 1715 3118 hominem
1730 3078 1746 3110 ,ἒ
1776 3078 1908 3124 Utique
1929 3083 2036 3124 oratio

1158 3128 1315 3166 Substrati
1341 3127 1528 3172 paenitentis
1554 3128 1768 3171 expurgativa
1796 3152 1806 3168 ,
1843 3130 2037 3171 freq-uenter-

1159 3190 1220 3223 que
1243 3178 1378 3218 iterata,
1403 3176 1492 3219 quod
1515 3177 1615 3221 longe
1637 3188 1801 3211 remotum
1826 3181 1870 3213 est
1894 3181 1911 3213 a
1935 3191 2035 3214 manu

1160 3227 1421 3270 confirmationis
1433 3251 1440 3258 .
1468 3226 1546 3260 Erat
1559 3238 1676 3269 manus
1688 3229 1768 3265 sicca
1778 3228 1842 3262 sine
1852 3228 2032 3264 chrismate.

2059 2853 2118 2882 L.6.
2136 2862 2212 2890 (Ἅι-ς.

1211 3277 1352 3320 Ioannes
1377 3276 1534 3311 Morinus
1570 3276 1690 3320 objicit
1715 3277 1882 3320 decretum
1909 3278 2031 3324 Vigilii

1162 3325 1333 3369 pontificis
1344 3326 1383 3360 ad
1399 3324 1599 3365 AEthereum
1619 3328 1816 3370 Episcopum
1840 3328 1882 3362 de
1894 3329 1986 3372 lapsis
1998 3330 2030 3362 in

1162 3377 1300 3417 haerefim
1323 3376 1363 3411 ad
1378 3376 1553 3416 Ecclesiam
1575 3376 1803 3411 redeuntibus:
1832 3380 1967 3421 ,Quorum
1988 3391 2032 3411 re·
2049 3389 2083 3418 c,
2097 3399 2122 3419 χ,

1160 3429 1320 3462 conciliatio
1333 3438 1391 3459 non
1406 3434 1463 3467 per
1483 3427 1565 3461 illam
1576 3438 1684 3460 manus
1707 3426 1912 3472 impositionem
1926 3452 1936 3467 ,
1963 3440 2030 3469 quae

1158 3487 1212 3520 per
1223 3482 1438 3521 invocationem
1452 3474 1553 3519 san&
1567 3477 1765 3519 spiritusfis‚
1791 3485 1953 3518 operatur3
1973 3475 2032 3519 sed

1922 3533 1979 3568 per
