2346 3776
605 115 1059 170 DisSi-:RTATm
1107 114 1537 170 Pssoemimm
1920 135 1972 185 67

162 194 215 230 nis
226 196 351 232 satelles
362 222 372 239 ,
384 195 551 241 Augustus
560 194 775 230 Constantius
785 195 881 239 ejecit
890 194 1028 230 Patriar-

160 244 258 281 cham
277 247 452 281 Meletium
464 269 474 285 ‚
500 246 550 279 uti
571 245 802 280 Sabellianum.
842 245 1027 284 Audiamus

24 306 86 341 fib,
98 318 124 337 2,
159 307 228 330 rem
239 295 281 330 ab
288 294 504 330 Ecclesiastica
515 293 725 331 Theodoreti
738 294 872 330 historia
884 308 891 327 ε
915 294 1031 331 Ariani

22 355 87 386 cap.
96 357 111 386 3
119 358 143 378 1.
155 343 286 388 ficadent
294 343 461 385 Constantio
470 355 504 377 ut
526 347 679 379 Meletium
703 349 820 379 Pati-iis
827 345 951 390 sedibus
975 359 1026 380 ex-

153 397 287 437 pelleret.
314 394 571 437 ,Quodperficiunt
582 421 592 436 ‚
612 406 703 439 atque
712 398 757 429 ad
763 398 830 437 qius
840 398 933 430 locum
943 405 1026 438 cape-

152 443 294 489 scendum
305 444 439 489 deligunt
446 448 476 477 E
478 447 596 486 uzojum
607 472 617 487 ,
628 452 775 490 egregium
787 449 910 479 Arianae
920 447 1027 479 doc‘lri-

155 505 206 530 nae
215 496 389 527 Patronum.
403 498 490 528 Nam
500 495 584 536 istum
595 495 691 540 ipfiim
702 507 828 540 magnus
838 497 887 530 ille
899 497 1029 530 Alexan-

155 544 210 577 der
222 567 233 583 ‚
259 542 423 587 Episcopus
436 546 630 580 Alexandria-
648 571 660 588 ,
685 548 746 579 una
756 557 822 579 cum
834 550 903 580 Ario
915 571 925 587 ,
953 551 1028 580 Dia-

154 601 262 628 conum
272 593 438 627 abdicarat.
467 597 573 638 Populi
589 606 689 630 autem
706 603 785 638 pars
797 620 808 636 ,
835 609 902 639 quae
918 596 1028 640 sanam

155 643 387 685 amplexabatur
398 645 564 679 doHrinam
576 671 587 688 ‚
612 648 658 680 ad
667 645 826 687 Ecclefiam
836 647 1029 689 Apostolorum

154 698 189 726 in
213 694 320 727 Palaea
330 693 422 735 fitam
434 695 582 739 frequens
603 696 727 736 confluit.
762 696 896 731 Sanctus
917 706 1029 731 tamen

156 743 389 787 Hieronymus
409 746 502 789 supra
522 746 610 780 dixit
631 745 792 788 Euzojum
804 758 875 781 non
886 747 1028 781 Meletio

156 793 334 828 succeffiffis
345 818 356 833 ‚
383 794 437 831 sed
459 796 633 830 Eudoxio:
659 795 760 843 Qod
785 805 865 831 tunc
885 796 1031 831 Arianus

156 842 286 878 Ariane
297 842 452 878 Eudoxio
464 846 653 880 successerit.
665 846 824 881 Meletius
834 846 939 887 enim,
952 847 1029 880 licet

154 894 191 928 ἀ
211 893 278 936 ipse
296 892 411 927 eadem
434 894 521 937 lepra
543 895 698 930 laborarit
720 921 732 937 ,
759 897 899 931 mutavit
919 907 1028 931 tamen

155 952 303 978 mentem
316 967 327 983 ,
338 944 439 977 fastus
450 944 618 990 insigniter
628 944 853 981 orthodoxus.
872 947 1006 981 Deinde
1020 971 1031 987 ‚

154 992 227 1037 post
241 992 430 1029 Constantii
443 1005 585 1030 mortem
605 995 763 1032 Meletius
774 1022 785 1037 ‚
810 996 830 1031 a
853 997 1030 1032 successore

156 1042 288 1087 Juliano
298 1054 466 1080 revocatus
477 1069 488 1085 ,
514 1044 735 1080 Antiochiam
761 1046 858 1081 rediit
870 1072 880 1087 ‚
907 1048 1029 1081 &cum

154 1094 291 1137 Euxojo
301 1094 481 1139 Episcopus
492 1107 546 1130 ma
552 1096 623 1131 ufir,
651 1095 865 1132 Antiochena
878 1096 1028 1136 Ecclesia,

155 1144 232 1179 licet
241 1144 346 1178 divisa
357 1154 438 1179 tunc
450 1143 536 1180 inter
546 1145 769 1186 Eustatianos,
781 1146 981 1181 Meletianos
992 1157 1029 1180 ac

156 1193 313 1234 Arianos,
322 1195 459 1229 unicum
470 1205 582 1229 tamen
592 1196 718 1239 semper
728 1194 887 1230 habuerat
899 1197 1030 1240 Episco-

155 1255 234 1288 pum
247 1257 254 1276 :
282 1244 425 1287 Euzojus
436 1244 483 1278 ibi
494 1246 527 1278 se
535 1245 645 1287 posuit
668 1244 856 1278 secundum.
885 1245 929 1279 Et
949 1255 1030 1280 tunc

155 1295 333 1340 Meletiani
342 1303 503 1336 expetunt
512 1291 579 1327 dici
590 1292 797 1335 campenses:
809 1294 899 1337 quod
912 1305 1030 1339 nempe

152 1344 281 1378 nullam
294 1342 336 1377 ab
349 1341 475 1384 Euzojo
495 1343 758 1386 permitterentur
778 1341 899 1378 habere
921 1344 1031 1380 Basili-

151 1404 226 1428 eam
236 1417 247 1434 ,
256 1401 354 1436 atque
364 1392 410 1427 ita
418 1392 452 1425 in
464 1391 637 1435 Campensi
650 1393 834 1429 sanctorum
848 1392 1029 1437 Apostolo-

150 1454 228 1478 rum
238 1442 373 1476 Basilica
383 1452 580 1486 cogerentur
590 1443 776 1477 convenire,
788 1444 922 1477 Lucifer
932 1445 1029 1479 Cala-

151 1493 279 1528 ritanus
290 1492 469 1535 Episcopus
481 1516 492 1532 ,
517 1492 597 1528 dum
616 1491 846 1527 Eustatianum
862 1493 1028 1528 ordinavit

152 1543 292 1577 tertium
302 1542 505 1585 Episcopum
517 1541 660 1576 Paulum
671 1566 682 1583 ,
702 1541 914 1579 lamentabile
924 1555 961 1577 ac
972 1545 1028 1580 tri-

152 1592 230 1637 plex
239 1591 331 1626 istius
353 1591 502 1629 Ecclesiae
525 1590 670 1628 Schisma
690 1593 879 1636 complevit.
907 1594 1026 1637 Euzoji

151 1643 321 1688 promotio
332 1642 415 1676 satia
425 1641 471 1675 est
478 1641 622 1676 Domini
633 1642 705 1686 post
714 1643 973 1680 trecentesimum
982 1645 1025 1679 se-

150 1692 318 1738 xagesimo
325 1702 382 1726 aut
394 1692 589 1736 sexagesimo
598 1693 706 1736 primo
717 1718 728 1734 ‚
739 1694 898 1738 vigesimo
909 1704 1026 1737 quarto

151 1751 209 1775 aut
219 1742 377 1786 vigesimo
389 1742 506 1786 quinto
517 1740 662 1787 Augusti
675 1743 866 1778 Constantii
877 1745 1025 1780 anno.Et

150 1791 261 1835 ipsum
270 1791 356 1825 tanti
368 1793 446 1825 fecit
457 1791 672 1833 Constantius
683 1817 694 1833 ‚
719 1803 756 1829 ut
764 1793 913 1828 adversus
924 1794 1025 1830 rebel-

149 1841 220 1877 lem
227 1841 386 1875 Caesarem
396 1840 563 1884 Iulianum
572 1840 718 1877 abiturus
730 1866 741 1882 ‚
758 1842 901 1887 ideoque
910 1845 1026 1880 mortis

150 1890 335 1935 periculum
342 1890 506 1925 subiturus
522 1915 533 1931 ,
558 1891 698 1936 voluerit
719 1891 760 1926 ab
778 1893 850 1936 ipso
862 1893 1024 1937 baptizari.

150 1941 321 1976 Defuncto
333 1940 362 1975 S.
374 1938 556 1974 Athanasio
567 1941 712 1975 succeffit
722 1940 839 1976 Petrus
857 1944 1024 1980 secundus.

151 1990 281 2026 Verum
295 2002 363 2024 non
376 1990 443 2024 fine
451 1989 556 2024 obice.
583 1990 719 2026 Etenim
730 1989 848 2027 Ariani
860 1993 1003 2027 Lucium
1014 2018 1025 2034 ,

150 2051 252 2084 quem
265 2040 323 2074 sub
334 2037 454 2083 Juliani
471 2039 612 2083 Imperio
623 2041 658 2075 in
669 2040 965 2086 Pseudo-Episcopi
977 2044 1025 2077 sui

150 2090 309 2135 Gregorii
320 2090 437 2124 locum=
448 2089 615 2135 elegerant
626 2114 638 2131 ‚
662 2103 700 2126 ac
712 2091 879 2128 intrudere
891 2104 959 2126 non
971 2105 1026 2136 po-

149 2149 271 2180 terant,
280 2140 347 2183 jam
358 2141 416 2175 suo
427 2141 628 2183 Imperatore
643 2140 786 2176 Valente
797 2143 870 2176 freti
883 2143 1025 2178 omnino

149 2189 361 2226 intruserunt.
390 2190 576 2237 Quomodo
598 2190 745 2235 AEgypti
768 2191 937 2229 Praefeuus
949 2217 960 2232 ,
987 2205 1024 2227 ac

148 2237 256 2274 homo
276 2241 409 2284 gentilis
435 2240 600 2277 Palladius
620 2240 753 2275 Petrum
777 2241 906 2284 ejecerit
928 2243 1024 2277 refert

11 2303 72 2337 fib,
94 2315 122 2340 4,
148 2288 389 2326 Theodoretus
400 2315 409 2331 ‚
436 2291 469 2324 &
480 2290 629 2335 adjungit
642 2304 648 2324 :
667 2294 778 2325 Paucis
789 2293 952 2333 intermiffis
965 2293 1026 2326 die-

13 2352 136 2383 cap219„
145 2339 208 2373 hus
220 2363 232 2380 ,
257 2342 393 2381 Euzojus
408 2340 561 2375 Antiochia
572 2344 695 2377 Luctum
703 2340 803 2384 secum
812 2344 923 2376 ducens
937 2367 948 2383 ,
962 2345 1025 2376 Ale-

148 2390 317 2424 xandriam
329 2392 481 2425 adventat
491 2415 502 2431 ,
527 2397 611 2434 eique
622 2393 719 2425 tradit
740 2392 892 2434 Ecclefias.
919 2393 1024 2430 Addit

11 2457 74 2491 nb,
104 2464 131 2489 6.
147 2439 307 2473 Hermias
325 2440 532 2475 Zozomenus
551 2455 562 2475 ι
589 2444 686 2477 Brevi
706 2450 834 2484 tempore
848 2442 912 2484 post
926 2446 1023 2477 Euzo-

9 2507 130 2539 caP19⁴
138 2490 201 2531 jus
211 2512 224 2528 ‚
245 2487 337 2532 [οὕς
349 2493 471 2527 Arianae
480 2492 566 2533 apud
575 2491 760 2525 Antiochiam
771 2491 899 2532 Antistes
909 2516 919 2532 ‚
934 2493 1023 2535 profi-

147 2537 271 2581 cisi-itur
284 2540 500 2572 Alexandriam
511 2565 522 2581 ‚
540 2542 574 2577 Gr
584 2553 651 2576 cum
660 2553 691 2577 co
701 2548 792 2574 etiam
802 2554 927 2585 magnus
941 2545 1022 2586 ρας·

141 2587 206 2630 stor
216 2587 255 2621 ab
265 2592 448 2631 Imperatore
458 2590 556 2633 miffus
569 2602 579 2632 3
605 2597 657 2633 qui
678 2592 735 2626 duo
755 2594 880 2625 Petrum
896 2601 1022 2634 compre-

147 2635 273 2680 hensum
290 2644 323 2673 in
344 2650 488 2674 carcerem
503 2642 685 2674 concludunt.
713 2641 920 2677 Barbaricam
932 2643 1021 2676 istius

147 2687 248 2723 Lucii
259 2688 294 2725 in
306 2688 552 2726 Alexandrinos
562 2690 779 2727 orthodoxos
788 2693 1019 2737 grassationem

147 2747 323 2781 exponunt
341 2737 446 2774 dietus
465 2738 700 2776 Theodoretus
712 2765 722 2781 ‚
749 2742 834 2785 apud
845 2743 952 2786 ipsum
965 2754 1020 2778 ex-

146 2786 235 2821 stans
246 2786 335 2821 Petri
346 2788 498 2833 Episcopi
511 2788 729 2827 Alexandrini
741 2792 886 2836 Epistola
899 2817 908 2833 ‚
932 2791 1018 2827 Pres-

146 2836 246 2881 byter
256 2837 410 2875 Ruffinus
421 2838 456 2875 in
467 2842 580 2875 octava
589 2840 717 2876 decima
725 2842 915 2876 Collatione
926 2844 1021 2886 Joan-

147 2888 201 2921 nis
213 2887 358 2924 Cassiani
371 2912 381 2928 ‚
393 2888 427 2921 in
438 2888 582 2925 Maximi
594 2891 715 2934 Cynici
730 2893 896 2926 Encomio
907 2893 1019 2927 S.Gre-

13 2932 73 2968 ub-
94 2945 120 2969 4-
147 2937 262 2984 gorius
282 2938 509 2974 Nazianzenus
517 2964 526 2978 ,
552 2952 589 2974 ac
610 2942 712 2975 etiam
731 2943 878 2979 Socrates
890 2967 900 2983 ,
927 2943 1019 2986 cujus

12 2979 123 3013 ²³Pd⁶
148 2987 247 3023 verba
265 2986 389 3022 habent
409 2988 533 3031 aliquid
553 2990 713 3035 fingulare
734 3004 742 3024 :
771 2995 876 3026 Ariani
897 3006 1018 3037 magnos

148 3043 263 3071 animos
271 3035 389 3080 sumere
409 3047 563 3080 caeperunt
574 3063 586 3079 ,
610 3042 647 3073 de
666 3045 859 3082 Imperatoris
880 3044 1017 3086 religione

143 3088 268 3132 gloriari
280 3111 291 3127 ‚
318 3089 352 3122 (a
362 3086 471 3131 absque
481 3100 564 3121 mora
572 3088 722 3132 Athanasii
742 3101 866 3127 mortem
887 3097 1017 3138 Impera*

148 3143 206 3170 tori
216 3162 227 3179 ,
254 3144 381 3180 quitum
393 3138 554 3173 Antiochia
574 3140 801 3175 commorabatur
814 3166 824 3181 ‚
842 3141 1016 3185 fignificare.

147 3190 224 3224 ltem
235 3189 371 3228 Euzoius
383 3212 397 3228 2
421 3195 472 3230 qui
482 3192 605 3222 Arianae
616 3189 709 3222 Seeiae
729 3193 813 3232 apud
832 3192 1016 3226 Antiochiam

142 3235 209 3276 fuit
218 3236 384 3280 Epifiopus
395 3262 406 3279 ‚
432 3248 496 3271 tum
507 3245 599 3272 etiam
606 3238 772 3280 occafionem
790 3249 930 3283 temporis
953 3252 1015 3275 tam

148 3289 294 3325 cmmode
304 3288 437 3321 oblatam
447 3294 598 3329 arripiens
609 3313 620 3328 ‚
630 3295 687 3322 iter
698 3291 914 3324 Alexandriam
922 3300 1013 3333 para-

148 3346 183 3368 re
194 3359 204 3375 ‚
230 3346 262 3375 ut
271 3337 424 3377 rec‘lioncm
435 3338 477 3371 ibi
486 3342 516 3372 E
518 3337 678 3380 cclefiarum
687 3343 777 3372 Lucio
787 3344 894 3373 Ariana
914 3347 1018 3383 imper-

149 3390 230 3422 ⁴l'irt't.
256 3388 338 3420 Idem
350 3400 462 3431 quoque
472 3393 648 3430 Imperatori
661 3387 758 3433 visum
769 3389 815 3430 est.
839 3393 944 3434 ‚Quare
956 3393 1016 3424 Ale-

148 3436 313 3469 xandriam
321 3449 385 3471 cum
398 3442 592 3480 Imperatoria
596 3439 739 3480 potestate
760 3442 851 3482 quiim
868 3443 1016 3475 celerrime

143 3483 286 3527 proficifii
297 3495 437 3518 maturat.
466 3490 551 3530 ,Quin
562 3494 654 3522 etiam
664 3502 790 3535 magnus
813 3490 947 3538 ,Quaestot
960 3496 1017 3525 Im-

247 3534 361 3583 Diffi‘rt.
375 3537 496 3570 Prooem.
508 3540 584 3572 Tom.
597 3542 622 3571 1.

1094 204 1247 240 peratoris
1258 222 1270 238 ,
1278 198 1361 230 illum
1371 198 1402 229 ea
1412 202 1576 229 comitatur.
1598 195 1773 230 Addebatur
1782 200 1874 234 etiam
1882 212 1968 235 man⁴

1100 249 1207 281 datum
1217 272 1228 289 ‚
1244 245 1443 291 perscriptum
1452 247 1497 279 ad
1504 246 1680 280 Palladium
1690 247 1882 283 Alexandria·
1896 253 1968 293 Prg.

1092 297 1210 340 feHum
1220 323 1232 339 ‚
1256 307 1291 331 ut
1301 296 1484 330 militaribus
1494 302 1586 338 copiis
1597 297 1708 337 Euzoji
1731 296 1865 337 Instituta
1876 299 1968 341 inser-

1097 353 1223 383 viretur.
1252 350 1398 391 ‚Quocirca
1407 347 1442 380 (ς
1454 348 1578 380 Petrum
1587 344 1823 389 comprehensum
1842 352 1875 379 in
1885 348 1969 387 custo-

1097 399 1180 430 diam
1191 399 1321 431 tradunt
1330 421 1343 438 ,
1368 398 1403 431 o·
1424 397 1492 429 aliis
1504 398 1628 430 Clericis
1638 397 1697 430 alio
1709 397 1744 431 ὁ·
1754 397 1814 430 alio
1823 397 1970 432 amanda-

1095 453 1137 480 tis
1149 472 1160 487 ‚
1187 451 1314 481 Lucium
1330 453 1363 482 in
1385 444 1557 489 Episcopatu·
1562 445 1634 490 fide
1644 447 1792 480 collocant.
1818 446 1969 483 Occasiov

1093 508 1169 532 nem
1178 522 1190 539 ,
1216 508 1280 542 qua
1299 498 1331 530 se
1351 496 1394 531 de
1415 496 1540 530 infliEia
1557 496 1616 534 fibi
1635 496 1720 540 apud
1733 494 1970 532 Alexandriam

1094 546 1307 582 damnatione
1318 545 1500 580 vindicaret
1510 571 1521 586 ,
1547 545 1606 580 diu
1617 547 1777 590 quaesierat
1795 547 1969 582 sceleratus

1093 597 1234 641 Euzojus
1247 610 1255 630 z
1283 598 1328 631 Et
1338 595 1423 631 hanc
1444 596 1540 630 duxit
1562 607 1631 630 non
1653 595 1968 639 praetermittendam.

1091 647 1129 681 In
1141 647 1302 690 ejusmodi
1311 645 1514 682 facinoribus
1526 646 1624 679 traxit
1634 646 1737 681 vitam
1754 647 1856 690 usque
1874 646 1971 690 quin-

1091 708 1163 732 tum
1183 698 1334 733 Valentis
1356 697 1391 732 ὅτ.
1413 698 1556 740 primum
1579 695 1712 729 secundi
1733 695 1967 730 Valentiniani

1090 747 1309 783 Consulatum
1320 772 1331 788 ,
1356 746 1391 781 id
1403 747 1447 781 est
1463 771 1474 787 ,
1499 747 1599 789 usque
1619 745 1660 780 ad
1681 744 1805 780 Christi
1824 746 1969 780 Domini

1090 808 1215 831 annum
1237 797 1495 832 trecentesimum
1527 796 1797 840 septuagesimum
1831 796 1968 833 sextum.

1091 847 1275 882 Defuncius
1285 846 1331 881 est
1343 848 1379 882 in
1393 844 1610 881 Antiocheno
1625 846 1827 890 Episcopatu
1839 870 1850 886 ‚
1861 857 1897 881 ac
1910 845 1967 888 ipsi

1090 896 1233 932 succeffit
1245 895 1447 931 Dorotheus.
1460 897 1510 930 Ita
1521 895 1630 932 scribit
1644 896 1803 930 Socrates.
1819 895 1966 938 Euzojus
1988 898 2048 930 Lib.
2075 905 2107 937 4:

1089 958 1169 992 ergo
1180 946 1227 981 est
1238 955 1387 980 mortuus
1397 945 1578 981 admodum
1593 947 1699 980 senex.
1710 946 1799 980 Nam
1811 945 1967 980 duodeci·
1986 948 2049 979 C2P·
2059 945 2106 971 ²8·

1090 1008 1147 1031 mo
1157 995 1249 1031 istius
1261 996 1366 1033 saeculi
1386 1007 1476 1030 anno
1500 997 1606 1030 fuerat
1628 995 1836 1030 Alexandriae
1846 994 1968 1030 Diaco⁴

1092 1046 1321 1089 nus,Princeps
1332 1045 1448 1079 Ariani
1460 1044 1634 1089 dogmatis.
1643 1047 1731 1082 Eum
1743 1046 1776 1079 in
1788 1043 1969 1082 Antioche*

1092 1107 1137 1130 no
1147 1095 1374 1132 Patriarchatu
1385 1093 1579 1135 fuiffe‚haud
1587 1094 1686 1131 dubie
1696 1107 1737 1128 ex
1750 1094 1895 1139 Augusti
1902 1095 1969 1130 Va‹
1987 1098 2036 1133 Ep.
2059 1100 2104 1132 67.

1091 1146 1189 1179 lentis
1196 1147 1320 1185 favore,
1333 1154 1503 1189 potentem
1514 1156 1552 1178 ac
1562 1143 1740 1178 terribilem
1748 1144 1850 1178 disces
1861 1155 1902 1178 ex
1913 1144 1970 1177 Li-.
2004 1135 2105 1171 Haeres»

1091 1196 1168 1230 teris
1179 1194 1431 1240 MagniBasxlii.
1445 1194 1560 1230 Etiam
1571 1205 1612 1228 ex
1623 1193 1765 1229 Panario
1776 1192 1967 1238 Epiphanii.
1985 1185 2099 1251 {24²3

1140 1245 1243 1279 Porro
1255 1257 1296 1280 an
1309 1245 1367 1279 iste
1377 1242 1708 1281 Pseudo->patriarcha
1730 1244 1853 1279 Lucius
1864 1244 1900 1279 sit
1912 1255 1968 1288 per
2024 1237 2032 1245 ⁶

1092 1296 1123 1330 S.
1134 1294 1356 1331 patriarcham
1368 1293 1596 1330 Alexandrum
1608 1294 1782 1329 damnatus
1792 1294 1876 1334 olim
1887 1295 1968 1330 Dia-

1092 1357 1209 1385 conus,
1222 1358 1292 1380 non
1305 1346 1432 1388 possum
1442 1342 1531 1379 certo
1541 1344 1705 1381 affirmare.
1718 1345 1767 1378 Ita
1777 1345 1913 1380 innuere
1923 1344 1969 1378 vi-
1997 1371 2063 1401 Haer
2080 1368 2098 1400 s

1092 1395 1186 1430 detur
1198 1394 1448 1439 S.Epiphanius,
1463 1394 1638 1430 adfirmans
1648 1395 1755 1438 ipsum
1763 1395 1858 1429 fuisse
1870 1406 1910 1429 ex
1921 1396 1969 1429 fa·
1985 1413 2031 1440 68.
2041 1379 2107 1442 ἐμὲ

1092 1446 1201 1480 &ione
1214 1444 1349 1480 Ariana.
1360 1445 1404 1479 Et
1416 1445 1450 1477 in
1462 1445 1607 1478 Maximi
1619 1444 1742 1486 Cynici
1755 1444 1922 1479 Encomio
1933 1444 1965 1478 S.

1093 1495 1273 1540 Gregorius
1284 1495 1511 1528 Nazianzenus
1522 1494 1628 1536 ipsum
1638 1493 1779 1538 appellat
1787 1493 1967 1528 secundum

1093 1545 1223 1579 Arium.
1244 1544 1334 1591 Qiid
1340 1555 1393 1578 am
1404 1542 1592 1578 existimant
1605 1544 1710 1587 ipsum
1721 1544 1814 1580 fuisse
1826 1543 1969 1581 Pseudo·
1983 1528 2104 1564 0¹²²*

1091 1594 1307 1635 Patriarchae‚
1326 1606 1424 1639 quem
1435 1593 1586 1628 Gentiles
1606 1592 1826 1628 Alexandrini
1845 1593 1904 1628 sub
1916 1596 1968 1639 Ju⁴

1092 1646 1172 1680 liani
1184 1646 1326 1689 Imperio
1338 1644 1555 1684 trudicarunt,
1567 1644 1707 1689 Georgii
1717 1642 1967 1687 Presbyterum:

1091 1695 1195 1743 Qiod
1206 1696 1323 1739 nempe
1334 1695 1428 1730 illum
1439 1695 1480 1729 ab
1491 1694 1613 1729 inflicta
1626 1706 1680 1739 per
1690 1694 1720 1728 S.
1738 1693 1969 1731 Alexandrum

1089 1746 1305 1781 damnatione
1314 1745 1497 1780 absolvisset
1510 1744 1673 1789 Georgius
1689 1769 1699 1785 ‚
1725 1756 1762 1779 ac
1783 1745 1819 1779 in
1830 1744 1971 1789 Presby-

1090 1806 1194 1830 terum
1205 1796 1426 1830 consecrasset.
1440 1794 1488 1831 At
1497 1804 1614 1832 errant.
1626 1795 1754 1831 Diversi
1766 1796 1841 1831 sunt
1851 1794 1887 1829 hi
1899 1796 1969 1830 Lu-

1089 1847 1142 1879 cii.
1171 1846 1305 1880 Etenim
1316 1846 1437 1880 Lucius
1450 1846 1624 1889 Presbyter
1634 1871 1645 1887 ,
1654 1844 1695 1881 ab
1707 1845 1836 1889 Euzojo
1847 1844 1968 1879 Antio-

1089 1894 1171 1930 chiae
1189 1894 1377 1930 patriarcha
1394 1906 1506 1929 motus
1517 1920 1528 1935 ‚
1554 1895 1614 1931 sub
1631 1896 1799 1939 Ioviniani
1821 1896 1965 1939 Imperio

1089 1954 1227 1979 conatus
1247 1945 1292 1979 est
1315 1944 1505 1979 Palatinum
1532 1943 1733 1980 Eunuchum
1768 1944 1966 1980 Probatium

1089 1994 1319 2030 Alexandrino
1338 1992 1486 2029 Throno
1504 1995 1668 2029 intrudere
1681 2019 1691 2035 ‚
1728 2006 1796 2039 quo
1819 2005 1968 2039 tempore

1088 2044 1470 2086 LuciusDiaconusjam
1491 2044 1633 2078 omnino
1658 2054 1724 2078 erat
1742 2045 1784 2078 ad
1806 2045 1900 2078 istam
1913 2046 1967 2080 Se«

1086 2094 1162 2129 dem
1172 2094 1291 2128 elestus
1302 2118 1312 2133 ,
1325 2095 1358 2128 &
1369 2095 1583 2129 consecratus.
1609 2093 1652 2127 Et
1664 2093 1755 2128 istius
1766 2094 1862 2129 Lucii
1872 2094 1968 2129 Pres-

1089 2143 1193 2187 byteri
1214 2144 1408 2178 memoriam
1428 2155 1498 2177 non
1521 2143 1656 2177 invenio
1678 2144 1742 2178 nisi
1760 2143 1846 2187 apud
1867 2144 1967 2179 Nice-

1088 2193 1229 2238 phorum
1242 2193 1468 2229 Calixtum.Et
1479 2203 1643 2238 quotquot
1653 2192 1695 2228 de
1707 2194 1814 2229 Lucio
1826 2194 1966 2230 Patriar-
1981 2214 2032 2244 Lib
2054 2219 2104 2247 τω

1087 2243 1148 2278 cha
1158 2253 1263 2289 agunt
1273 2268 1283 2284 ,
1295 2255 1410 2278 omnes
1421 2252 1540 2278 vocant
1552 2242 1727 2287 quemdam
1739 2245 1882 2279 Lucium
1893 2244 1965 2279 nul·
1978 2237 2041 2295 cap:
2051 2244 2109 2293 414³

1087 2294 1136 2328 lus
1146 2294 1247 2329 edicit
1260 2294 1353 2328 fuisse
1361 2294 1435 2327 Arii
1456 2293 1619 2338 collegam
1633 2317 1643 2332 ,
1668 2305 1725 2328 aut
1747 2293 1962 2339 degradatum

1086 2345 1103 2378 a
1115 2345 1144 2378 S.
1162 2343 1355 2391 Alexandro
1366 2344 1567 2378 Diaconum.
1598 2344 1702 2390 Qod
1724 2354 1835 2378 tamen
1845 2345 1964 2382 diserte

1086 2396 1274 2437 exprimunt
1286 2394 1327 2427 de
1338 2393 1487 2438 Georgio
1510 2392 1702 2427 Laodicensi
1722 2405 1759 2427 ac
1782 2393 1967 2430 Antioche·

1085 2456 1129 2478 no
1142 2444 1280 2487 Euzojo.
1310 2444 1422 2490 Quare
1431 2443 1487 2477 hic
1497 2444 1620 2477 Lucius
1633 2443 1760 2478 videtur
1770 2445 1832 2479 effe
1854 2446 1965 2479 omni-

1086 2492 1131 2527 no
1143 2494 1245 2528 alius:
1274 2495 1348 2527 Arii
1359 2494 1487 2538 collega
1495 2492 1623 2527 videtur
1642 2493 1676 2526 in
1693 2493 1832 2528 obscuro
1851 2494 1965 2529 latere-

1085 2544 1210 2578 Eadem
1231 2544 1277 2578 est
1295 2545 1379 2578 ratio
1401 2543 1474 2586 Caji
1496 2543 1652 2576 Diaconi.
1680 2543 1831 2590 Qidam
1854 2545 1963 2580 existi-

1082 2605 1174 2628 mant
1187 2592 1274 2628 hunc
1287 2593 1460 2638 postmodo
1474 2594 1509 2627 in
1522 2592 1696 2627 Pannonia
1706 2594 1832 2629 evasisse
1840 2595 1873 2628 in
1883 2595 1963 2638 Epi-

1083 2645 1217 2687 scopum
1228 2669 1239 2685 ,
1266 2655 1303 2678 ac
1315 2644 1377 2678 esse
1389 2644 1533 2678 famosus
1554 2642 1651 2677 illum
1673 2643 1838 2678 Germinii
1849 2669 1859 2684 ,
1888 2644 1959 2677 Au·

1083 2695 1186 2729 xentii
1199 2718 1210 2734 ,
1235 2693 1387 2728 Valentis
1399 2720 1408 2735 ,
1421 2706 1458 2728 ac
1470 2692 1598 2728 Ursalii
1610 2694 1754 2729 socium:
1782 2693 1907 2728 Verum
1915 2705 1958 2727 ex

1082 2756 1150 2779 non
1162 2744 1265 2778 firmis
1276 2744 1512 2778 fundamentis.

1129 2795 1316 2829 Secundum
1328 2793 1619 2838 pentapolitanum
1631 2794 1728 2827 fuisse
1737 2792 1960 2828 ptolomaidis

1081 2845 1281 2888 Episcopum
1295 2869 1305 2884 ‚
1330 2843 1588 2887 Pentapolitanae
1598 2843 1777 2877 Provinciae
1787 2843 1958 2886 Metropo-

1052 2926 1056 2928 ,
1080 2894 1173 2928 litam
1185 2919 1196 2934 ‚
1221 2894 1339 2929 diserte
1349 2895 1488 2928 affirmat
1499 2893 1643 2929 Nicaenae
1664 2894 1731 2935 Syn
1738 2892 1794 2926 odi
1808 2893 1957 2936 Epistola

1080 2944 1120 2979 ad
1134 2943 1394 2978 Alexandrinam
1404 2956 1440 2978 ac
1450 2955 1586 2978 omnem
1603 2942 1815 2986 AEgypriacae
1824 2942 1956 2977 Dioece-

1080 2996 1150 3028 seos
1172 2994 1359 3029 Ecclefiam,
1382 2995 1436 3028 De
1455 2994 1525 3037 ipso
1538 2992 1646 3026 scribit
1666 2992 1702 3025 in
1725 2992 1828 3035 prima
1839 3002 1956 3028 contra

1080 3044 1223 3078 Arianos
1236 3044 1469 3087 Disputatione
1479 3043 1508 3076 S.
1523 3039 1735 3075 Athanasius:
1757 3045 1815 3075 Cui
1823 3047 1955 3086 ignotum

1080 3094 1117 3134 est
1127 3118 1137 3134 ,
1156 3096 1177 3126 5
1178 3096 1322 3127 reundum
1332 3097 1397 3128 Pen
1402 3093 1559 3134 tapolitam
1571 3115 1582 3130 ‚
1608 3102 1665 3123 non
1668 3089 1764 3135 semel
1770 3092 1952 3126 ex-auci'ora-

1079 3153 1143 3176 tum
1154 3154 1190 3176 ac
1200 3142 1355 3184 depefitum
1368 3168 1378 3183 ,
1398 3147 1505 3186 gratia
1524 3142 1559 3175 (a
1571 3142 1816 3175 commendatione
1829 3146 1953 3176 Arianae

1079 3192 1209 3232 haerefios
1220 3193 1259 3225 ab
1271 3191 1338 3234 ipsis
1352 3217 1363 3232 ,
1390 3191 1573 3240 Eusebiana
1587 3191 1730 3225 sastione
1740 3216 1751 3232 ‚
1770 3190 1952 3236 defi'gnatum

1079 3244 1129 3286 effe
1136 3241 1189 3286 seu
1201 3243 1352 3277 redditum
1366 3239 1557 3284 Episcopatui
1569 3241 1585 3273 ?
1611 3241 1728 3275 Fuerat
1740 3253 1810 3276 non
1819 3243 1951 3277 tantum

1079 3294 1096 3326 a
1108 3295 1138 3329 S.
1150 3289 1337 3326 Patriarcha
1347 3290 1537 3325 Alexandro
1549 3314 1560 3330 ,
1584 3289 1638 3324 sed
1649 3291 1747 3324 etiam
1758 3291 1799 3326 ab
1810 3291 1876 3335 ipsa
1889 3292 1924 3325 N
1927 3292 1951 3326 i-

1077 3354 1164 3377 caena
1175 3340 1313 3385 synodo
1325 3341 1524 3375 nominatim
1543 3339 1715 3383 damnatus
1736 3353 1774 3375 ac
1795 3341 1951 3386 degrada-

1077 3403 1138 3427 tus.
1164 3392 1275 3436 Pergit
1286 3390 1327 3426 de
1339 3390 1452 3426 eadem
1461 3391 1616 3425 Fastione
1626 3390 1658 3424 S.
1674 3388 1869 3425 Athanasius
1882 3404 1888 3423 ε
1899 3392 1919 3423 5
1920 3402 1949 3423 e-

1078 3454 1141 3475 cum
1151 3441 1262 3474 habent
1273 3452 1319 3474 eos
1331 3465 1342 3481 ,
1370 3447 1422 3484 qui
1433 3453 1497 3474 cum
1521 3444 1588 3473 Ario
1606 3440 1709 3481 reja‘u
1721 3440 1811 3482 fuere
1824 3464 1834 3479 ,
1861 3445 1947 3472 nimi÷

1079 3505 1143 3525 rum
1153 3492 1317 3526 secundum
1329 3493 1549 3534 Pentapolitam
1560 3515 1569 3530 ,
1577 3492 1611 3524 θ
1623 3491 1749 3524 clericos
1764 3491 1945 3531 Alexandru-

1526 3540 1543 3575 1
1594 3551 1615 3577 2
1864 3544 1950 3580 repa*
