2346 3776
235 253 349 306 ,imo
381 250 536 299 omnes
565 280 580 306 ‚
613 245 695 314 qui
715 239 1066 297 *circumstabant
1088 243 1107 301 ',
1141 235 1317 305 afflatos
1352 235 1483 306 poene
1516 235 1786 289 exanimavit
1813 257 1827 299 3
1863 241 2088 314 igneun

232 339 286 373 ac
308 319 498 371 -flamma
530 314 728 370 fimbrias
757 347 773 375 ,
817 330 917 381 quae
950 330 1004 365 ex
1038 315 1144 367 auro
1179 308 1370 361 frontem
1403 310 1571 359 Altaris
1604 306 1933 372 distinguebant
1967 350 1981 373 ‚
2014 333 2090 383 pe,-

227 393 352 444 nitus
387 385 622 457 absumpsit
655 421 670 448 ,
721 383 863 455 ipsum
898 386 1099 444 tamen''⁷',
1153 379 1386 431 manifesto
1420 381 1513 430 Dei
1547 378 1766 437 beneficio
1799 417 1814 442 ‚
1868 382 2091 434 illaesum...

227 458 398 533 prorsus
433 460 616 528 reliquit
643 493 658 505 .
693 454 776 507 Sed
809 460 946 507 Anno
980 452 1008 505 ὲ
1041 450 1209 504 Christi
1245 451 1435 503 Domini
1470 452 1734 519 Nativitate
1765 457 1830 502 M.
1867 455 1976 503 DC.
1994 458 2089 506 LV.

225 531 475 605 pestilentia
510 548 563 583 ex
598 526 781 576 Sardinia
817 524 1040 598 Neapolim
1076 526 1316 591 importata
1354 558 1368 583 ‚
1419 538 1518 589 quae
1552 521 1883 578 Nobilissimam
1919 523 2089 582 Urbem

225 600 482 663 hominibus
516 596 836 671 propemodum
873 611 1058 648 vacuam
1095 593 1200 644 fecit
1226 629 1241 654 ,
1278 595 1326 643 in
1362 591 1565 660 sequenti
1600 597 1772 651 Romam
1811 594 2059 663 pervadens
2074 632 2088 657 ,

224 678 359 743 Septa
393 669 608 732 Coenobii
644 667 701 718 ad
737 672 968 718 Sanc-11
1005 682 1338 716 aucus-run
1380 666 1520 715 etiam
1555 666 1812 732 penetravit
1844 693 1858 714 .
1908 669 1954 715 Si
1987 669 2088 734 qui.

223 744 330 796 dem
355 741 417 792 'ea
450 738 664 811 percuss‘us
699 739 762 791 est
796 745 844 787 P.
872 741 1056 805 Rogerius
1094 734 1381 786 Bruxeliensis
1407 771 1422 796 ,
1465 736 1547 803 qui
1582 738 1631 785 P.
1667 737 1878 786 Generali
1913 735 2089 785 Luchino

221 813 253 865 ’ὲ
288 814 463 864 Latinis
499 810 709 880 Epistolis
746 825 866 859 tunc·
887 823 984 859 erat
999 844 1011 856 .
1050 811 1093 858 Is
1121 809 1239 856 enim
1268 805 1542 856 Anthracem
1556 842 1571 868 ,
1609 823 1665 856 ex
1699 824 1793 874 quo
1826 808 1965 857 etiam
1991 807 2089 876 post

223 885 395 935 interiit
421 920 434 943 ,
482 882 706 932 occultare
742 878 984 930 conabatur
1010 899 1042 928 ε’
1071 878 1298 927 Nimirum
1334 875 1522 926 timebat
1556 894 1612 931 ne
1647 878 1875 931 Convistu
1909 893 2090 928 caetero-

222 972 321 1007 rum
357 968 574 1004 arceretur
600 989 614 1003 .
633 952 787 1003 -Multi
823 966 971 1000 tamen
1007 946 1054 997 id
1079 984 1093 1010 ‚
1147 944 1271 1014 quod
1305 961 1405 998 erat,
1432 983 1446 1007 ,
1497 945 1675 998 odorati
1709 984 1724 1009 ,
1772 953 1822 1000 P.
1872 952 1910 999 L
1929 967 2038 999 upu
2056 969 2089 999 M

222 1025 388 1082 adeunt
421 1061 437 1086 ,
479 1024 692 1091 simulque
727 1038 884 1086 rogant
917 1058 932 1082 ‚
966 1033 1023 1067 ⁴ut
1059 1016 1086 1068 a
1122 1017 1337 1085 Populati
1365 1015 1441 1066 suo
1475 1034 1534 1067 an
1568 1017 1774 1085 pestifera
1809 1021 1881 1069 lue
1917 1019 2090 1070 labora..

220 1112 291 1150 ret
319 1132 334 1158 ,
369 1099 670 1165 percunctetur
707 1129 721 1142 .
768 1092 978 1143 Officium
1014 1107 1106 1141 non
1140 1086 1314 1151 defugit
1349 1091 1399 1141 P.
1436 1091 1474 1137 L
1488 1104 1629 1138 urus
1665 1108 1679 1138 ε
1732 1091 1974 1140 Hominem
2025 1092 2088 1141 le.

219 1168 341 1219 &culo
374 1164 714 1217 decumbentem
750 1164 990 1221 convenit,
1026 1159 1242 1227 illumque
1278 1160 1523 1223 interrogat
1557 1195 1573 1222 ‚
1610 1161 1691 1227 qui
1705 1196 1720 1221 ‚
1756 1162 1856 1212 Viri
1890 1159 2086 1224 dignita.

221 1253 289 1297 te,
312 1250 471 1286 motus
505 1251 598 1284 rem
637 1246 781 1282 totam
818 1231 981 1282 sincere
1016 1231 1220 1298 aperuit3
1257 1230 1405 1300 ficque
1438 1231 1531 1282 Dei
1567 1246 1748 1282 munere
1782 1246 2087 1284 caeterorum-a

218 1305 349 1356 saluti
382 1340 397 1366 ‚
434 1319 570 1373 atque
606 1303 915 1355 incolumitari
950 1300 1196 1353 consultum
1231 1300 1321 1351 est.
1358 1302 1443 1353 His
1477 1319 1584 1365 ergo
1618 1305 1663 1351 δε
1698 1301 1856 1365 rebus,
1891 1306 1936 1352 δε
1971 1305 2086 1371 peri·-

218 1377 334 1429 culis
369 1374 621 1445 perfunokus
657 1412 672 1438 ,
707 1390 786 1444 per
822 1372 1002 1426 liberale
1037 1373 1181 1425 otium
1217 1374 1266 1423 in
1301 1370 1426 1423 Urbe
1461 1371 1542 1422 fibi
1578 1387 1707 1440 parta
1741 1391 2048 1441 componere„
2070 1403 2086 1436 1,

219 1451 444 1500 Secretum
480 1443 771 1507 Lovaniense‚
802 1449 846 1495 &
881 1446 1078 1494 Patrium
1114 1442 1251 1494 solum
1287 1458 1488 1512 repetere
1523 1441 1720 1495 decrevit
1735 1479 1750 1495 .
1788 1449 1891 1514 Qa
1925 1445 1982 1496 de
2005 1463 2086 1501 re..

216 1517 492 1568 ‘Alexandrum
526 1517 574 1567 V
569 1521 627 1567 Il.
663 1515 778 1569 adiit
811 1553 826 1580 ,
863 1517 936 1570 cui
971 1514 1231 1567 defiderium
1267 1513 1389 1568 suum
1423 1550 1438 1578 ,
1490 1518 1534 1566 &
1570 1513 1770 1567 defiderii
1804 1515 1953 1567 causas
1990 1533 2086 1570 mo.-

219 1588 338 1642 dest&
372 1589 545 1658 aperuit
572 1624 586 1651 ,
634 1605 688 1639 ae
723 1602 1022 1639 commeatum
1056 1586 1115 1637 ab
1148 1604 1203 1636 eo
1236 1585 1413 1638 demum
1448 1588 1612 1655 petivit
1649 1623 1662 1635 .
1699 1586 1903 1637 Pontifex
1938 1587 2045 1640 vero
2071 1623 2085 1648 ,

218 1658 477 1713 collaudato
513 1664 605 1725 ejus
642 1658 824 1711 confilio
850 1695 864 1720 ‚
899 1655 1027 1709 suafit
1062 1657 1353 1710 nihilominus
1386 1693 1400 1720 ‚
1436 1674 1491 1707 ne
1526 1662 1696 1717 Romam
1730 1656 1940 1711 desereret
1972 1681 1986 1719 3
2013 1657 2088 1726 Jed

221 1749 308 1784 cum
343 1732 445 1780 bonis
478 1734 624 1779 Amicis
659 1730 680 1792 (
706 1729 936 1783 Pontificis
972 1728 1107 1780 verba
1141 1726 1301 1796 posui)
1335 1730 1390 1778 ibi
1416 1727 1545 1797 potins
1579 1747 1727 1779 manere
1760 1728 1878 1778 vellet
1893 1767 1907 1792 ,
1944 1745 2090 1797 quam

220 1799 411 1867 longinqui
441 1804 581 1847 itineris
615 1799 846 1848 incommoda
869 1800 1001 1866 subire
1036 1835 1050 1850 .
1096 1797 1179 1850 Sed
1212 1816 1314 1849 cum
1347 1801 1396 1849 in
1422 1800 1649 1869 propofito
1694 1797 1943 1851 discedendi
1987 1819 2089 1871 per-

220 1869 362 1922 sistere
397 1869 524 1918 illum
559 1867 729 1919 videret
753 1905 767 1932 ,
804 1886 858 1918 ne
892 1867 920 1920 ὲ
954 1868 996 1917 se
1031 1868 1196 1919 tristem
1230 1868 1479 1919 dimitteret
1503 1906 1517 1931 ‚
1553 1870 1744 1921 abeundi
1778 1873 1957 1924 veniam
1994 1872 2088 1923 fau.-

221 1940 286 1993 sta
331 1956 434 1989 cum
483 1955 612 2006 prece
662 1937 869 1988 concessit
918 1975 933 1999 ,
982 1956 1034 1990 ac
1082 1938 1253 2006 insuper
1303 1938 1623 1990 benevolentiae
1681 1943 1730 1990 in
1775 1958 2086 2005 argumentum

221 2008 553 2061 Nummismata
587 2010 814 2078 complura
872 2025 1000 2061 aurea
1024 2045 1038 2069 ‚
1090 2025 1226 2076 atque
1262 2025 1469 2072 argentea
1510 2045 1524 2070 ‚
1574 2011 1751 2078 aliaque
1785 2029 1876 2061 non
1911 2016 2085 2065 minimi

219 2083 355 2152 pretii
391 2078 643 2131 munuscula
677 2079 794 2129 misit
829 2078 1035 2131 abeunti.
1072 2084 1292 2130 Caeterum
1308 2116 1321 2140 ,
1357 2080 1422 2128 nil
1457 2080 1683 2148 pretiosius
1722 2085 1882 2131 Lupo
1917 2084 2084 2137 donare

219 2154 368 2223 potuit
398 2189 412 2213 ,
447 2167 583 2219 quarn
619 2149 678 2199 ad
713 2149 983 2218 Theologicam
1018 2152 1301 2217 Lovam'enJem
1336 2150 1588 2200 facultatem
1623 2157 1882 2201 communionis
1915 2160 1977 2202 (²9⁴
2010 2162 2083 2204 Ἔσ-

219 2221 415 2287 neficentz'ae
449 2221 728 2291 Apostolicas
765 2223 956 2271 Litteras
990 2257 1004 2282 ‚
1053 2220 1216 2287 quibus
1264 2218 1488 2270 Alexander
1533 2221 1949 2290 praeclariffimorum
1996 2231 2082 2279 Ec-

219 2292 357 2343 clefiae
395 2297 638 2344 Dotiorum
673 2298 1041 2353 Auousrnu,
1076 2295 1120 2340 δε
1156 2292 1380 2340 THoMAE
1416 2297 1768 2358 AQumArrs
1805 2298 2081 2358 D06irinam‚

220 2360 412 2429 tutzffima
429 2400 444 2423 ‚
478 2359 745 2429 inconcufflzque
776 2368 975 2431 Dogmata
988 2399 1002 2423 ‚
1036 2360 1220 2412 mirifice
1254 2361 1537 2413 commendat
1554 2400 1566 2412 .
1604 2363 1675 2414 Εὸ
1709 2367 1829 2414 enim
1866 2384 2080 2433 quorum-

221 2433 324 2483 dam
361 2432 566 2495 audentia
601 2432 836 2484 devenerat
872 2470 885 2494 ‚
934 2449 983 2482 ut
1019 2437 1182 2482 SANcrr
1232 2450 1461 2482 Auousnm
1507 2432 1564 2483 de
1599 2436 1760 2484 Gratia
1794 2451 2079 2505 aeternaun

221 2506 313 2555 Dei
360 2503 739 2557 Praedestinatione
784 2502 1043 2555 sententiam
1067 2540 1081 2565 ,
1117 2506 1164 2554 in
1198 2502 1383 2570 Janfinio
1415 2541 1433 2574 ³.
1476 2504 1736 2572 Apostolico
1791 2505 1908 2575 stylo
1942 2509 2078 2558 confi,-

222 2593 322 2624 xam
360 2573 479 2624 fuiffe
514 2592 590 2642 per
625 2575 822 2638 Belgium
858 2572 1150 2625 disseminaret
1176 2611 1189 2627 .
1227 2576 1405 2624 Scilicet
1441 2590 1568 2625 vetus
1605 2575 1858 2626 Sanffiffimi
1895 2583 1944 2627 P.
1981 2585 2077 2628 Au..

224 2663 395 2695 cusum
432 2647 645 2695 Dofflina
669 2681 683 2705 ,
718 2660 789 2695 tot
825 2644 986 2695 saeculis
1022 2648 1069 2695 in
1104 2646 1296 2695 Ecclefia
1329 2644 1515 2714 probata
1534 2683 1548 2707 ,
1585 2645 1786 2697 delicatis
1821 2648 2077 2701 hominibus

226 2720 311 2781 jam
348 2715 614 2767 sordescebat
639 2753 652 2777 ‚
688 2733 768 2765 nec
805 2717 891 2766 alia
915 2734 1063 2766 eorum
1092 2717 1244 2784 palato
1271 2715 1417 2785 sapere
1445 2732 1623 2785 poterat
1647 2754 1661 2778 ,
1697 2718 1778 2767 nifi
1813 2736 1863 2768 ea
1887 2755 1902 2780 ‚
1938 2738 2075 2787 quam

224 2784 383 2836 nudius
418 2789 573 2838 tertius
615 2789 839 2837 inventam
860 2824 888 2853 k,
938 2786 1025 2840 sme
1059 2788 1152 2837 ullo
1186 2786 1441 2838 venerandae
1490 2790 1793 2856 Antiquitatis
1841 2788 2032 2857 respectu
2057 2829 2072 2855 ‚

222 2856 457 2907 obtrudere
493 2857 785 2909 moliebantur
800 2894 813 2907 .
874 2856 879 2867 ‘

294 2929 364 2976 Sic
399 2930 594 2996 quinque
630 2931 677 2977 in
711 2928 832 2978 Urbe
866 2926 1057 2978 emensos
1092 2928 1189 2996 post
1223 2946 1361 2979 annos
1396 2930 1444 2978 in
1467 2931 1663 2993 Belgium
1698 2928 1887 2981 reversus
1921 2931 1984 2981 est
2020 2937 2070 2988 P.

223 3002 361 3049 Lupus
389 3034 403 3058 ,
440 3014 598 3061 magno
633 3001 786 3066 utique
821 2997 883 3048 sui
917 2998 1127 3049 desiderio
1163 3002 1208 3048 in
1245 2999 1367 3049 Urbe
1409 3000 1561 3049 relidio
1595 3036 1608 3047 .
1645 2998 1740 3067 Ipse
1773 3001 1882 3051 vero
1917 3007 2071 3070 paucis

221 3067 280 3119 ad
314 3069 511 3135 requiem
546 3067 697 3118 diebus
745 3071 792 3118 in
827 3074 1018 3138 Paupere
1054 3069 1126 3119 sua
1161 3071 1334 3119 Cellula
1382 3073 1400 3130 (
1432 3087 1566 3136 quam
1609 3086 1763 3138 praeter
1799 3072 2067 3127 Crucifixum

219 3143 265 3191 &
301 3137 536 3207 pretiosum
572 3138 766 3206 undique
801 3140 982 3189 Librum
1017 3141 1080 3190 nil
1115 3140 1326 3191 vestiebat
1362 3139 1482 3190 aliud
1515 3144 1533 3205 )
1570 3139 1799 3209 insumptis
1834 3180 1848 3204 ,
1886 3147 2066 3195 nomine

221 3213 269 3269 P.
306 3211 535 3262 Generalis
570 3212 779 3259 Comitiis
828 3213 1068 3262 Provinciae
1102 3212 1285 3275 Belgicae
1332 3228 1431 3261 cum
1465 3211 1679 3283 potestate
1715 3215 1924 3264 Bruxellis
1957 3234 2066 3282 prae-

220 3278 334 3330 sedit
358 3317 373 3341 ,
409 3297 460 3331 ac
498 3278 554 3328 de
589 3279 746 3328 isthinc
781 3281 842 3330 ad,
870 3282 1074 3350 pristinos
1109 3281 1278 3334 labores
1313 3279 1495 3331 rediens»
1516 3286 1704 3332 Lovanii
1740 3285 2062 3337 lucubrationi-

221 3349 302 3399 bus
339 3365 484 3400 totum
521 3349 562 3399 se
597 3349 720 3399 dedit
743 3385 755 3397 .
797 3358 865 3401 Ac
902 3356 1091 3420 primum
1116 3353 1298 3401 Scholiis
1324 3387 1338 3413 ‚
1374 3356 1418 3405 &
1453 3355 1592 3404 Notis
1615 3390 1628 3414 ‚
1666 3354 1985 3423 Historicisque
2014 3361 2063 3407 in

223 3424 419 3488 quinque
455 3422 611 3471 Tomis
649 3419 1032 3473 Differtationibus
1067 3428 1269 3473 Canones
1291 3459 1305 3483 ‚
1351 3427 1396 3472 &
1431 3428 1625 3474 Decreta
1661 3425 1935 3492 Synodorum
1973 3429 2063 3475 Ge-

186 3495 194 3499 ‘
222 3491 436 3542 neralium
472 3508 524 3543 ac
561 3494 902 3545 Provincialium
938 3494 1144 3545 illustrare
1170 3512 1183 3556 ·,
1219 3493 1374 3546 ordine
1407 3511 1458 3548 ac
1484 3497 1559 3548 via
1594 3495 1799 3547 ha&enus
1828 3496 2061 3564 inacceffis,

1915 3584 1991 3632 ag-
