2346 3776
90 381 205 425 Epist*

109 2653 232 2687 Gregor.
242 2659 269 2684 9.

110 2692 133 2723 1!
149 2702 172 2720 ι.
182 2692 227 2723 tit.
243 2700 270 2727 9.

114 2740 191 2767 0¹12

351 160 449 209 366
518 151 809 197 Canones
836 152 1140 196 *Concinit
1174 145 1929 196 (ἓοΝετΑΝτῐΝοφοίῐτΑΝι-

274 233 420 268 eliaelem
447 233 638 277 Augustum
650 258 657 265 .
687 234 808 268 Graecis
838 230 877 266 zin'
890 229 1061 265 Acaciano
1077 226 1170 263 schis-
1187 243 1191 284 ι
1243 229 1382 263 Nicaeno
1394 254 1404 270 ,
1431 242 1573 275 eumque
1585 234 1754 275 praesertim
1764 234 1908 267 aversata
1920 233 2043 278 semper
2053 231 2118 272 fuit

273 295 362 318 mate
375 284 589 324 foetentibus,
616 284 803 327 affidueque
821 279 1105 323 proclamantibus
1129 277 1171 312 ad
1188 286 1190 327 g

271 332 432 367 Canones
446 359 457 375 ‚
485 333 654 377 respondit
667 335 800 369 Sanetus
821 332 980 366 Pontifex
995 329 1168 371 iGelafius:
1188 333 1190 343 ¹

274 385 416 417 Viderint
439 408 451 425 ,
473 383 502 426 fi
518 385 592 417 alios
615 384 727 417 babent
755 386 895 414 Canones
920 407 929 422 ‚
965 375 1076 425 «finibus
1093 377 1191 444 suasi

274 440 407 476 ineptias
421 443 628 478 exequantur.
655 433 807 466 Caeterum
820 431 865 472 isti
878 456 888 471 ‚
914 438 967 474 qui
980 429 1062 474 sacri
1076 455 1085 469 ‚
1112 434 1165 472 qui
1188 446 1190 474 3

279 483 491 527 Ecclefiastici,
519 489 571 525 qui
592 484 718 527 legitimi
738 483 923 515 celebrantur
938 506 948 522 ‚
973 482 1078 514 Sedem
1100 475 1190 522 Apo-l

269 534 403 577 fiolicam
417 535 616 575 adjudicium
627 544 735 566 vocare
749 544 806 565 non
821 532 938 576 poffunt
949 556 956 564 .
986 531 1170 565 Acaciano·
1186 525 1189 555 l

274 597 349 621 rum
374 584 503 628 ineptia:
524 593 614 617 erant
640 582 1056 626 Constantinopolitanum
1090 581 1168 623 Epi-

275 634 412 679 scopum
435 658 446 675 ,
470 639 523 676 qui
528 637 734 675 pet-Canones
745 634 858 666 nullum
871 639 951 666 inter
964 633 1054 665 sedes
1074 632 1169 664 locum

276 693 429 726 acceperat
441 709 453 724 ,
479 682 596 727 utpote
609 695 717 719 merus
728 683 909 717 Paraecialis
924 683 1104 725 Episcopus
1133 681 1167 714 in

279 735 458 769 Provincia
472 735 611 778 Europae
622 734 680 768 sub
694 734 913 778 Metropolita
942 731 1146 766 Heracleenfi
1158 755 1168 771 ‚

276 787 313 820 in
337 783 518 819 secundum
540 784 701 819 thronum
726 784 900 818 sublimare
923 807 934 823 ,
977 783 995 816 ὲ
1017 781 1167 816 Romani

274 835 431 879 Episcopi
454 834 581 878 judicio
612 835 654 869 ad
667 834 840 878 Synodum
853 843 1052 877 provocare,
1078 832 1169 866 exuf-

277 886 357 919 flare
379 886 487 920 Sanfli
518 885 608 920 Petri
631 883 859 919 monarchiam
873 907 884 924 ,
908 883 942 917 δε
969 893 1088 920 omnes
1108 881 1165 915 Pa·

260 934 439 975 ,triarchas
460 937 604 969 invicem
624 936 762 978 aequales
785 935 913 969 facere:
943 932 1106 977 Adeoque
1126 932 1168 966 ad

277 986 352 1020 illas
375 985 582 1029 exequendas
606 986 737 1019 conditi
751 985 909 1019 Canones
930 994 1024 1023 erant
1051 984 1168 1027 partim

279 1035 544 1070 Eusebianorurn
565 1036 651 1079 apud
675 1034 940 1080 Philippopolim
962 1034 1043 1069 editi
1064 1057 1076 1074 ‚
1102 1045 1169 1076 par-

279 1088 341 1120 tim
355 1085 793 1130 hiConstantinopolitani.
821 1085 960 1121 Strenue
972 1085 1061 1119 idem
1082 1083 1175 1137 Ροη-ἰ

277 1138 361 1171 tifex
383 1135 598 1171 commendat
629 1161 639 1177 ‚
678 1149 747 1172 non
769 1135 985 1170 solummodo
1010 1135 1165 1169 Nicaenos

283 1188 442 1222 Canones
455 1211 464 1227 ‚
491 1185 545 1221 sed
559 1188 592 1221 ὅ(
605 1186 809 1222 Sardicenses
820 1212 827 1219 .
854 1185 1023 1221 Adversus
1034 1186 1166 1219 tertium

278 1238 369 1271 hunc
395 1238 541 1271 nostrum
565 1239 639 1271 sunt
653 1237 753 1282 longe
773 1237 911 1281 plurima
934 1237 1166 1270 Romanorum

276 1287 485 1322 Pontificum
499 1288 686 1321 testimonia
700 1313 710 1328 ,
737 1288 770 1321 ὅς
782 1288 906 1321 vetusta
923 1288 957 1321 &
969 1287 1162 1320 recentiora.

277 1338 368 1372 Nam
394 1338 430 1371 ὅ(
452 1337 470 1370 ὲ
494 1338 643 1382 Bulgaris
664 1337 825 1372 Nicolaus
847 1338 973 1381 primus
983 1336 1143 1370 Pontifex
1157 1360 1168 1376 ‚

277 1389 312 1422 ἀ
325 1388 342 1422 ὲ
356 1387 531 1422 monachis
551 1388 791 1423 Caffinenfibus
813 1399 947 1433 rogatus
969 1385 1168 1421 Patriarcha-

280 1450 354 1473 rum
375 1438 527 1473 ordinem
555 1439 690 1473 Sanetus
712 1439 831 1472 Petrus
844 1438 1005 1472 Damiani
1019 1463 1029 1478 ,
1056 1438 1168 1471 secun-

278 1489 359 1524 dum
371 1489 523 1523 Ecclesiae
543 1488 703 1523 thronum
730 1489 846 1523 dicunt
861 1487 1090 1522 Alexandrino
1116 1498 1169 1530 per

279 1538 666 1582 Canonesadscriptum.
697 1539 865 1586 roirca
886 1537 976 1582 quod
1007 1539 1041 1571 in
1056 1539 1168 1571 octava

278 1589 421 1634 Synodo
432 1590 567 1624 sancius
578 1589 730 1633 Ignatius
743 1614 753 1630 ‚
783 1591 817 1622 in
833 1590 968 1633 septima
981 1586 1171 1626 Tharafius,

281 1641 316 1675 in
340 1642 430 1675 sexta
454 1640 644 1683 Georgius,
670 1640 706 1672 in
730 1639 848 1682 quinta
870 1637 1060 1681 Eutychius
1081 1637 1172 1670 Con-

280 1689 598 1733 stantinopolitanus
622 1689 736 1722 locum
775 1688 958 1722 secundum
995 1685 1172 1724 habuerit,

281 1742 404 1775 sacrum
428 1740 497 1780 est,
525 1739 620 1777 utiin
634 1738 803 1772 Breviario
818 1737 1025 1771 Nestorianae
1050 1736 1084 1769 &
1108 1735 1170 1768 Eu-

281 1789 448 1834 tychianae
475 1787 630 1823 hereseos
657 1799 752 1823 notat
789 1788 964 1822 Liberatus
999 1787 1174 1820 Diaconos

283 1839 554 1885 Carthaginenfis
564 1864 574 1880 ‚
589 1852 629 1873 cx
643 1839 787 1873 violenta
799 1838 970 1873 voluntate
982 1837 1170 1870 Graecorum

283 1891 525 1935 Imperatorum
551 1914 561 1930 ,
601 1890 636 1923 dt
659 1889 895 1933 dispensatoria
916 1887 1173 1922 dissimulatione

283 1943 488 1987 Legatorum
513 1938 786 1983 Apostolicorum
800 1965 809 1972 .

335 1992 446 2026 Aliter
458 1992 596 2025 tandem
621 1991 654 2023 in
669 1989 810 2033 Synodo
825 1988 1037 2023 Lateranensi
1064 1987 1175 2022 statuit

283 2042 506 2078 Innocentius
532 2041 669 2075 tertius:
698 2045 833 2082 Antiqua
859 2038 1117 2073 patriarchalium
1132 2036 1176 2081 se·

285 2096 370 2133 dium
389 2094 555 2136 privilegia
578 2099 782 2131 renovantes,
803 2089 896 2133 sacra
915 2088 1081 2133 universali
1091 2091 1173 2128 syno-

285 2147 325 2179 do
352 2142 560 2185 approbante,
582 2140 737 2184 sancimus
755 2165 766 2181 ,
792 2150 825 2174 ut
842 2140 905 2183 post
928 2144 1098 2173 Romanam
1120 2142 1178 2172 Ec·

284 2194 398 2236 clessam
413 2218 424 2234 ,
450 2203 520 2236 quae
543 2190 716 2235 disponente
730 2195 855 2226 Domino
862 2189 956 2234 super
976 2202 1076 2224 omnes
1096 2191 1176 2223 alias

286 2245 453 2279 ordinaria
471 2242 628 2286 potestatis
647 2242 758 2275 obtinet
776 2247 1005 2284 principatum,
1037 2240 1176 2280 constan-

287 2295 490 2337 tinopolitana
498 2299 635 2336 primum
646 2318 656 2333 ,
684 2292 898 2326 Alexandrina
904 2290 1067 2334 secundum
1080 2315 1090 2330 ,
1119 2296 1176 2323 An-

287 2344 426 2381 tiochena
448 2349 573 2378 tertium
599 2367 610 2383 ,
636 2341 899 2386 Hierosolymitana
919 2350 1062 2384 quartum
1083 2342 1176 2374 Iocum

285 2397 444 2436 obtineat,
466 2392 598 2438 sermm
608 2393 725 2428 cuilibet
735 2398 863 2435 propna
873 2393 1022 2437 dignitate
1034 2415 1041 2424 .
1068 2391 1174 2425 Hunc

287 2446 442 2482 ordinem
465 2454 562 2479 vocat
591 2444 726 2486 antiqua
753 2443 928 2488 privilegia
954 2454 963 2474 ε
991 2440 1024 2476 Λ
1046 2441 1173 2485 quibus—

287 2497 367 2532 dam
389 2506 444 2539 per
467 2495 624 2529 Canones
644 2504 798 2537 accepta,
830 2493 848 2526 ὲ
870 2491 1064 2537 quibusdam
1091 2492 1176 2526 usur-

288 2557 364 2592 pata
390 2557 446 2589 per
465 2550 615 2588 rapinam
639 2569 647 2577 .
676 2544 772 2590 Qin
796 2542 927 2584 immo,
955 2542 997 2577 de
1018 2542 1174 2586 Episcopi

289 2595 467 2634 Faventini
481 2594 704 2638 postulatione
717 2605 819 2638 agens
832 2618 843 2633 ,
870 2592 983 2627 scribit
993 2592 1033 2626 ad
1046 2592 1174 2626 Raven-

290 2647 379 2681 natis
400 2644 553 2680 Ecclefiae
575 2641 902 2687 Archi-Episcopum
921 2655 929 2674 :
958 2643 1066 2675 Verum
1083 2642 1178 2684 postu-

290 2699 399 2732 lati-nt
424 2693 595 2739 hujusmodi
615 2693 781 2728 videbatur
790 2694 919 2726 Concilii
934 2691 1176 2734 Constantinopo-

291 2750 384 2782 luam·
405 2746 571 2789 capitulum
592 2743 717 2778 obviare
729 2766 740 2784 ,
764 2749 799 2777 in
820 2754 876 2786 quo
889 2741 1038 2782 statutum
1058 2741 1117 2782 est,
1145 2751 1179 2775 ut

293 2804 470 2842 quicumque
487 2796 526 2830 de
544 2795 712 2839 pontificali
729 2794 880 2838 dignitate
904 2793 949 2825 ad
970 2792 1178 2827 monachorum

293 2855 396 2883 vitam
426 2849 461 2881 (ν
478 2850 669 2889 poenitentiae
689 2846 784 2878 locum
810 2842 996 2886 descenderit
1019 2866 1030 2882 ,
1067 2854 1175 2885 nequa-

296 2910 387 2942 quam
407 2898 532 2931 ulterius
545 2898 589 2929 ad
602 2894 812 2937 Pontificatum
824 2892 975 2937 resurgat.
1006 2894 1093 2926 Unde
1112 2904 1177 2926 con-

297 2959 349 2983 tra
364 2948 476 2982 diuum·
487 2947 649 2980 Concilium
662 2970 672 2987 ,
696 2947 762 2978 cum
777 2944 818 2986 fit
828 2945 946 2978 unum?
957 2952 1085 2986 quatuor
1093 2949 1182 2985 prin-

298 2998 447 3041 cipalibus
468 3022 479 3038 ‚
515 3009 584 3040 quae
599 2995 674 3039 ficut
699 3005 828 3039 quatuor
853 2995 1030 3038 Evangelia
1053 2992 1181 3035 Ecclesia

1242 279 1436 324 Apostolica
1449 282 1570 315 Sedes:
1599 282 1824 323 andmi-ss'o,
1853 283 1942 318 nulla
1957 285 2040 319 ratio
2052 287 2130 320 sua--

1239 331 1276 363 fit
1284 331 1368 363 alios
1380 331 1433 364 sex
1445 333 1595 366 refutari.

1288 379 1392 414 Porro
1414 393 1470 425 per
1490 383 1560 416 dies
1577 383 1659 430 istos
1682 383 1816 417 Flandri
1838 385 1940 419 nostri
1965 395 2121 429 ceperant

1238 430 1574 475 Constantinopolim
1595 457 1603 470 ‚
1644 433 1778 476 ejusque
1806 435 1968 477 imperiali
1992 435 2120 470 throno

1237 481 1408 515 Comitem
1434 483 1580 516 nostrum
1594 482 1796 517 Balduinum
1817 484 2060 527 imposuerant,
2085 487 2120 521 &

1237 530 1409 566 Cathedrae
1422 533 1503 567 item
1516 532 1703 577 Episcopali
1717 533 1827 567 virum
1838 534 1982 569 latinum
1994 562 2001 569 .
2031 537 2098 571 Eos
2109 561 2121 577 ,

1237 582 1407 625 plusquam
1419 583 1597 617 Saracenos
1609 608 1619 623 ‚
1642 583 1744 617 Graeci
1758 583 2005 619 aversabantur:
2028 588 2121 635 Qa-

1236 643 1269 666 re
1295 632 1466 666 beneficiis
1487 634 1562 667 illos
1584 634 1766 676 placaturus
1790 635 2007 670 Innocentius
2033 636 2117 671 Pon-

1234 683 1316 716 tifex
1328 682 1404 717 Sedi
1417 683 1469 717 Co
1477 684 1804 727 nstantinopolitanae
1814 684 1907 719 dedit
1918 687 2033 719 cuneta
2043 698 2119 730 -prae—

1234 734 1324 766 tensa
1348 733 1519 778 privilegia
1542 757 1553 774 ,
1580 745 1649 778 qua:
1670 735 1761 768 nulla
1786 736 1837 769 via
1865 734 1907 769 ab
1927 735 1997 778 ejus
2018 737 2120 780 usque

1233 782 1298 816 huc
1322 782 1611 818 Praedecessoribus
1636 795 1810 828 potuerant
1825 787 2032 827 extorqueri.
2062 786 2122 820 Ea*

1233 834 1308 867 dem
1333 858 1343 873 ‚
1380 834 1468 878 quod
1505 834 1550 868 ob
1578 835 1790 870 Nicaenorum
1822 847 1990 870 canonum
2023 835 2122 870 robur

1235 884 1385 917 vacillare
1399 886 1527 920 noflcnt
1540 910 1550 925 ,
1576 885 1788 928 impetrarunt
1798 885 1903 920 Graeci
1913 885 1955 921 ab
1965 887 2122 932 Eugenio

1233 945 1349 977 quarto
1377 935 1411 968 &
1423 935 1615 968 Florentina
1628 936 1767 979 Synodo
1781 937 1973 972 confirmari
1987 961 1994 969 .

1288 984 1457 1019 Addustus
1475 995 1585 1019 autern
1596 984 1651 1018 ille
1676 984 1719 1020 de
1739 987 1868 1021 clericis
1882 986 1923 1021 ad
1945 986 2122 1021 monastici

1233 1034 1334 1068 statu-s
1346 1033 1568 1070 humilitatem
1581 1035 1854 1071 descendentibus
1867 1048 1978 1071 canon
1995 1037 2041 1071 est
2053 1038 2122 1079 qui-

1233 1084 1307 1118 dem
1321 1085 1470 1120 Concilii
1495 1085 1883 1130 Constantinopolitani,
1912 1098 2122 1131 nequaquam

1234 1147 1343 1169 tamen
1357 1134 1455 1178 hujus
1474 1136 1655 1179 praesentis.
1687 1136 1744 1169 Est
1765 1136 1896 1180 Synodi
1920 1134 2041 1171 habitae
2063 1148 2121 1180 per

1234 1187 1378 1230 Legatos
1389 1187 1527 1230 Joanuis
1548 1187 1654 1220 ostavi
1674 1187 1868 1228 pontificis,
1889 1187 1925 1221 in
1947 1198 2010 1229 qua
2031 1186 2119 1221 Pho—

1234 1237 1300 1270 tius
1320 1237 1552 1271 reconciliatus
1564 1237 1712 1271 Ecclefiae
1731 1237 1821 1271 illius
1837 1237 1997 1272 thronum
2021 1238 2123 1281 coepit

1235 1296 1393 1331 tanquam
1415 1288 1582 1332 legitimus
1605 1288 1789 1331 Episcopus
1813 1287 1921 1322 sedere
1943 1300 1950 1321 :
1992 1287 2125 1330 Synodi

1236 1337 1430 1372 miserabilis
1443 1363 1451 1371 .
1480 1338 1529 1372 lta
1542 1338 1648 1382 lapsus
1667 1338 1713 1372 est
1727 1338 1914 1372 innocentii
1943 1338 2030 1372 tertii
2042 1338 2123 1372 Scri·

1237 1388 1356 1422 niarius
1370 1414 1376 1421 .
1406 1388 1459 1421 Ex
1471 1400 1539 1433 quo
1550 1399 1660 1423 tamen
1673 1388 1763 1431 lapsu
1778 1389 1935 1423 novimus
1947 1412 1958 1428 ,
1985 1388 2066 1432 quid
2078 1387 2120 1422 de

1238 1438 1354 1472 nostris
1374 1438 1572 1473 canonibus
1592 1438 1980 1483 constantinopolitanis
2001 1438 2122 1473 sentire

1236 1488 1367 1522 tandem
1389 1489 1522 1533 coeperit
1542 1489 1743 1524 doetiffimus
1763 1489 1820 1523 ille
1841 1488 2001 1524 Pontifex
2014 1512 2026 1529 ,
2053 1487 2124 1523 Ro·

1236 1549 1334 1572 mana
1345 1539 1444 1572 Sedes
1455 1563 1467 1579 ,
1492 1540 1527 1573 ἀ
1545 1540 1686 1574 Ecclesia
1699 1540 1848 1574 universa
1863 1565 1871 1572 .

1286 1587 1454 1631 Plerisque
1473 1589 1507 1622 in
1529 1589 1731 1622 contrarium
1755 1590 1901 1623 adductis
1920 1589 2123 1634 argumentis

1237 1637 1282 1671 est
1301 1638 1496 1672 satisfactum
1508 1663 1516 1670 .
1545 1639 1703 1673 Qnones
1715 1637 2004 1674 Chalcedonenses
2013 1641 2032 1673 a
2044 1639 2123 1674 San-

1237 1689 1288 1721 ἑὶο
1312 1687 1428 1721 Leone
1449 1687 1616 1722 Pontifice
1634 1698 1806 1731 nunquam
1830 1689 1925 1723 fuiffe
1947 1689 2128 1723 confirma·

1239 1747 1314 1778 tos,
1339 1737 1375 1770 ἀ
1386 1736 1458 1770 istic
1480 1736 1590 1781 decipi
1600 1737 1798 1771 Facundum
1811 1737 2098 1777 'Hermianensem
2110 1761 2124 1779 ‚

1242 1788 1324 1821 infra
1346 1786 1520 1821 ostendam
1533 1812 1541 1820 .
1570 1787 1698 1822 Eadem
1708 1786 1754 1823 est
1775 1788 1860 1822 ratio
1872 1786 2054 1821 Canonurn
2065 1788 2124 1831 sy-

1242 1837 1322 1871 nodi
1343 1837 1485 1881 septimae
1502 1863 1509 1870 .
1537 1837 1761 1881 Justinianum
1783 1836 1973 1883 Augustum
1996 1836 2131 1882 proprii

1244 1897 1338 1922 notat
1359 1887 1516 1922 addudhis
1542 1889 1635 1933 supra
1648 1888 1821 1926 Liberatus
1831 1886 2124 1933 Carthaginensis:

1246 1940 1330 1972 Licet
1340 1941 1361 1971 5
1362 1940 1433 1972 edes
1447 1937 1608 1981 apostolica
1619 1949 1695 1972 nunc
1706 1937 1796 1982 usque
1812 1940 1996 1972 contradicat
2007 1963 2018 1979 ,
2044 1939 2126 1981 quod
2143 1920 2176 1951 ε’
2200 1927 2247 1957 ¹3⁸

1241 1990 1260 2021 ἃ
1273 1988 1548 2031 Synodofirmatum
1569 1988 1608 2029 est
1622 2013 1633 2029 ,
1658 1993 1854 2031 Imperatoris
1871 1994 2038 2031 patrocinio
2052 1995 2126 2031 per·

1242 2048 1345 2073 manet
1366 2041 1582 2082 quodammodo
1605 2064 1612 2072 .
1641 2038 1721 2082 Ejus
1742 2039 1896 2074 Novellae
1917 2038 2125 2074 constitutio-

1244 2101 1301 2124 nes
1323 2101 1393 2124 non
1417 2090 1539 2124 laicum
1561 2089 1795 2134 Imperatorem
1816 2113 1828 2130 ,
1861 2089 2129 2133 sedsup'remum

1245 2139 1394 2174 Ecclefiae
1417 2140 1618 2184 Episcopum
1637 2141 1757 2174 sonant
1786 2153 1793 2173 :
1815 2138 1986 2187 Qasdam
2007 2138 2127 2174 tolera·-

1251 2191 1297 2224 vit
1311 2190 1465 2225 Romana
1478 2190 1624 2225 Ecclesia
1634 2214 1645 2230 ,
1657 2189 1739 2224 absit
1749 2199 1787 2224 ut
1797 2189 1984 2234 adprobarit
1994 2215 2001 2222 .
2024 2188 2124 2223 Alius

1246 2241 1307 2275 erit
1319 2239 1387 2274 haee
1399 2240 1599 2275 discutiendi
1620 2241 1712 2275 locus
1721 2266 1728 2272 .
1742 2239 1859 2288 -Qdd
1873 2239 2020 2274 Romani
2034 2238 2124 2272 Pon-

1245 2290 1343 2325 tificis
1361 2290 1521 2325 Profeffio
1545 2291 1647 2325 salam
1672 2293 1747 2324 οᾶο
1768 2290 1981 2333 Synodorum
1999 2289 2124 2328 fidem.

1246 2352 1453 2385 nequaquam
1475 2341 1633 2375 Canones
1654 2349 1711 2374 aut
1732 2341 1799 2374 aaa
1823 2340 1887 2374 alia
1909 2337 2126 2382 comprehen-

1245 2391 1330 2425 derit
1349 2392 1455 2432 olim,
1480 2391 1525 2425 est
1547 2390 1675 2434 palam.
1703 2390 1819 2425 Exstat
1836 2390 1926 2433 apud
1948 2388 2126 2424 bibliothe·
2143 2410 2205 2444 5¹·ss'·
2218 2423 2265 2451 3⁴·

1243 2453 1315 2475 cam
1327 2442 1514 2476 vaticanam
1527 2441 1653 2485 integra
1678 2441 1713 2474 in
1729 2439 1871 2474 laudato
1881 2440 2043 2474 Romanoe-
2063 2439 2126 2472 Εε-
2144 2437 2172 2445 ’”

1242 2492 1342 2525 clesiae
1353 2492 1488 2527 Diurno
1500 2517 1507 2523 .
1535 2491 1681 2534 ldipsum
1703 2490 1852 2525 adfirmat
1869 2489 2025 2534 Synodus
2035 2489 2126 2524 Con-

1245 2541 1444 2577 stantiensis.
1471 2541 1657 2575 Basileensis
1667 2551 1728 2574 nec
1738 2540 1902 2575 audienda
1914 2538 1960 2573 est
1973 2563 1984 2580 ,
2010 2537 2127 2583 utpote

1243 2591 1309 2626 hoc
1322 2594 1408 2626 inter
1427 2591 1603 2635 Synodos,
1628 2590 1719 2633 quod
1731 2591 1832 2634 vespae
1848 2590 1935 2624 inter
1945 2600 2038 2634 apes.

1293 2643 1423 2690 Qinta
1443 2641 1579 2686 quaestio
1589 2641 1636 2676 est
1652 2667 1662 2681 ‚
1689 2652 1730 2674 an
1753 2641 1867 2676 saltem
1882 2641 2006 2684 primus
2026 2638 2124 2683 hujus

1243 2694 1373 2736 synodi
1385 2693 1506 2726 Canon
1532 2693 1629 2726 fuerit
1638 2692 1656 2725 ὲ
1668 2692 1814 2726 Damaso
1825 2690 1991 2725 Pontifice
2010 2690 2045 2725 δε
2057 2690 2126 2724 Ro-

1242 2755 1340 2778 mana
1361 2743 1445 2779 olim
1459 2742 1603 2776 Ecclesia
1623 2742 1863 2776 confirmatus?
1890 2740 2027 2777 Etenim
2047 2750 2128 2775 con-

1243 2794 1412 2830 firmatum
1435 2792 1565 2827 videtur
1587 2791 1729 2826 adserere
1751 2792 1843 2835 supra
1866 2790 2018 2825 laudatus
2040 2790 2128 2824 Evo-

1244 2844 1331 2888 ptius
1346 2868 1357 2884 ,
1382 2841 1572 2886 Cyzicenus
1582 2843 1762 2886 Episcopus
1773 2841 2076 2885 Metropolitanus,
2090 2840 2127 2875 in

1245 2942 1555 2978 chalcedonensem
1578 2967 1588 2983 ,
1615 2942 1657 2977 ad
1680 2943 1830 2977 Leonem
1847 2941 2038 2988 Augustum
2058 2940 2129 2974 seri·

1246 2995 1327 3029 bens
1339 2993 1509 3029 adversum
1524 2993 1793 3037 Eutychianistas
1817 2991 1915 3035 hujus
1926 2990 2054 3036 Synodi
2067 2990 2130 3025 ini·

1218 2857 1458 3112 *synodalibus
1484 2893 1600 2928 litteris
1624 2892 1826 2926 exstantibus
1854 2890 1924 2935 post
1951 2890 2127 2934 Synodum

301 3048 445 3082 catholica
471 3056 653 3088 veneratur,
681 3047 853 3080 nullatenus
873 3044 1037 3079 videbatur
1052 3044 1183 3085 postula-

302 3104 343 3131 tio
353 3100 565 3132 admittenda.
600 3097 822 3140 Nequaquam
836 3095 928 3129 istius
941 3094 1096 3130 Canones
1106 3118 1116 3134 ‚
1129 3093 1183 3128 sed

301 3147 409 3185 solum
431 3148 509 3182 fidei
523 3146 745 3191 Symbolum,
772 3156 931 3189 tanquam
955 3144 1022 3180 Dei
1034 3144 1185 3189 Evange-

303 3196 387 3230 lium
399 3221 411 3236 ,
436 3198 562 3231 &olim
577 3208 728 3232 venerata
749 3197 794 3231 est
806 3222 817 3237 ‚
841 3197 876 3230 ὅτ.
886 3196 1072 3230 etiamnum
1084 3193 1185 3228 hodie

1247 3046 1353 3080 micos
1371 3058 1379 3077 :
1407 3047 1516 3077 Prima
1539 3045 1643 3088 regula
1658 3043 1696 3083 est
1717 3042 1811 3085 posita
1823 3067 1834 3083 ,
1859 3054 1929 3085 quae
1950 3040 2126 3075 anatheme-

1225 3102 1325 3155 {tizat
1346 3100 1461 3137 apertis
1477 3092 1664 3137 sermonibus
1687 3092 1815 3134 baereses
1840 3090 2001 3135 universas
2024 3116 2032 3124 .
2057 3091 2125 3134 ,ριν

1226 3157 1231 3193 ἰ
1246 3148 1314 3189 ergo
1325 3144 1403 3178 hanc
1415 3146 1558 3183 synodum
1572 3143 1712 3186 refutant
1721 3150 1767 3176 ita
1784 3142 1925 3187 sanilam
1934 3144 1970 3176 Θ·
1979 3146 2122 3175 veneran-

1248 3197 1322 3229 dam
1343 3219 1354 3235 ,
1380 3206 1472 3239 quam
1487 3203 1557 3236 prae
1576 3194 1711 3227 omnibus
1731 3194 1853 3236 quidem
1882 3198 2001 3227 veritas
2019 3187 2125 3231 confir-

2143 3061 2275 3103 Epist-47.

303 3246 449 3284 Ecclesia
461 3257 634 3282 veneratur
646 3262 657 3281 .-
684 3248 804 3291 Neque
814 3245 894 3281 huic
906 3245 1091 3281 doctissimo
1099 3244 1188 3279 Pon·

305 3295 391 3334 tifici
415 3319 426 3334 ,
451 3295 580 3339 ejusque
601 3298 747 3342 generali
769 3296 908 3340 Synodo
931 3295 1053 3340 placuit
1075 3294 1186 3329 aliud.

306 3345 440 3381 Pncuit
460 3345 602 3387 superius
624 3347 759 3381 adducta
773 3347 949 3390 Iustiniani
963 3345 1105 3390 Augusti
1118 3345 1187 3379 No-

306 3395 396 3433 vella
420 3419 433 3437 ,
461 3393 621 3429 mandans
643 3397 840 3439 Symbolum
862 3422 873 3438 ,
900 3407 1058 3441 tanquam
1083 3396 1189 3429 Evan-

307 3446 436 3492 gelium
459 3468 470 3486 ,
498 3443 653 3478 Canones
677 3469 688 3485 ,
710 3456 867 3489 tanquam
886 3448 974 3492 leges
995 3473 1006 3489 ‚
1033 3446 1188 3487 admitti,

306 3497 446 3540 fierique
459 3493 688 3535 authenticos,
714 3495 748 3527 ὃς
757 3496 774 3528 a
787 3496 942 3530 Romana
956 3497 1099 3532 Ecclesia
1112 3508 1189 3531 con·

306 3546 455 3588 firmatos
468 3569 476 3579 .
502 3544 599 3584 Solus
621 3555 764 3589 namque
786 3545 901 3584 tertius
911 3557 1070 3591 repugnat
1091 3548 1186 3581 sexto

1249 3251 1350 3280 mavit
1363 3270 1373 3285 ,
1401 3246 1509 3279 deinde
1521 3247 1555 3280 o·
1566 3254 1650 3278 tanto
1662 3253 1792 3286 tempore
1803 3244 1891 3277 robur
1909 3245 2020 3282 accepit
2030 3263 2040 3279 ,
2065 3249 2125 3271 cer-

1249 3306 1314 3330 tum
1326 3295 1363 3335 est
1376 3320 1387 3335 ,
1413 3301 1484 3338 quia
1495 3308 1553 3329 non
1563 3307 1620 3328 uno
1630 3295 1760 3336 capitulo
1770 3292 1917 3337 sustinent
1922 3289 2100 3333 s'caendalum
2112 3312 2123 3328 ,

1245 3345 1304 3391 sed
1323 3353 1357 3379 in
1368 3348 1470 3379 multis
1494 3344 1650 3387 baerefibus
1669 3346 1811 3389 languere
1822 3356 1824 3358 ·
1834 3340 1991 3386 noscuntur
1999 3362 2008 3371 .
2034 3342 2124 3372 Nam

1230 3402 1302 3439 {qui
1326 3398 1420 3440 Iegem
1439 3402 1582 3430 veritatis
1608 3396 1790 3436 aob'utricem
1815 3391 1965 3434 refugiunt
1988 3413 1999 3430 ‚
2023 3392 2126 3431 aperti

1246 3445 1322 3491 sunt
1331 3452 1473 3480 veritatis
1484 3446 1573 3488 ipstus
1589 3450 1703 3478 inimici
1713 3469 1724 3485 ,
1751 3442 1870 3485 quando
1878 3439 1956 3473 hanc
1968 3439 2128 3478 synodum,

1252 3509 1343 3540 quam
1347 3495 1381 3540 se
1391 3504 1530 3540 ignorare
1540 3495 1708 3538 confingunt
1718 3518 1729 3533 ,
1755 3494 1789 3525 &⁵
1801 3494 1954 3524 Proterius
1967 3493 2030 3522 Deo
2042 3499 2127 3522 am

1252 3548 1323 3584 bilis
1350 3555 1421 3583 tunc
1448 3547 1663 3585 Alexandrina
1687 3547 1824 3578 civitatis
1848 3537 2027 3598 Episcopus·
2036 3562 2047 3578 ,
2074 3543 2128 3575 vir

1975 3599 2080 3626 amma

2336 3313 2346 3404 „tlt—„a-
2338 3190 2346 3296 x—mw-t..
2342 3126 2346 3184 ήᾼχ-
2341 3084 2346 3115 ..Ἰ-
