2346 3776
359 70 457 134 258

696 53 1046 126 &Curiones
1083 69 1389 129 Concita
1413 66 1688 141 ‘NJCAENI
1717 79 1751 113 2·

277 173 469 224 cumque
505 154 612 205 vero
649 152 954 203 indifferenter.
979 153 1208 211 tulerunt,
1260 135 1508 217 &aditum
1544 149 1793 201 introeundi
1842 153 2125 203 Ecclesiam-2.

282 229 361 278 sibi
396 227 596 276 arbitrati
633 223 728 274 sunt
764 223 822 272 ad
856 222 1182 273 conversionem
1214 218 1333 290 poffe
1366 219 1554 298 sufficere
1579 258 1594 283 ,
1630 222 1678 271 hi
1713 222 1941 274 definitum
1977 223 2123 275 modis

280 298 484 348 omnibus
511 300 691 365 ‘tempus
715 288 969 365 «impleam.-

499 388 925 481 §0110me

376 507 509 542 Arionis
520 505 712 549 intelledws-
725 504 847 552 hauriri
859 499 956 539 debet
969 514 1011 537 ex
1032 502 1169 547 primiti-

401 569 445 590 vae
459 557 607 591 Ecclesiae
633 553 793 591 sententia
814 555 854 590 de
871 555 959 589 bello
973 578 983 594 ,
1011 555 1063 588 seu
1077 551 1171 587 Chri-

287 610 468 643 stianorum
482 608 613 643 licentia
627 606 843 652 belligerandi
857 604 914 639 sub
927 604 1080 647 Principe
1093 614 1171 646 gen-

286 660 357 695 tili.
386 659 469 693 Eam
495 658 784 701 optimeeitponit
805 652 1173 699 Tertullianus-,Reli-

286 711 423 754 gionem
436 708 659 744 Christianam
670 732 680 748 ,
708 706 783 744 licet
794 707 900 741 forsan
924 705 942 737 ὲ
954 703 1058 737 tribus
1070 703 1174 737 famo-

287 761 324 795 fis
346 759 523 795 sceleribus
540 759 721 799 innocuam
735 782 746 798 ‚
775 768 884 791 tamen
907 755 1068 787 Romanae
1097 753 1173 787 Rei·

221 803 232 814 '
289 810 613 854 publicaeinutilem,
642 809 782 850 ideoque
793 803 1031 840 eliminandam
1045 803 1174 841 'calum-

210 872 220 883 ¹
287 860 458 895 niantibus
480 858 676 895 Gentilibus
694 852 868 900 respondet
891 855 926 888 in
950 853 1036 887 libro
1050 852 1175 896 Apolo-

290 912 421 956 g‘etico:
448 914 645 953 Navigamus
673 907 770 942 &nos
781 904 952 949 mbtssum,
979 901 1174 947 &vobiftum

288 961 454 994 militamus
468 983 478 998 ‚
505 961 539 992 (5²
561 958 753 998 rusticamur,
779 958 814 990 (ν
839 967 1020 990 mercamur:
1048 957 1174 999 ,Quomo-

286 1012 325 1044 do
349 1007 522 1050 infruc‘luofi
542 1009 700 1042 videamur
727 1012 852 1051 negotiis
889 1005 995 1046 vestris
1012 1005 1028 1038 ἓ
1056 1005 1169 1054 Quam

284 1072 351 1095 non
366 1059 555 1093 infructuosi
566 1060 724 1093 Romanae
739 1058 865 1092 miiitiae
878 1057 1035 1091 fuerimus
1053 1080 1062 1095 ,
1075 1058 1174 1091 docet

286 1110 394 1145 Marci
417 1108 543 1143 Aurelii
569 1108 738 1142 Antonini
763 1107 906 1152 Augusti
929 1118 998 1150 pro,
1021 1107 1175 1151 Legione

291 1159 513 1196 fulminatrice
525 1159 564 1192 ad
580 1159 735 1192 Senatum
750 1158 1018 1201 Epistola,quam
1030 1156 1177 1191 secundae

286 1213 350 1246 suae
361 1211 540 1254 Apologiae
553 1209 726 1245 subnexuit
741 1209 885 1252 Justinus
900 1208 1173 1250 Martyr.Milites

286 1263 415 1295 nostros
427 1261 526 1294 etiam
539 1260 678 1292 solemni
690 1261 903 1293 Sacramento
919 1258 1073 1300 professos
1084 1257 1175 1291 Prin·

286 1311 374 1354 cipi,
403 1309 616 1345 scribit“idem
628 1309 862 1343 Tertullianus
888 1309 921 1341 in
935 1308 1020 1342 libro
1031 1308 1071 1341 de
1084 1319 1172 1341 coro·

287 1374 328 1396 na
345 1362 476 1395 militis.
511 1361 667 1393 Formam
680 1360 775 1393 refert
787 1360 962 1403 Vegetius.
983 1361 1109 1402 Jurant
1117 1367 1174 1399 per

288 1416 386 1445 Deum
409 1435 419 1450 ,
446 1409 596 1450 Christum
617 1434 627 1450 ,
655 1411 689 1444 Εἰ
710 1412 857 1450 spiritum
878 1407 1018 1452 fimHum
1039 1433 1049 1446 ‚
1077 1409 1177 1449 &per

206 1458 222 1474 k
288 1461 471 1503 majestatem
484 1465 677 1502 Imperatoris
690 1483 699 1499 ,
727 1466 825 1492 omnia
841 1458 875 1498 se
887 1457 1151 1499 strenutfauuros
1164 1482 1174 1498 ,

287 1525 357 1556 quae
376 1516 554 1554 praeceperit
579 1512 745 1552 Imperator
770 1535 782 1550 ,
807 1518 969 1551 numquam
1005 1506 1172 1547 deserturos

287 1564 429 1595 militiam
457 1586 468 1601 ‚
493 1566 546 1595 nec
581 1570 705 1594 mortem
736 1558 921 1603 recusaturos
941 1567 1000 1601 pro
1037 1561 1175 1592 Romana

290 1613 452 1654 Republica
465 1636 472 1644 .

340 1663 450 1706 Pergit
464 1656 695 1694 Tertullianus
707 1659 740 1692 in
757 1659 842 1693 libro
853 1658 895 1692 de
908 1657 1108 1692 Idololatria.
1137 1661 1177 1690 At

292 1725 367 1746 nunc
389 1714 427 1746 de·
449 1711 499 1753 iflo'
519 1717 665 1753 quaeritur
679 1735 689 1750 ,
715 1722 757 1742 an
774 1709 877 1752 fidelis
899 1709 945 1741 ad
963 1709 1103 1740 militiam
1113 1718 1179 1740 con-

290 1759 459 1805 vertipqffit'
473 1787 483 1802 ,
509 1764 596 1795 &an
607 1762 717 1794 militia
740 1761 784 1792 ad
800 1759 892 1802 fidem
915 1760 1061 1797 admitti,
1087 1764 1179 1790 etiam

291 1816 422 1857 caligata
442 1811 628 1853 avelinferior
640 1835 651 1851 ,
675 1816 722 1844 cut·
733 1810 836 1852 nonfit
848 1809 993 1849 neceffitas
1005 1809 1179 1840 immolatio-

291 1877 362 1898 num
383 1863 436 1897 vel
453 1864 629 1904 capitalium
642 1862 844 1901 Judiciorum.
874 1858 1132 1902 Respondetque
1144 1858 1178 1891 fi·

292 1916 401 1947 delem
429 1914 469 1947 ad
498 1912 623 1948 nullam
651 1911 780 1955 penitus
806 1935 816 1950 ‚
843 1907 960 1954 utique
987 1907 1047 1942 sub
1059 1907 1179 1953 gentili

292 1965 472 2007 Principe,
499 1962 770 2007 posseconverti:
799 1960 903 2006 Qiod
932 1958 1115 1992 humanum
1126 1957 1179 1992 Sa·

291 2025 498 2050 eramentum
512 2038 522 2053 ‚
550 2013 597 2046 uti
612 2013 643 2046 in
658 2012 748 2045 dieto
766 2010 851 2044 libro
872 2011 912 2043 de
926 2020 1050 2043 corona
1062 2009 1182 2042 militis

293 2066 405 2101 scribit
417 2089 428 2106 ,
455 2076 523 2098 non
537 2061 631 2106 possrt
645 2060 814 2105 superduci
828 2060 956 2094 Divino
968 2072 978 2101 3
992 2059 1081 2102 quod
1095 2058 1181 2093 filius

293 2117 402 2160 pacis,
429 2114 480 2147 cui
498 2120 556 2146 nec
568 2111 697 2155 litigare
710 2111 891 2149 convenit,
914 2119 1056 2152 nequeat
1069 2109 1102 2142 in
1114 2109 1179 2152 gla-

293 2168 351 2201 dio
373 2164 581 2202 conversari,
607 2162 641 2196 ὃς
656 2162 764 2204 praelio
788 2160 934 2203 operari3
960 2159 1052 2203 quod
1075 2159 1180 2202 ipsum

294 2217 336 2250 de
351 2216 462 2249 castris
475 2215 556 2247 lucis
569 2214 600 2246 in
614 2213 713 2246 castra
726 2210 934 2244 tenebrarum
949 2221 1070 2243 nomen
1080 2209 1185 2244 defer-

296 2279 330 2301 re
343 2268 378 2299 lit
391 2265 581 2309 trangressio
594 2275 604 2305 ·,
615 2264 648 2296 &
662 2261 751 2303 quod
765 2260 932 2295 Dominus
946 2261 977 2294 in
993 2259 1092 2294 Petro
1103 2284 1113 2300 ,
1123 2259 1181 2301 qui

297 2318 366 2362 post
381 2316 536 2359 baptisma
550 2314 697 2359 gladium
713 2311 842 2354 sumpsit
855 2335 864 2350 ‚
877 2310 1079 2344 exarmando
1089 2310 1183 2344 susci·

299 2367 451 2412 piendam
465 2362 621 2399 militiam
650 2361 856 2396 interdixerit
867 2361 960 2394 omni
971 2358 1164 2395 Christiano
1174 2386 1181 2394 .

351 2418 398 2450 At
425 2415 503 2449 vero
526 2424 656 2458 propter
669 2411 790 2446 Christi
812 2410 978 2451 Domini,
1006 2408 1182 2444 Centurio-

302 2479 379 2502 nem
392 2466 567 2504 laudantis,
578 2464 714 2507 Joannis
730 2462 878 2503 ssaptissae
891 2485 901 2501 ,
916 2461 1087 2494 Romanos
1099 2460 1184 2493 mili-

301 2529 350 2551 tes
373 2515 542 2558 Baptismo
560 2515 618 2547 suo
642 2512 822 2551 donantis,
849 2510 981 2545 &Petri
1006 2509 1183 2553 Apostoli,

296 2566 492 2602 Cornelium
507 2563 749 2597 Centurionem
769 2560 879 2594 nostro
905 2560 1119 2593 Sacramento
1130 2559 1184 2593 ab·

296 2617 420 2653 luentis
442 2639 452 2655 ,
479 2614 705 2647 auctoritatem
730 2635 740 2650 ‚
770 2611 889 2643 fatetur
912 2611 998 2651 poste
1019 2609 1058 2643 ad
1083 2609 1181 2643 fidem

298 2666 429 2704 admitti
443 2664 620 2700 militiam,
647 2666 791 2695 attamen
818 2659 979 2692 duntaxat
1005 2660 1185 2703 caligatam.

299 2721 354 2754 seu
370 2716 577 2750 inferiorem.
608 2711 794 2750 Audiamus
806 2710 925 2742 librum
938 2709 978 2742 de
990 2719 1111 2742 corona
1124 2711 1182 2741 mi-

300 2769 385 2804 litis.
417 2759 549 2806 Planefi
565 2772 637 2806 quos
650 2762 942 2802 milutapraeventos
959 2752 1039 2804 fists
1048 2758 1184 2800 posterior

300 2822 442 2857 invenit,
469 2811 730 2852 aliacondttioest,
756 2811 982 2860 utilloru7n7,-3
1032 2811 1183 2860 Joannes

305 2866 490 2902 admittebat
506 2865 550 2897 ad
571 2863 728 2896 lavacrum
738 2871 752 2903 ;
778 2867 812 2894 ut
839 2861 1002 2893 centurion
1023 2859 1186 2901 infideliffi-

305 2929 445 2956 morum,
470 2927 555 2958 quem
582 2911 716 2952 Christus
737 2911 851 2953 probat
872 2936 882 2950 ,
909 2911 943 2944 (⁹3⁵
959 2904 1082 2942 ‘Petrus
1107 2915 1183 2942 cate'-

303 2966 421 3002 chizat:
451 2968 531 2999 Dum
544 2974 645 2996 tamen
652 2960 789 3005 suscepta
796 2959 861 3003 fide
871 2970 962 3002 atque
970 2958 1106 3003 fignata,
1132 2968 1187 2992 aut

305 3017 497 3060 deserendum
511 3015 619 3055 statim
632 3011 673 3056 fit
692 3037 701 3052 ‚
728 3020 762 3045 ut
784 3012 804 3043 ἃ
828 3011 932 3043 multis
961 3010 1060 3042 aequm
1086 3034 1096 3049 ‚
1135 3018 1189 3041 aut

304 3067 439 3099 omnibus
466 3066 561 3098 modis
586 3062 794 3096 cavillandum
822 3085 832 3100 ,
867 3072 902 3094 ne
938 3062 1014 3102 quid
1039 3057 1188 3102 adversus

310 3116 406 3149 Deum
416 3121 635 3150 committatur,
667 3118 721 3145 aur
732 3110 876 3152 novtffime‘
891 3109 1117 3152 perpetiendum
1133 3115 1190 3151 pro

307 3169 394 3203 Deo,
420 3166 498 3206 quod
518 3166 601 3206 aeque
616 3156 697 3204 fides
715 3170 841 3206 pagana
866 3161 1001 3194 condixit
1027 3186 1034 3192 .
1063 3159 1188 3204 Pagani

309 3225 391 3250 tunc
419 3223 509 3246 erant
537 3213 688 3246 homines
727 3212 834 3245 insirni
861 3209 879 3244 ὲ
905 3210 1023 3244 militia
1048 3210 1190 3251 exclusi,

311 3263 470 3308 Apolemi
481 3259 555 3294 dieti
570 3262 715 3295 aGraecis
730 3286 739 3300 ‚
760 3262 1034 3305 ideoquepagana
1047 3257 1127 3295 fides
1137 3261 1190 3293 seu

303 3313 430 3359 pagani
457 3311 566 3345 fideles
587 3321 676 3343 erant
701 3311 812 3345 fideles
834 3323 903 3344 non
926 3311 1066 3344 milites:
1094 3309 1191 3344 variis

310 3361 433 3407 quippe
443 3359 645 3404 temporibus
657 3361 742 3392 varia
758 3361 831 3395 voci
843 3361 891 3394 illi
904 3361 1102 3406 significatio
1113 3384 1125 3402 ‚
1150 3358 1191 3395 de

311 3425 376 3460 qua
398 3412 493 3446 alias.

301 3477 308 3481 ¹
362 3461 408 3499 Et
421 3460 488 3504 haec
502 3459 634 3506 quidem
645 3458 684 3495 de
697 3454 764 3494 sola
777 3459 895 3495 militia
918 3460 1055 3506 caligata
1066 3460 1192 3496 sivein-

111 2076 205 2109 Cir.

124 2771 160 2800 C.
177 2771 220 2799 ιἰ.

1237 395 1377 443 ῑετὶὅῐί,
1391 386 1547 447 Superior
1571 399 1682 437 statim
1693 403 1712 439 ὲ
1723 406 1868 450 suscepta
1878 406 1914 442 &
1932 418 1989 451 per
2000 405 2125 451 Baptis-

1238 453 1371 500 mumrs
1421 451 1473 489 ita
1496 455 1561 489 fide
1584 448 1724 489 debebat
1746 454 1872 498 deseri,
1897 457 1988 502 quod
2009 458 2060 492 illi
2080 469 2122 492 ex

1238 502 1351 542 officio
1371 514 1390 537 e
1414 514 1447 539 et
1470 505 1635 539 necessitas
1658 505 1927 541 immolationum
1947 508 1982 542 δε
2000 508 2122 552 capita-

1238 554 1321 587 lium
1343 552 1543 597 judiciorum
1561 580 1568 587 .
1596 555 1761 599 Capitalia
1783 556 1874 591 enim
1893 557 1929 592 &
1945 557 2070 601 judicia
2087 559 2122 594 &
2140 539 2278 569 L'⁶'c'²⁰'

1202 615 1211 624 ·
1237 605 1461 640 accusationes
1482 604 1670 643 homicidio
1689 605 1844 649 adjunxit
1865 631 1877 648 ,
1913 607 1949 642 δε
1968 607 2121 644 fidelibus

1221 1314 1227 1653 l

1240 653 1412 688 interdixit
1424 655 1526 690 etiam
1537 656 1727 692 Lactantius
1738 680 1745 688 .
1773 655 1868 704 Qin
1884 656 1990 694 immo
1999 659 2033 693 &
2043 661 2122 694 San-

1238 706 1305 739 etus
1329 705 1520 740 Ambrosius
1535 706 1652 741 Studio
1664 732 1674 748 ,
1701 706 1810 741 nobili
1832 707 1924 747 viro,
1948 701 1991 741 de
2010 706 2062 743 his
2073 710 2122 744 in·
2140 726 2274 768 Epist-5¹·

1239 756 1442 799 oerrogami,
1467 756 1654 800 respondit:
1681 758 1781 798 Sunt,
1807 763 1860 800 qui
1879 769 1930 791 eos
1951 763 1985 790 in
1995 769 2123 792 commu-

1240 811 1355 837 nionem
1373 818 1430 839 non
1451 816 1557 840 vocent
1577 809 1836 841 sacramentorum
1856 806 2013 848 coelestium
2031 832 2043 849 ,
2068 815 2123 852 qui

1239 861 1272 888 in
1282 856 1569 899 aliquos.capitalem
1575 856 1760 900 sententiam
1779 856 1945 900 ferendam
1955 857 2122 899 aestimave-

1240 914 1328 938 runt.
1357 907 1497 949 Plerique
1518 913 1611 941 etiam
1627 905 1733 951 sponte
1753 906 1788 951 se
1808 907 1975 949 abstinent,
2001 911 2036 943 ά·
2057 910 2124 943 lau-

1239 957 1355 989 dantur
1377 955 1497 998 qut'dem
1519 981 1531 997 ,
1555 969 1608 992 nec
1628 957 1686 1000 ipfi
1703 969 1750 992 eos
1766 959 1915 1001 poffumus
1935 970 1994 992 non
2006 961 2123 1001 praedt-

1239 1018 1306 1040 care
1324 1032 1331 1039 .
1361 1007 1408 1048 Et
1425 1007 1514 1041 infra*
1533 1021 1543 1042 .-
1569 1009 1703 1048 Majores
1724 1008 1812 1048 nostri
1833 1009 2003 1043 maluerunt
2023 1009 2124 1044 indul-

1235 1062 1385 1101 gentiores
1404 1057 1455 1101 effe
1476 1063 1553 1090 circa
1566 1059 1689 1098 judices
1700 1083 1712 1098 ‚
1736 1067 1771 1091 ut
1790 1059 1862 1091 dum
1876 1060 2000 1103 gladius
2021 1071 2122 1094 eorum

1240 1113 1394 1140 timeretur
1415 1131 1425 1147 ,
1459 1113 1669 1148 reprimeretur
1691 1105 1833 1150 fielerum
1845 1107 1938 1149 furor
1957 1134 1969 1150 ,
2003 1111 2043 1144 δ’
2061 1114 2123 1144 non

1240 1163 1432 1191 incitaretur.
1467 1159 1565 1201 ,Quod
1578 1156 1611 1199 fi
1629 1166 1786 1201 negaretur
1807 1154 1968 1193 communio
1991 1182 2003 1199 ,
2036 1161 2124 1194 vide»

1239 1217 1321 1241 retur
1357 1207 1576 1251 criminosorum
1609 1209 1768 1242 vindicata
1785 1215 1878 1249 poemt
1902 1233 1910 1240 .
1947 1206 2127 1243 maluerunt

1245 1264 1337 1302 igitur
1349 1261 1468 1291 Priores
1487 1257 1595 1298 nostri,
1621 1267 1656 1291 ut
1674 1259 1710 1291 id
1728 1264 1760 1290 in
1773 1259 1929 1292 voluntate
1949 1264 2047 1303 magis
2070 1257 2124 1293 ab·

1234 1308 1378 1349 stinentis
1392 1332 1403 1349 ,
1429 1310 1521 1351 quam
1532 1314 1565 1340 in
1577 1307 1782 1350 neceffitatefit
1794 1311 1902 1352 Legis.
1930 1308 2122 1352 Baptizatos

1240 1358 1383 1401 judices,
1408 1369 1524 1392 eorum
1536 1358 1694 1398 curiales,
1718 1360 1901 1401 omnesque
1911 1359 2056 1400 milites,
2079 1358 2123 1394 de

1240 1420 1381 1450 quorum
1406 1409 1648 1443 communione
1669 1433 1680 1449 ,
1708 1408 1799 1452 quod
1820 1404 2124 1454 nihilauajortbat
2140 1414 2277 1456 Epist.23.

1241 1458 1396 1501 definitum
1400 1457 1460 1500 fit,
1487 1459 1586 1493 sentit
1609 1465 1687 1492 cum
1706 1458 1882 1493 Ambrosio
1899 1484 1910 1500 ,
1938 1459 1974 1494 in
1985 1459 2123 1496 Glaum
2137 1460 2202 1489 αδ·

1241 1509 1368 1543 adsumi
1388 1518 1476 1542 vetat
1497 1508 1714 1544 Innocentius
1739 1509 1864 1552 primus
1885 1509 1921 1543 in
1943 1509 2061 1544 litteris
2079 1509 2123 1545 ad

1243 1558 1416 1603 Synodum
1436 1558 1641 1593 Toletanam
1660 1583 1671 1599 ,
1697 1558 1940 1594 &victricium
1962 1558 2123 1594 Rotoma-

1244 1610 1378 1654 gensem
1390 1608 1592 1652 Episcopum
1615 1633 1627 1649 ,
1651 1608 1751 1649 idque
1770 1608 1884 1652 vigore
1906 1606 2003 1652 hujus
2013 1609 2125 1644 Cano·

1246 1659 1296 1693 nis
1313 1671 1323 1700 ·,
1361 1658 1490 1701 Judices
1511 1657 1556 1692 ob
1578 1657 1728 1700 capitalia
1747 1657 1871 1700 judicia
1891 1682 1903 1698 ,
1937 1658 2059 1692 milites
2077 1658 2125 1693 ob

1246 1709 1380 1752 praestita
1392 1708 1459 1742 illis
1481 1709 1588 1742 severa
1610 1707 1813 1747 ministeria,
1838 1706 1988 1742 Curiales
2003 1707 2126 1746 obedi·

1247 1760 1355 1794 tiones
1375 1758 1524 1802 publicas
1545 1781 1556 1798 ,
1583 1758 1684 1791 etiam
1704 1755 1902 1793 Christianis
1921 1757 2128 1804 temporibus

1247 1820 1314 1843 non
1329 1809 1495 1842 immunes·
1504 1807 1546 1842 ab
1557 1807 1745 1842 idololatria
1756 1832 1765 1840 .

1298 1858 1459 1893 Attamen
1481 1858 1515 1892 δε
1535 1857 1677 1902 caligata
1701 1866 1800 1902 atque
1821 1857 1957 1893 inferior
1977 1857 2100 1894 militia
2113 1875 2128 1899 ·.

1248 1909 1324 1943 licet
1339 1908 1466 1944 nullam
1489 1908 1761 1943 immolationum
1783 1908 2005 1945 necessitatem
2023 1931 2035 1949 ‚
2056 1907 2127 1943 ¹ha·

1249 1959 1321 1994 buit
1341 1970 1451 1994 tamen
1473 1959 1561 1993 varia
1582 1958 1677 1993 varim
1700 1958 1894 1993 idololatriae
1920 1958 2066 2002 pericula
2079 1958 2127 1995 ‚in

1248 2009 1337 2043 dicto
1360 2008 1446 2044 libro
1458 2005 1500 2043 de
1519 2020 1645 2043 corona
1665 2008 1782 2044 militis
1806 2003 1974 2054 ‘eleganter
1991 2019 2128 2045 enume-

1249 2071 1317 2094 rata
1339 2059 1357 2093 a
1381 2056 1597 2094 Tertulliano
1618 2078 1630 2100 5
1664 2058 1806 2094 addente
1825 2084 1836 2100 ,
1871 2066 1986 2094 eomm
2009 2059 2126 2103 utique

1249 2112 1344 2144 causa
1357 2134 1368 2151 ,
1394 2111 1498 2154 ipsam
1527 2105 1692 2150 amalus,
1714 2110 1861 2158 suscepta
1882 2119 1981 2153 atque
1998 2109 2128 2155 signata

1250 2160 1315 2194 fide
1336 2184 1347 2199 ,
1385 2159 1495 2194 statim
1518 2160 1679 2193 desertam
1702 2184 1709 2192 .
1746 2159 1797 2194 lta
1813 2157 1847 2194 δε
1870 2158 2128 2194 Valentinianus

1251 2210 1367 2244 Senior
1379 2209 1550 2254 Augustus
1564 2233 1574 2249 ,
1601 2209 1650 2243 uti
1673 2209 1710 2242 in
1734 2209 1795 2243 filii
1811 2208 1880 2251 ejus
1898 2209 2056 2244 encomio
2077 2209 2129 2242 fu-

1252 2259 1343 2294 nebri
1366 2259 1501 2294 testatur
1521 2260 1657 2293 SanCius
1677 2257 1871 2293 Ambrosius
1885 2282 1895 2298 ‚
1914 2259 2057 2292 militiam
2068 2256 2128 2305 sub
2142 2254 2240 2294 L·3·c.
2253 2256 2297 2290 18.

1244 2311 1396 2355 juliano,
1423 2309 1642 2343 &tribunatus
1653 2307 1775 2342 honores
1789 2332 1800 2350 ,
1821 2309 1896 2352 fidei
1917 2320 2017 2343 amore
2029 2332 2040 2349 ,
2066 2320 2129 2342 con-
2146 2301 2193 2328 ¹⁶·

1250 2358 1381 2402 tempfit.
1410 2359 1545 2394 Fastum
1557 2358 1591 2393 id
1609 2359 1711 2393 etiam
1729 2366 1810 2394 tunc
1822 2357 1995 2402 apluribus
2013 2358 2129 2394 scribit
2203 2357 2205 2359 ’

1247 2409 1487 2444 -Theodoretus
1510 2433 1517 2441 .
1553 2408 1606 2443 Sic
1633 2409 1736 2453 igitur
1756 2408 1944 2451 &Licinio
1970 2406 2129 2453 Augusto

1251 2459 1453 2504 apostatante
1474 2483 1484 2500 ‚
1521 2459 1634 2493 divina
1655 2459 1759 2504 gratia
1782 2459 1859 2493 taeti
1886 2458 1989 2492 nostri
2006 2458 2129 2494 milites

1251 2511 1427 2554 deposuere
1449 2509 1624 2554 cingulum
1644 2532 1656 2548 ,
1680 2506 1893 2551 chlamydem
1916 2531 1927 2548 ,
1963 2508 2126 2554 caligam;

1253 2560 1364 2594 verum
1375 2560 1509 2603 quidam
1522 2559 1564 2593 ad
1574 2556 1738 2593 vomitum
1750 2558 1860 2602 relapsi
1877 2558 1978 2593 etiam
1990 2559 2128 2602 pecunia

1251 2623 1287 2644 ac
1299 2609 1467 2648 beneficiis
1483 2608 1525 2643 ab
1539 2609 1695 2653 Apostata
1717 2605 1873 2643 militiam
1890 2607 2096 2643 redemerunt
2116 2632 2129 2649 ,

1252 2670 1348 2703 atque
1360 2660 1406 2693 ita
1417 2659 1534 2702 seipsos
1556 2659 1589 2692 in
1614 2656 1705 2693 mille
1715 2657 1909 2692 idololatrix
1920 2657 2056 2701 quidam
2077 2670 2129 2702 pe-

1253 2710 1376 2749 ricula,
1402 2704 1535 2752 quidam
1560 2708 1759 2742 necessitates
1778 2707 1997 2751 projecerunt.
2025 2708 2130 2744 Hisce
2198 2735 2201 2740 .

1252 2762 1332 2805 ergo
1353 2760 1535 2802 spontaneo
1558 2759 1636 2792 fletu
1654 2758 1831 2792 Ecclesiam
1856 2757 2063 2801 pulsantibus
2085 2784 2088 2785 ν
2116 2773 2132 2784 ··

1255 2821 1322 2844 non
1331 2809 1440 2843 noster
1451 2808 1595 2853 imponit
1605 2808 1738 2843 triennii
1753 2807 1969 2843 Audientiam
1979 2833 1990 2850 ,

1251 2861 1298 2894 nii
1322 2859 1579 2894 Suhstrationem
1599 2885 1609 2898 ‚
1638 2858 1891 2893 Consistentiam
1912 2857 2066 2902 Episcopi

1251 2910 1351 2944 bitrio
1374 2905 1529 2952 relinquit
1548 2935 1555 2942 .
1593 2908 1850 2943 Substrationem
1870 2908 1953 2944 reste
1971 2918 2051 2942 voca
2113 2923 2128 2931 ·

1251 2961 1433 2994 flistionem
1468 2979 1479 3001 5
1517 2959 1611 2993 causa
1639 2959 1842 2993 infinitarum
1878 2957 2093 2994 afflictionum
2114 2976 2127 2997 ,

1251 3006 1371 3056 quibus
1384 3011 1416 3044 in
1426 3009 1528 3054 gradu
1543 3009 1603 3043 illo
1614 3008 1787 3053 oportebat
1798 3009 1936 3054 defungi
1948 3032 1956 3042 .

1305 3057 1499 3094 Auditionis
1511 3060 1583 3092 vult
1604 3055 1645 3093 ab
1658 3058 1814 3093 omnibus
1834 3054 2128 3101 indispensabiliter

1254 3105 1380 3154 impleri
1405 3135 1415 3151 ,
1442 3109 1674 3143 Substrationis
1699 3110 1731 3142 ὅ(
1746 3106 1969 3143 Gonfistentiae
1979 3112 2128 3148 tempora

1254 3161 1414 3204 permittit
1435 3159 1476 3204 ab
1495 3160 1659 3202 Episcopo
1681 3159 1834 3193 breviari:
1860 3166 2004 3193 attamen
2023 3155 2057 3189 in
2079 3155 2130 3189 so-

1255 3212 1304 3245 los
1315 3210 1360 3245 ob
1372 3210 1571 3254 poenitentiae
1582 3211 1741 3243 fervorem
1751 3208 1855 3254 gratia
1870 3206 1992 3250 dignos
2004 3228 2011 3236 .
2039 3205 2130 3239 Flac-

1255 3261 1366 3300 cidos‚
1399 3260 1694 3304 praevaricationem
1719 3260 1830 3298 suam,
1855 3254 2131 3300 quasiaeommu·

1258 3311 1424 3346 nidelisto
1441 3320 1510 3344 non
1521 3306 1672 3350 differat,
1698 3306 1848 3353 singulari
1869 3305 1957 3340 luctu
1980 3316 2051 3340 non
2071 3305 2131 3340 im*

1258 3372 1401 3406 petentes
1427 3386 1438 3402 ,
1474 3361 1716 3402 contentosque
1751 3355 2063 3400 quomodocumque
2096 3353 2131 3391 δε

1257 3411 1534 3456 quandocumque
1553 3410 1670 3443 intrare
1691 3406 1870 3442 Ecclesiam
1893 3431 1905 3449 ,
1942 3406 2020 3453 cogi
2040 3415 2132 3447 man!

1257 3462 1362 3497 datad
1376 3461 1509 3506 plenum
1520 3459 1682 3505 rigorem,
2006 3502 2072 3540 CA
2113 3458 2121 3484 -’
