2346 3776
269 147 1242 316 BENEVOLO
1312 184 2109 316 LECTom

336 395 462 454 FR.
502 394 906 454 THOMAS
954 392 1455 455 ANTONIUS
1491 396 2039 459 PHILIPPINI.

705 560 736 595 ”f
764 536 803 583 A
813 538 865 579 est
873 552 940 593 per
952 537 1203 579 Christianum
1212 536 1352 579 Orbem
1362 537 1582 581 emditiffimi
1593 554 1697 596 aeque
1713 555 1755 582 ac
1769 539 2012 595 sapientissimi
2025 542 2108 586 Ad·-

556 629 647 646 Ἑ
708 621 734 633 2
793 596 947 637 modum
966 595 1177 639 Reverendi
1195 623 1207 641 ,
1239 608 1283 634 ac
1311 597 1436 636 eximii
1455 597 1574 639 Patris
1594 599 1763 656 Magistri
1786 599 2107 643 CHRISTIANI

794 655 925 698 LUPI
943 651 1078 709 longe,
1107 650 1255 705 lateque
1264 650 1618 703 diffusacelebritas,
1648 669 1687 697 ut
1713 658 1866 701 noffllas
1885 655 1971 701 esset
1982 657 2107 701 Athe·-

794 726 884 759 nas,
912 713 1079 757 utajunt,
1106 707 1273 755 deferre,
1302 708 1328 749 fi
1346 710 1807 764 praestantiffimiDoCtoris
1825 712 2013 757 recensere
2031 719 2108 757 vir-

670 804 677 823 3
790 781 907 815 tutes,
937 764 1167 819 ejusdemque
1188 765 1375 808 elaborata
1393 768 1645 810 Ecclesiasticae
1663 769 1861 824 praesertim
1880 774 2109 827 antiquitatis

658 826 733 880 ’έῖ
789 836 1026 866 monumenta
1035 822 1224 867 benevolo
1233 823 1646 868 Lectoriconunendare
1656 841 1889 871 conaremur.
1917 831 2033 877 Hujus
2044 843 2108 871 au·-

604 884 662 929 je
687 875 706 935 ξ’
788 895 863 925 tem
873 881 1072 923 voluminis
1092 879 1205 921 fronti
1235 877 1344 921 affixa
1361 880 1552 925 dostiffitni
1565 882 1742 926 Auctoris
1752 888 1842 928 Vita
1855 885 1942 928 seris
1960 889 2107 942 nepoti-

488 937 545 973 2
593 962 598 964 >
610 947 636 973 ’.κ
655 986 732 993 l
790 939 859 984 bus
879 938 1042 979 hominis
1060 940 1190 978 merita
1204 937 1317 978 latere
1328 945 1406 979 non
1418 938 1531 988 finer,
1560 940 1741 998 nobisque
1760 943 2010 998 amplissimam
2026 958 2107 985 ma·-

502 998 510 1005 '
535 1029 537 1031 .
723 996 731 999 ⁴
791 998 857 1053 gni
869 998 1030 1036 nominis
1040 995 1256 1036 memoriam
1264 995 1465 1049 posteritati
1484 997 1722 1041 consecrandi
1741 1014 1819 1042 non
1838 1000 1961 1045 levem
1978 1004 2106 1056 arripit

262 1057 510 1114 provinciam.
540 1057 656 1111 Qod
666 1057 778 1112 igitur
788 1053 970 1108 reliquum
981 1051 1042 1094 hic
1054 1052 1126 1100 est,
1155 1051 1381 1107 propositum
1397 1054 1558 1099 nostrum
1586 1054 1738 1111 suscepti
1758 1060 1883 1099 oneris
1903 1072 1944 1099 ac
1956 1058 2104 1099 laboris

261 1127 308 1155 ex
319 1114 554 1167 Superiorum
565 1110 672 1160 jussu,
701 1115 738 1153 &
750 1114 932 1166 imperio,
958 1109 1157 1165 praesertim
1177 1108 1367 1151 dostiffimi
1380 1139 1392 1157 ,
1420 1125 1462 1151 ac
1482 1111 1786 1157 Reverendiffimi
1795 1117 1913 1157 Patris
1933 1115 2104 1171 Magistri

262 1167 443 1215 Francisci
453 1172 586 1215 Mariae
597 1172 739 1228 Qerni
750 1172 863 1211 totius
875 1167 1005 1214 nostrae
1018 1168 1227 1224 Religionis
1248 1168 1459 1209 Eanicarii
1480 1166 1713 1222 Apostolici,
1741 1171 1800 1213 cui
1820 1171 1974 1213 obedire
1995 1172 2108 1213 nobis

263 1225 401 1272 summa
411 1227 491 1281 laus
502 1226 574 1276 est,
604 1229 734 1283 &quae
743 1227 994 1282 praestitimus,
1023 1228 1154 1279 &quae
1162 1224 1350 1278 praestituri
1361 1222 1479 1265 sumus
1490 1251 1502 1272 ,
1532 1226 1618 1265 Tibi
1634 1226 1799 1266 breviter
1817 1229 1960 1281 aperire
1982 1226 2109 1270 decre·-

264 1287 404 1328 vimus.
434 1287 488 1331 Ut
497 1288 596 1330 enim
606 1287 731 1326 omnia
739 1283 896 1324 celebris
915 1284 986 1323 viri
1009 1284 1154 1335 Opera,
1183 1295 1266 1336 quae
1284 1282 1333 1323 ab
1352 1282 1503 1323 eruditis
1523 1282 1659 1331 jamdiu
1681 1280 1809 1323 frustra
1827 1283 2111 1338 quaerebantur,

263 1345 302 1381 in
316 1355 427 1386 unum
448 1355 582 1396 corpus
602 1341 831 1397 congerendi
851 1341 1018 1393 Spartam
1029 1337 1231 1381 subivimus
1244 1367 1257 1387 ,
1286 1340 1378 1380 illud
1386 1337 1567 1393 praecipue
1579 1340 1681 1381 cordi
1699 1339 1790 1388 fuit,
1810 1340 2008 1383 nonnullas
2019 1340 2110 1388 ejus-

263 1400 348 1441 dem
360 1399 654 1439 elucubrationes
665 1398 821 1439 ineditas
832 1397 952 1438 adhuc
963 1399 1002 1437 in
1013 1396 1130 1437 lucem
1139 1395 1296 1450 prodere
1307 1426 1319 1445 ,
1348 1397 1527 1438 editarum
1547 1395 1641 1438 vero
1651 1398 1838 1451 complura
1855 1398 1939 1439 loca
1957 1398 2020 1439 vel
2041 1412 2111 1454 ap-

263 1456 482 1510 pendicibus
493 1458 531 1495 in
542 1455 772 1500 voluminum
782 1454 880 1495 calce
890 1454 938 1495 ab
949 1452 1122 1494 Authore
1132 1452 1299 1502 subjectis
1309 1484 1321 1502 ‚
1350 1454 1412 1495 vel
1433 1455 1542 1495 novis
1552 1454 1819 1501 adjeffionibus
1838 1455 1886 1496 ab
1907 1455 2041 1497 eodem
2059 1454 2110 1497 ad

263 1514 415 1557 alteram
444 1525 598 1567 operum
616 1511 760 1554 suorum
780 1510 1043 1566 impreffionem
1062 1513 1199 1565 paratis
1220 1510 1420 1559 illustrare,
1448 1524 1559 1565 atque
1578 1510 1823 1565 amplificare.
1853 1514 1901 1553 Et
1918 1527 2048 1554 revera
2062 1511 2107 1553 'in

263 1570 337 1611 hoc
348 1572 468 1624 primo
478 1583 602 1617 tomo,
630 1573 669 1611 &
686 1573 725 1610 in
746 1567 894 1623 ipsamet
902 1569 1102 1610 voluminis
1114 1567 1235 1609 fronte
1246 1581 1409 1610 occurret
1427 1568 1680 1622 praeliminaris
1706 1569 1755 1611 de
1766 1569 1908 1611 Meletii
1921 1599 1932 1618 ,
1961 1573 1999 1611 &
2018 1568 2109 1610 Arii

262 1626 455 1675 Personis,
483 1628 669 1676 moribus,
698 1639 808 1682 atque
819 1626 1004 1671 erroribus
1014 1626 1170 1669 antehac
1182 1626 1322 1670 inedita
1331 1624 1568 1674 Dissertatio,
1597 1640 1672 1682 qua
1693 1625 1849 1670 mirifice
1859 1627 2108 1668 Ecclesiastica

262 1684 463 1728 elucidatur
473 1683 623 1727 historia
632 1717 642 1725 .
673 1685 782 1725 Illam
791 1683 891 1739 pone
901 1682 1062 1739 sequitur
1070 1680 1283 1723 Dissertatio
1293 1683 1340 1724 de
1351 1683 1541 1739 Symbolis
1552 1681 1770 1737 Apostolico
1779 1713 1790 1732 ,
1811 1697 1921 1740 atque
1932 1686 2109 1733 Nicaeno,·

263 1741 398 1797 iamdiu
408 1743 559 1797 quidem
570 1741 707 1795 publici
719 1744 804 1788 juris
813 1739 931 1788 facita,
960 1739 1023 1782 sed
1034 1754 1130 1781 nunc
1139 1743 1249 1780 tantis
1270 1742 1376 1781 aucta
1396 1743 1650 1788 incrementis,
1680 1753 1719 1782 ut
1729 1755 1829 1783 nova
1837 1740 1983 1796 prorsus
2001 1739 2107 1786 effe)

262 1799 452 1840 videatur.
483 1801 526 1839 In
537 1801 656 1853 primo
677 1797 854 1853 siquidem
865 1796 1023 1846 ejusdem
1031 1802 1149 1852 capite
1163 1799 1210 1839 ad
1220 1797 1282 1837 illa
1293 1798 1427 1839 verba:
1456 1802 1502 1838 Et
1514 1804 1551 1839 in
1560 1797 1781 1850 disputatione
1799 1813 1878 1838 cum
1887 1802 2107 1841 „Arianorum

261 1862 386 1898 Comite
395 1855 588 1909 ‘Pafi‘entiffi
618 1858 798 1910 incipiunt
816 1856 1024 1897 additiones
1044 1854 1266 1908 posthumae.-
1296 1866 1425 1900 caetera
1443 1865 1505 1892 aut
1523 1853 1677 1893 adaucta
1697 1851 1778 1895 sunt
1795 1882 1808 1900 ,
1837 1866 1899 1894 aut
1916 1856 2013 1900 juxta
2022 1852 2106 1893 Au«-

259 1915 371 1953 &oris
392 1925 552 1953 mentem
573 1915 780 1952 immutata.
812 1913 938 1965 Caput
957 1910 1153 1951 secundum
1171 1912 1209 1950 in
1229 1911 1346 1963 prima
1364 1910 1527 1950 editione
1547 1908 1593 1948 fic
1606 1908 1710 1951 finit:
1738 1915 1852 1950 Sermo
1871 1912 2103 1950 inchoan'onis:

260 1973 299 2010 in
311 1969 379 2010 hac
391 1969 514 2010 nostra
524 1998 536 2016 ‚
567 1983 649 2023 quae
660 1965 846 2022 supersunt
857 1997 869 2015 ,
888 1982 987 2009 nova
1000 1965 1080 2008 sunt
1090 1967 1359 2010 additamenta.
1392 1967 1520 2019 Caput
1531 1968 1677 2006 tertium
1686 1994 1699 2013 ,
1716 1967 1754 2007 &
1764 1978 1932 2021 quartum
1943 1979 1990 2007 ex
1999 1980 2107 2008 men·-

260 2040 297 2067 te
308 2025 485 2066 AuCtoris
496 2025 645 2079 penitus
657 2021 782 2065 omissa
792 2022 870 2064 sunt
879 2052 891 2071 ,
921 2036 1124 2077 eorumque
1143 2023 1227 2064 loco
1237 2036 1279 2065 ea
1289 2021 1406 2076 pofita
1415 2021 1494 2063 sunt
1503 2023 1627 2062 omnia
1637 2051 1650 2070 ,
1677 2035 1761 2077 quae
1771 2023 1876 2064 vides
1896 2021 1918 2064 a
1927 2026 2104 2080 pagina...

263 2084 350 2135 183.
382 2080 495 2137 usque
506 2082 554 2122 ad
564 2084 737 2137 paginam
753 2095 770 2119 2
781 2095 840 2133 34.
873 2081 1044 2127 Caetera,
1074 2093 1157 2134 quae
1169 2077 1389 2134 sequuntur,
1418 2080 1535 2120 habes
1553 2082 1664 2119 etiam
1683 2082 1720 2120 in
1740 2082 1855 2134 prima
1874 2080 2101 2123 Lovanienfi

259 2142 438 2183 editione.
481 2139 582 2180 Cum
592 2151 711 2179 autem
721 2136 1052 2179 Reverendiffimus
1062 2138 1171 2179 Pater
1183 2136 1360 2193 Magister
1370 2137 1535 2178 Thomas
1548 2137 1730 2178 Cervioni
1741 2165 1753 2184 ,
1782 2139 1846 2192 qui
1856 2151 1914 2178 res
1925 2137 2102 2178 nostrates

259 2209 359 2238 tanta
369 2194 566 2250 sapientia,
596 2210 636 2236 ac
656 2195 850 2249 prudentia
870 2196 1101 2241 moderatur,
1131 2194 1239 2234 nobis
1259 2207 1326 2247 per
1344 2193 1482 2235 litteras
1503 2191 1580 2234 suas
1597 2193 1831 2234 amantiffime
1850 2192 2103 2251 significasset,

259 2253 295 2295 se
306 2255 460 2310 dignum
470 2253 579 2294 laude
589 2253 721 2293 ducere
738 2281 750 2300 ,
780 2251 806 2292 fi
817 2252 902 2293 huic
913 2255 1033 2306 primo
1051 2264 1154 2292 tomo
1166 2253 1294 2292 Vitam
1305 2248 1482 2292 Auctoris
1500 2251 1548 2291 ab
1568 2251 1766 2293 admodum
1786 2252 1880 2293 Rev.
1910 2254 1947 2292 &
1966 2254 2106 2292 eximio

258 2313 364 2352 Patre
377 2308 726 2365 MagistroJosepho
738 2309 928 2350 Sabbatini
940 2338 951 2357 ,
980 2309 1071 2350 olim
1081 2308 1190 2349 nostri
1205 2308 1429 2350 Conventus
1450 2307 1621 2356 alumno,
1649 2311 1687 2348 &
1706 2307 1917 2364 Religionis
1936 2309 2103 2351 decore)

257 2368 424 2423 perbelle
434 2367 660 2408 elaboratam
668 2366 942 2423 praefigeremus
953 2395 965 2415 ‚
995 2366 1092 2407 hanc
1101 2380 1182 2406 cum
1193 2366 1323 2406 LUPI
1333 2366 1443 2406 nostri
1455 2363 1575 2421 effigie
1586 2363 1840 2406 accuratissime
1850 2363 2027 2420 insculpta
2039 2379 2105 2420 ap·-

257 2425 468 2480 ponendam
478 2427 701 2466 curavimus.
731 2422 860 2479 Atque
870 2424 970 2471 haec,
999 2425 1082 2463 Deo
1092 2426 1261 2470 juvante,
1290 2423 1371 2477 post
1379 2436 1454 2464 non
1466 2436 1580 2477 pauca
1600 2421 1828 2471 discrimina,
1859 2419 1920 2463 hic
1938 2421 2104 2467 frusta...

258 2482 473 2528 attexenda,
503 2480 681 2521 haetenus
701 2481 948 2534 praestitimus.
979 2482 1072 2536 Qae
1094 2480 1231 2522 deinde
1251 2482 1290 2523 in
1311 2478 1547 2521 subsecuturis
1566 2479 1814 2522 voluminibus
1834 2479 2102 2534 praestabimus,

259 2539 338 2581 haec
351 2537 430 2579 sunt
442 2569 451 2578 .
482 2539 558 2579 Suo
568 2552 748 2592 quaeque,
777 2550 816 2577 ut
825 2539 1004 2585 diximus,
1033 2541 1118 2578 loco
1145 2535 1363 2585 inseremus,
1392 2538 1637 2592 appendices,
1665 2535 1857 2591 opuscula,
1885 2536 1950 2579 etfi
1969 2550 2103 2591 pauca,

261 2609 384 2637 tamen
394 2609 505 2637 aurea
520 2624 532 2643 ,
562 2607 669 2637 notas
683 2623 695 2642 ,
723 2592 933 2642 &scholia,
962 2598 999 2635 δε
1011 2608 1093 2649 quae
1105 2592 1291 2648 supersunt
1308 2593 1571 2649 manuscripta:
1600 2594 1695 2636 &fic
1705 2597 1743 2637 in
1761 2597 1933 2649 proximo
1943 2592 2102 2636 secundo

261 2667 363 2694 tomo
373 2653 595 2708 appendices
606 2682 618 2700 ,
647 2651 855 2707 quaemodo
873 2651 990 2693 eloco
1011 2650 1075 2692 suo
1085 2651 1255 2699 exulant,
1284 2651 1399 2693 veluti
1410 2651 1638 2707 postliminio
1654 2664 1846 2695 revocatas
1869 2652 1917 2693 ad
1927 2652 2103 2707 Synodos

261 2710 368 2764 Ephe
374 2710 484 2751 finam
493 2739 505 2757 ,
527 2713 565 2751 &
575 2707 923 2751 Chalcedonensem
937 2707 1193 2749 transferemus
1205 2741 1214 2749 .
1244 2707 1393 2764 Insuper
1403 2722 1534 2763 praeter
1543 2723 1586 2750 ea
1595 2738 1607 2757 ,
1626 2723 1709 2764 quae
1721 2712 1791 2756 jam
1800 2706 1879 2750 sunt
1889 2712 1991 2764 typis
2001 2722 2104 2750 com-

262 2765 384 2815 missa,
413 2765 711 2810 Diss'ertationem
721 2767 767 2810 de
777 2768 893 2814 Ente,
921 2763 1104 2813 Essentia,
1133 2765 1355 2814 Existentia,
1384 2766 1604 2821 Hypostafi,
1625 2766 1859 2808 Subfistentia
1884 2796 1896 2814 ‚
1927 2764 2102 2808 Consab-

264 2825 493 2866 stantialitate
503 2854 515 2873 ,
525 2827 593 2865 δίς.
623 2838 706 2879 quae
718 2821 829 2878 usque
840 2824 955 2864 modo
965 2823 1148 2877 publicam
1161 2822 1277 2864 lucem
1288 2837 1361 2864 non
1373 2824 1487 2872 vidit,
1507 2837 1728 2878 reponemus
1740 2855 1749 2864 .
1778 2821 1845 2865 Ad
1856 2824 1934 2867 haec
1945 2821 2032 2865 scias
2051 2822 2101 2863 ad

264 2883 528 2923 extremitatem
555 2911 567 2929 ,
612 2879 672 2922 seu
702 2884 905 2936 marginem
935 2878 1205 2935 uniuscujusque
1231 2882 1324 2923 tomi
1353 2893 1460 2922 notas
1491 2881 1635 2937 aliquot
1653 2879 1929 2922 Eminentiffimi
1960 2877 2098 2923 Norifii

267 2937 479 2990 Exemplari
489 2938 616 2978 LUPI
627 2938 735 2979 nostri
746 2967 759 2986 ,
778 2952 854 2995 quo
865 2938 1034 2979 utebatur
1043 2966 1055 2985 ,
1073 2937 1180 2991 ipfius
1190 2951 1300 2978 manu
1309 2951 1474 2979 exaratas
1485 2939 1721 2992 apponendas
1742 2935 1813 2981 effe
1825 2969 1834 2979 .
1863 2937 2053 2980 Postremo
2073 2934 2099 2975 fi

267 2994 373 3034 labor
385 2993 445 3035 hic
456 2993 578 3033 noster
587 2997 736 3036 eruditis
747 3008 822 3036 non
833 2993 1055 3048 displicuerit
1064 3023 1075 3042 ,
1105 2993 1168 3036 etfi
1179 2995 1335 3049 quilibet
1345 2997 1485 3036 Tomus
1496 2995 1714 3049 peculiarem
1725 2995 1892 3037 habuerit
1900 3007 2018 3035 rerum
2030 3006 2101 3033 no-

267 3049 437 3090 tabilium
446 3062 736 3103 praeconceptum
746 3053 908 3093 Indicem
918 3081 930 3099 ,
950 3065 1062 3094 unum
1070 3064 1192 3092 tamen
1203 3052 1415 3107 generalem
1423 3052 1505 3106 post
1516 3052 1681 3095 ultimum
1690 3065 1831 3094 tomum
1848 3053 1933 3093 dare
1958 3052 2100 3105 cogita·-

268 3120 348 3150 mus
357 3122 371 3153 ,·
402 3107 470 3147 hac
480 3119 602 3147 autem
612 3110 749 3148 ratione
759 3109 1000 3151 constru&um
1011 3138 1023 3156 ,
1041 3121 1080 3150 ut
1091 3121 1267 3167 quantum
1276 3123 1333 3149 res
1345 3107 1428 3162 ipsae
1437 3112 1617 3163 patientur
1626 3139 1638 3157 ,
1658 3110 1824 3150 ordinem
1834 3107 2024 3162 sequamur
2043 3106 2100 3146 lo·-

267 3176 393 3203 corum
402 3162 689 3204 Dialecticorum
699 3193 708 3202 .
739 3165 796 3204 Sic
806 3169 901 3205 enim
911 3164 991 3207 fieri
1002 3166 1217 3213 arbitramur
1226 3194 1238 3214 ,
1257 3178 1295 3206 ut
1305 3166 1476 3207 Historiae
1489 3165 1741 3207 Ecclefiasticae
1753 3162 1972 3206 amantiffimi
1985 3192 1997 3211 ,
2016 3176 2099 3217 quae

268 3220 317 3261 ab
327 3217 492 3259 Auctore
502 3216 686 3260 suntdifia
696 3247 707 3266 ,
728 3219 811 3259 licet
823 3221 891 3262 huc
901 3220 1056 3278 illusque
1066 3219 1237 3271 disiecta,
1254 3223 1480 3264 commodius
1499 3224 1627 3266 videre
1639 3221 1789 3277 poffint,
1807 3235 1888 3262 cum
1907 3222 2030 3261 omnia
2050 3219 2099 3260 ad

269 3274 427 3318 amuffim
444 3278 535 3316 erint
547 3276 699 3316 redacta
721 3308 729 3318 .
757 3277 848 3316 Haec
868 3276 967 3327 sunt,
981 3293 1063 3334 quae
1084 3279 1177 3328 tibi,
1196 3282 1335 3334 optime
1355 3280 1491 3320 Leitor
1508 3308 1520 3328 ,
1553 3280 1771 3321 credidimus
1791 3274 1988 3319 necessario
2007 3289 2100 3329 prae-

268 3332 517 3375 monstranda.
547 3331 745 3386 Reliquum
764 3332 816 3374 est
832 3361 844 3379 ,
873 3346 912 3373 ut
930 3336 1088 3378 nostrum
1107 3335 1410 3391 qualemcumque
1429 3336 1593 3379 laborem
1612 3338 1707 3390 aequi
1727 3335 1891 3389 bonique
1910 3330 2073 3374 consulas
2084 3348 2096 3382 ‚·

269 3387 410 3446 nosque
421 3401 604 3447 gratanter
613 3391 795 3446 excipias,
815 3388 1042 3447 quifiminus
1052 3391 1232 3449 possumus
1242 3392 1384 3442 nostra,
1412 3394 1538 3436 damus
1557 3393 1695 3436 aliena.
1725 3391 1841 3435 Vale.

1846 3521 2029 3568 ORDO
