2346 3776
596 126 1040 178 DisSERTATm
1089 123 1512 187 Picumnus.
1922 136 1965 179 81

144 209 363 245 Intrinsecum
385 209 452 244 Dei
470 205 618 242 Verbum
636 205 779 252 negabat
791 205 854 241 effe
863 203 1028 240 subfisten-
1086 217 1153 238 men
1174 216 1280 239 verum
1300 208 1399 238 Deum
1417 203 1557 245 existere,
1579 201 1760 247 sedgratiae
1777 210 1965 249 participatu

147 270 218 294 tem
238 259 446 304 Hypostafim
457 281 469 298 ‚
493 256 621 292 strenue
638 257 777 296 evertit,
802 266 900 300 atque
915 254 1027 298 adjun-

146 310 220 354 git:
248 315 343 352 Atque
364 306 418 348 ista
434 307 589 340 Diabolica
608 308 746 341 vecordia
768 305 824 347 est,
853 308 888 340 δ’
901 304 1025 349 fortaffe

148 361 279 398 deterior
296 359 398 400 >quim
427 357 615 390 Diabolorum
633 382 644 398 ‚
680 363 819 400 quoniam
851 368 899 390 eos
917 366 1026 389 revera

141 407 292 453 subfistere
311 408 435 449 volum3
463 410 520 441 Dei
539 417 640 441 autem
661 407 754 441 Verbo
772 418 829 439 non
840 405 895 447 nist
913 412 1027 439 nomine

146 460 243 493 tenus,
258 457 406 500 effentiam
424 456 571 490 tribuunt.
622 462 669 491 An
690 469 747 491 non
769 455 833 489 baec
847 455 974 496 menstra
993 458 1027 490 (π

142 508 283 552 prodigia
303 506 460 540 verborum
474 532 485 548 ,
511 509 697 550 Sapientiam
716 503 831 549 censere
865 505 1028 545 co-existere

147 559 214 592 cum
233 559 349 599 Patre,
375 568 428 591 nec
448 567 550 591 tamen
560 558 660 600 fateri
681 569 747 591 eam
769 556 820 599 esJe
843 555 991 596 Christum
1017 580 1028 596 ,

145 606 207 652 sed
218 608 332 640 multas
352 608 404 651 effe
426 614 582 641 creatitias
606 612 740 642 Virtutes
753 629 763 645 ,
790 607 1028 648 &sapientias3

149 659 187 692 o·
206 668 244 690 ex
267 668 371 690 earum
389 669 509 692 numero
527 670 619 691 unam
636 659 688 700 effe
708 655 857 695 Christum
879 680 891 696 ,
916 660 1027 690 Erucae

148 708 185 740 (5
206 706 335 747 Locusta
355 707 608 750 comparabilem?
633 711 747 740 Annon
757 705 822 739 baec
834 704 953 748 summa
975 718 1030 739 va-

141 755 252 798 fricies
263 781 275 797 ,
301 758 454 799 quodcum
467 769 505 791 ex
523 758 606 790 nobis
625 756 780 799 audiissent
801 756 929 790 Verbum
944 754 1034 798 fimul

149 807 216 840 cum
235 808 332 841 Patre
353 806 515 847 coexistere
530 831 541 848 ,
560 807 667 847 statim
687 806 907 840 obmurmurent
928 830 940 846 ,
965 808 1031 850 ergo

147 857 225 890 duos
240 861 360 898 pariter
380 860 530 900 Ingenitos
546 857 777 898 pronuntiatis?
801 860 869 889 Nec
889 857 996 889 vident
1021 881 1032 896 ‚

148 907 217 940 ssim
237 904 294 947 ipfi
305 906 408 945 dicant
441 910 611 950 Ingenitam
632 907 683 950 mse
709 909 894 948 Sapientiam
909 931 920 947 ‚
942 907 978 939 id
983 917 1034 950 ge-

145 966 208 990 etus
229 956 357 997 querelae
374 961 406 988 in
427 954 504 999 ipfhs
517 964 675 998 competere
692 957 706 990 ἓ
733 961 819 989 Nam
839 958 874 990 (θ’
894 958 947 989 illa
968 967 1034 998 quo-

146 1016 209 1048 que
229 1016 327 1039 eorum
339 1003 492 1049 sententia
509 1005 547 1047 est
559 1007 687 1048 prorsus
698 1005 808 1047 stolida
819 1031 830 1047 ‚
852 1018 913 1049 qua
932 1006 1034 1039 dicunt

146 1058 342 1100 Unigenitam
365 1057 553 1098 Sapientiam
584 1058 620 1091 (9
650 1056 863 1097 co-extstentem
883 1067 949 1089 cum
972 1059 1035 1089 Deo

146 1106 204 1149 effe
224 1108 329 1139 Deum.
357 1107 540 1149 ,Quodenim
567 1106 709 1147 co-extstit
729 1131 740 1146 ,
770 1118 829 1139 non
843 1104 963 1149 secum,
978 1102 1037 1148 fid

145 1156 214 1190 nim
233 1156 326 1189 altero
347 1155 497 1196 co-existit.
524 1155 597 1197 Nifi
602 1154 783 1198 compositum
798 1157 927 1198 aliquem
938 1159 1034 1189 Deum

149 1206 338 1239 §ntroducere
358 1207 477 1246 velint,
503 1211 537 1238 in
555 1207 641 1246 cujus
652 1215 798 1239 naturam
818 1204 975 1247 co-inserta
983 1206 1036 1237 Sa-

145 1260 266 1297 pientia
280 1254 349 1297 suit
359 1278 371 1295 ,
395 1256 431 1289 6·
441 1256 486 1287 ad
496 1256 736 1295 complementum
746 1276 758 1292 ‚
786 1254 1035 1297 &integritatem

148 1303 240 1346 ipfius
261 1303 438 1344 Substantiae
456 1304 553 1342 data,
576 1313 669 1345 eaque
677 1300 744 1345 ipsa
754 1307 909 1346 ingenita:
932 1305 1036 1347 ,Quam

143 1353 256 1397 scilicet
273 1355 309 1386 6*
330 1353 439 1385 Mundi
458 1351 587 1393 opificem
596 1352 701 1386 volunt
714 1376 725 1392 ,
749 1362 784 1385 ut
796 1354 906 1385 Mundi
926 1353 1037 1396 opificio

143 1403 245 1447 filium
265 1400 439 1445 dispolient.
466 1402 597 1445 Nempe
619 1402 736 1436 veritas
755 1401 800 1436 est
812 1401 895 1437 adeo
907 1412 1036 1446 potens,

146 1452 247 1487 ut-sui
258 1451 487 1496 profeffionern
497 1452 599 1487 etiam
610 1452 722 1486 invitis
747 1453 925 1490 Haereticis
935 1464 1035 1496 quan-

143 1502 261 1547 doque
281 1511 481 1546 extorqueat.
508 1501 612 1549 Qod
634 1503 670 1536 &
689 1501 945 1547 pelagianorum
967 1503 1037 1537 Go-

144 1553 208 1587 liat
227 1551 359 1595 Juliano
378 1552 519 1586 eveniffe
541 1551 742 1587 demonstrat
765 1554 892 1587 sanstus
919 1551 1021 1597 Augu

143 1603 261 1639 stinus.
299 1601 403 1649 Qod
423 1602 509 1636 circa
530 1601 670 1637 eandem
681 1603 851 1637 veritatem
865 1602 1033 1636 fibietiam

143 1652 216 1688 alio
228 1651 331 1687 modo
341 1651 575 1686 contradixerit
585 1677 596 1693 ‚
621 1661 719 1696 atque
739 1653 863 1687 invitus
873 1652 949 1687 cum
960 1653 1035 1687 Cai-

142 1700 213 1747 pha
224 1699 651 1747 proplietam-demonstrat
661 1702 786 1737 ibidem
796 1704 923 1738 sanetus
933 1700 1034 1736 Atha-

142 1752 272 1788 mafius:
299 1754 386 1795 ,Quin
406 1754 440 1786 δ’
462 1751 524 1795 ipse
544 1752 670 1792 Asterius
697 1777 708 1792 ,
733 1756 828 1787 veluti
846 1764 945 1787 eorum
965 1752 1035 1786 obli-

143 1811 222 1843 πω,
248 1812 317 1844 quae
332 1807 421 1843 prius
437 1799 598 1844 scripserat
613 1826 622 1840 ,
647 1800 874 1845 insequentibus
886 1804 991 1836 itidem
1001 1812 1035 1836 ut

144 1850 290 1894 Cailthas
307 1856 447 1891 invitat,
473 1852 546 1884 dum
565 1851 735 1885 Gentilibus
755 1852 922 1885 obluc'latur
940 1876 952 1892 ,
978 1863 1036 1885 non

145 1902 262 1936 multas
280 1903 452 1943 sapientias
477 1910 636 1941 numerat,
662 1910 716 1935 aut
739 1905 849 1936 Erucae
861 1908 1036 1936 mentionem

141 1951 226 1995 facit
238 1975 248 1991 ‚
270 1949 330 1994 sed
345 1962 436 1984 unam
454 1953 642 1994 Sapienttam
660 1950 798 1995 agnoftit.
825 1953 1035 1987 Demonstrat

149 2001 204 2035 his
224 1999 346 2035 Asterii
367 2000 491 2036 verbis:
518 2005 600 2035 Unus
622 2003 741 2044 quidem
764 2005 847 2036 Deus
870 2002 998 2036 Verbum
1025 2027 1036 2042 ,

142 2050 210 2094 five
229 2054 344 2092 Ratio‚·
370 2053 466 2085 multa
486 2061 588 2084 tamen
607 2052 767 2085 rationalia
788 2065 802 2094 ;
828 2055 863 2087 <St
887 2065 949 2086 una
974 2059 1037 2095 qui-

146 2102 218 2135 dem
238 2102 401 2143 sapienti-e
423 2102 458 2135 (τ
481 2104 637 2136 Bonitatis
654 2100 821 2145 substantia
844 2104 878 2137 (tt
901 2112 1036 2143 natura,

146 2151 245 2186 multa
274 2159 376 2184 tamen
399 2149 555 2194 sapientia
583 2154 618 2186 Θ·
649 2151 732 2185 bona.
760 2153 804 2186 Et
826 2164 868 2186 ex
886 2151 938 2187 his
962 2165 973 2184 :⁴
998 2156 1038 2186 At

149 2207 278 2243 quinam
294 2199 368 2244 sunt
381 2225 391 2241 ,
417 2213 488 2244 quos
513 2205 569 2235 Dei
594 2202 674 2244 filios
703 2204 853 2244 appellare
873 2215 932 2238 non
954 2204 1038 2237 dedi-

143 2259 282 2295 gnantur
293 2252 310 2283 ἒ
336 2255 424 2283 Nam
442 2254 477 2286 Θ·
502 2251 559 2293 ᾗσι,
572 2264 685 2295 quoque
701 2252 753 2296 effe
775 2253 874 2287 Verba
893 2254 1036 2297 assevera-

146 2300 225 2334 bunt
238 2301 255 2333 ?
282 2304 340 2334 Aut
352 2303 521 2343 sapientias
528 2304 633 2344 plures
645 2304 855 2338 introducent?
881 2305 1036 2347 siquidem

147 2350 312 2393 impcffbile
324 2350 380 2391 est,
406 2360 441 2385 ut
450 2363 515 2385 cum
524 2363 616 2385 unum
628 2351 667 2395 fit
679 2353 826 2395 Verbum,
855 2365 972 2396 unaque
986 2355 1037 2386 5a-

144 2406 264 2442 pientia
274 2425 285 2441 ‚
306 2400 436 2443 filiorum
455 2403 642 2436 multitudini
651 2409 850 2445 impartiatur
862 2403 951 2438 Verbi
963 2403 1035 2436 sub-

142 2449 282 2491 stantia,
294 2459 346 2483 aut
366 2452 530 2493 sapientia
551 2464 655 2486 nomen
676 2455 884 2498 indulgeatur.
912 2455 965 2487 Ex
985 2452 1036 2487 his

146 2499 254 2533 verbis
277 2500 403 2534 sanstus
423 2499 619 2536 Athanasius
638 2504 808 2538 concludit
821 2518 832 2536 .·
860 2507 932 2536 Miri
942 2510 1035 2548 igitur

146 2549 229 2583 nibil
246 2575 257 2590 ,
281 2548 313 2592 fi
339 2559 442 2584 contra
463 2558 626 2585 veritatem
648 2557 752 2586 Ariani
772 2562 910 2598 pugnent
936 2578 946 2593 ‚
972 2554 1035 2585 cum

145 2606 182 2634 in
198 2597 259 2642 sua
278 2611 389 2642 quoque
409 2599 589 2644 offensantes
604 2626 614 2641 ‚
641 2604 693 2635 alii
714 2609 747 2636 in
758 2605 832 2636 alios
844 2610 1013 2647 impingant
1025 2628 1034 2642 ,

146 2650 301 2685 interdum
321 2651 431 2684 multas
462 2653 637 2693 sapientias
659 2676 670 2692 ,
695 2655 846 2687 interdum
867 2665 959 2686 unam
985 2653 1035 2696 esse

146 2697 360 2742 adseverantes
384 2724 393 2740 ‚
420 2711 455 2733 ac
473 2712 553 2734 nunc
573 2705 683 2736 Erucae
712 2705 899 2744 Sapientiam
923 2712 1034 2745 compa-

146 2759 217 2782 rent
234 2774 245 2789 ‚
272 2761 349 2782 nunc
372 2753 461 2783 Patri
480 2752 698 2795 co-ffntialem
717 2755 768 2796 effe
788 2777 799 2794 ‚
825 2754 860 2788 (rt
879 2759 1035 2795 propriam

147 2800 230 2832 illius
257 2798 340 2840 ipſjus
371 2804 517 2835 Virtutem
543 2825 553 2842 ,
579 2813 701 2845 eamque
727 2807 895 2847 Ingenitam
921 2805 1032 2837 dicant.

147 2852 196 2882 Et
221 2850 286 2882 cum
312 2848 456 2892 nobiscum
481 2851 650 2895 depugnent
668 2877 679 2893 ,
715 2856 749 2886 eo
774 2855 855 2895 quod
877 2852 1034 2897 adsevere-

148 2910 216 2933 mus
237 2897 355 2942 semper
375 2903 432 2932 Dei
456 2900 581 2934 Verbum
600 2900 700 2945 fuiſse
723 2914 733 2945 ;
759 2902 815 2944 ipfi
836 2914 948 2946 quoque
966 2902 1034 2946 suo-

149 2960 218 2982 rum
241 2949 346 2988 obliti,
371 2951 556 2991 Sapientiam
572 2952 637 2984 cum
663 2955 725 2985 Deo
754 2958 920 2987 increatam
930 2960 1034 2987 co-exi-

144 2997 220 3038 flere
251 3000 354 3032 dicunt
378 3025 383 3031 .
422 3003 473 3032 Ita
497 3007 553 3041 per
577 3007 676 3034 omnia
693 3008 726 3035 in
742 3002 871 3036 tenebris
896 3005 1032 3036 volutan-

149 3053 234 3089 tur,
269 3050 341 3081 dum
367 3050 401 3082 έν
426 3057 532 3082 veram
561 3052 746 3091 Sapientiam
775 3052 956 3096 abnegatam
981 3065 1031 3086 vo-

151 3099 236 3137 lunt,
262 3100 296 3132 (9
322 3110 410 3137 eam,
436 3111 504 3140 quae
526 3111 582 3131 non
603 3099 659 3140 est,
689 3103 836 3145 indagant
850 3127 861 3142 ‚
880 3101 955 3144 ficut
967 3106 1033 3135 Ma-

150 3146 257 3180 nicbaei
268 3172 279 3189 ,
305 3152 402 3182 Deum
413 3147 470 3190 fibi
482 3148 729 3192 comminiscentes
741 3176 751 3192 ‚
779 3153 813 3185 C‘t
823 3164 928 3186 verum
936 3156 1032 3186 Deum

151 3196 316 3237 inficiantes
327 3223 334 3230 .

203 3246 349 3293 Qintus
368 3247 442 3282 Arii
462 3260 550 3283 error
566 3249 611 3284 est
636 3251 670 3284 in
693 3250 746 3284 his
770 3251 891 3286 verbis:
920 3256 1031 3286 Dicunt

151 3306 263 3337 quoque
283 3301 388 3330 Ariani
402 3298 550 3340 Christum
573 3311 631 3333 non
650 3301 702 3344 effe
724 3304 956 3342 Deum-verum,
975 3302 1034 3346 sed

150 3348 285 3379 Deitatis
300 3353 485 3390 participatu
497 3349 618 3391 fac‘lum
637 3354 734 3384 Deum
755 3375 767 3392 ‚
792 3352 895 3384 eadem
919 3358 1033 3386 ratione

151 3405 214 3436 qua
229 3402 327 3432 caeteri
341 3409 452 3440 quoque
461 3401 650 3441 appellantur
673 3404 764 3433 Deus.
792 3402 836 3434 Et
858 3401 893 3434 in
906 3400 1032 3436 hisver-

153 3443 227 3478 bis.-
255 3448 342 3478 Arius
362 3445 452 3489 ausus
472 3448 509 3492 est
526 3451 623 3483 dicere
644 3450 772 3484 Verbum
796 3452 914 3495 nonffl'e
934 3455 1029 3486 Deum

153 3503 278 3527 verum:
306 3498 392 3527 Nam
413 3504 554 3538 quamvis
574 3502 655 3533 Deus
679 3506 844 3535 nominetur
863 3525 875 3543 ,
899 3513 957 3536 non
982 3511 1029 3537 ta-

255 3544 373 3590 Dffert.
383 3548 504 3581 Prooem.
517 3550 594 3582 Tom.
606 3553 631 3583 1.

1086 256 1178 289 talem
1193 256 1282 299 fiert3
1308 263 1343 288 ut
1361 255 1487 296 reliquos
1507 266 1630 294 omnes,
1647 252 1689 296 fic
1711 251 1808 296 ipsum
1818 258 1901 288 titulo
1920 268 1964 291 te·

1087 307 1142 339 nus
1160 311 1258 339 Deum
1273 310 1385 339 vocari.
1412 307 1459 337 Et
1478 314 1513 337 ut
1532 309 1630 338 omnia
1643 328 1653 344 ,
1679 315 1748 346 quae
1767 304 1851 347 longe*
1863 305 1964 338 dirim

1082 354 1120 399 sa
1134 354 1228 398 sunt,
1252 366 1290 388 ac
1316 364 1504 398 nequaquam
1522 357 1585 388 Deo
1601 353 1727 396 finilia,
1750 354 1900 396 quantum
1923 355 1968 386 ad

1088 414 1229 438 naturam
1248 410 1359 438 attinet
1370 427 1382 444 ,
1405 410 1452 436 ita
1471 415 1583 447 quoque
1604 407 1639 439 <ir
1658 404 1787 438 Verbum
1798 403 1968 448 ffaffld,

1089 453 1241 497 diversum
1254 479 1265 495 ,
1291 465 1329 487 ac,
1341 462 1399 496 per
1409 460 1508 486 omnia
1519 456 1647 495 diffimile
1660 452 1837 497 substantiae
1847 455 1968 493 Patris,

1094 517 1129 538 ac
1151 507 1216 546 ejus
1236 509 1422 544 matrimi,
1442 502 1501 547 sed
1517 514 1619 538 tamen
1639 511 1718 538 inter
1727 514 1855 544 catera,
1880 514 1969 537 aceo·

1089 567 1156 588 rum
1176 560 1392 597 comparatione
1403 577 1414 593 ‚
1436 560 1592 596 proprium
1604 556 1640 587 id
1654 555 1688 587 o·
1710 560 1827 587 unicum
1839 554 1970 587 Vubum

1090 604 1219 645 existere.
1246 604 1326 638 Haec
1356 602 1556 647 blasphemIa
1587 605 1776 638 continetur
1805 604 1839 637 in
1858 614 1971 647 praece·

1090 654 1253 689 dentibus.
1279 654 1370 689 Nam
1390 653 1537 688 Verbum
1558 677 1569 694 ‚
1595 653 1672 688 cum
1691 665 1733 688 ex
1758 652 1866 687 nihilo
1885 664 1972 687 crea-

1091 715 1163 738 tum
1184 705 1221 738 fit
1233 729 1243 744 ,
1268 716 1339 738 non
1359 703 1465 748 potest
1484 705 1548 739 este
1567 703 1712 738 Paterna
1730 703 1871 738 essentiae
1881 703 1972 737 Con-

1092 754 1329 795 substantialis,
1354 754 1505 798 aequalis,
1530 763 1587 789 aut
1603 754 1716 788 similis
1726 754 1828 788 Deus.
1855 752 1913 786 Est
1925 753 1974 786 so·

1093 804 1127 838 lo
1147 804 1248 838 titulo
1258 805 1352 839 Deus
1361 815 1417 848 per
1425 806 1584 849 gratiam,
1611 802 1726 848 utpote
1746 804 1900 838 omnium
1921 802 1977 846 Ju-

1093 855 1216 888 storum
1228 854 1352 897 primus
1371 855 1404 889 δε
1423 855 1589 888 summus:
1616 855 1707 889 Nam
1717 853 1818 888 istum
1837 851 1977 888 titulum

1093 904 1207 944 Sacra,
1233 904 1368 947 antiqua
1379 905 1572 947 praesertim,
1598 905 1760 948 Scriptura
1770 902 1886 938 tribuit
1905 913 1977 937 om-

1095 953 1191 987 nibus
1211 953 1317 996 Justis.
1352 954 1410 989 Est
1441 955 1632 989 nominatus
1644 955 1759 995 Deus,'
1784 965 1853 987 non
1874 963 1977 988 verus.

1095 1003 1137 1037 Et
1147 1002 1298 1038 adversus
1309 1002 1404 1037 istam
1416 1002 1651 1047 blasphemiam
1659 1004 1746 1038 dixit
1762 1003 1979 1046 Nicaena..sy·

1094 1052 1203 1087 nodus
1226 1065 1233 1084 :
1265 1056 1360 1086 Deum
1390 1064 1496 1086 verum
1520 1055 1559 1086 de
1585 1057 1647 1087 Deo
1667 1065 1753 1088 vero.
1780 1053 1838 1087 Est
1850 1052 1982 1088 scelera·

1093 1103 1211 1136 tiffima
1231 1100 1442 1146 blasphemia.
1468 1102 1621 1137 Omnino
1643 1114 1709 1136 una
1719 1114 1854 1142 earum,
1879 1112 1981 1145 quam

1092 1153 1160 1195 ipse
1177 1151 1278 1185 Arius
1298 1164 1410 1187 coram
1434 1151 1524 1186 fideli
1548 1152 1641 1196 plebe
1650 1152 1780 1187 erubuit
1790 1152 1983 1192 effutire‚ti-

1095 1213 1188 1236 mens
1211 1201 1358 1245 lapidari.
1397 1203 1488 1237 Nam
1507 1203 1541 1236 δε
1557 1205 1592 1237 in
1612 1204 1737 1237 famosa
1748 1202 1789 1236 ad
1800 1201 1982 1236 Eusebium

1095 1251 1387 1287 Nicomediensem
1412 1252 1557 1296 Epistola
1573 1252 1743 1296 profitetur
1762 1253 1875 1286 Deum
1898 1251 1982 1286 Ver-

1086 1301 1175 1336 'bum
1196 1303 1259 1337 else
1278 1302 1375 1345 plene
1397 1306 1494 1337 Deum
1520 1314 1555 1335 ac
1577 1302 1801 1336 immutabilem.
1829 1302 1981 1336 Eandem

1096 1350 1332 1395 blasphemiam
1343 1351 1474 1386 erubuit
1486 1352 1644 1387 Eusebius
1654 1353 1879 1387 Caesaraeenfis.
1906 1353 1982 1388 Ete-

1097 1403 1167 1437 nim
1190 1403 1223 1436 in
1245 1404 1327 1442 suo,
1353 1402 1445 1446 quod
1467 1400 1607 1437 Nicaeno
1630 1402 1789 1437 Concilio
1818 1401 1941 1436 obtulit
1969 1426 1982 1442 ,

1097 1451 1257 1495 Symbolo
1269 1452 1376 1496 posuit
1386 1466 1398 1485 .·
1425 1456 1541 1486 Lumen
1551 1454 1588 1485 de
1599 1455 1727 1485 Lumine
1740 1476 1751 1492 ‚
1777 1456 1879 1486 Vitam
1888 1453 1982 1486 deVi-

1097 1512 1153 1542 ta,
1180 1506 1276 1536 Deum
1291 1502 1329 1534 de
1352 1504 1418 1535 Deo.
1448 1502 1544 1549 Qin
1566 1501 1672 1535 immo
1694 1501 1785 1544 quod
1811 1501 1878 1544 ipse
1904 1500 1982 1535 cum

1097 1553 1151 1586 sua
1168 1552 1325 1586 Fastione
1334 1550 1596 1586 Nicomedienfis
1610 1552 1770 1586 Eusebius
1784 1576 1794 1591 ,
1818 1550 1933 1586 eadem
1945 1552 1982 1587 in

1096 1602 1235 1645 synodo
1246 1601 1411 1636 admiserit
1423 1600 1490 1636 haec
1501 1601 1597 1636 verba
1610 1616 1622 1636 .-
1648 1605 1744 1635 Deum
1756 1613 1862 1636 verum
1873 1603 1910 1635 de
1920 1605 1982 1635 Deo

1096 1664 1187 1692 vero,
1213 1651 1411 1687 adfirmatin
1423 1652 1542 1686 Literis
1553 1652 1595 1688 ad
1618 1651 1779 1687 Afrorum
1801 1652 1985 1696 Episcopus

1096 1700 1439 1741 sanstusAthanafius.
1466 1706 1563 1736 Deum
1587 1703 1625 1735 de
1651 1706 1735 1743 Deo,
1761 1704 1934 1747 &genitum
1944 1714 1984 1736 ex

1097 1755 1210 1793 Patre,
1235 1750 1358 1786 habent
1368 1753 1468 1786 etiam
1492 1752 1676 1796 Syrmiense
1698 1752 1918 1796 Symbolum,
1943 1764 1983 1787 ac

1099 1802 1314 1837 Ariminense.
1341 1802 1386 1838 Et
1403 1803 1495 1846 quod
1507 1803 1541 1837 in
1563 1803 1633 1837 istis
1652 1802 1789 1837 vocibus
1801 1827 1811 1843 ,
1838 1814 1908 1836 non
1924 1803 1984 1836 mi-

1101 1851 1161 1886 uus
1181 1853 1280 1896 quam
1290 1853 1337 1894 jn
1350 1863 1431 1887 voce
1443 1876 1454 1892 ,
1479 1851 1732 1895 consubstantiale
1743 1878 1753 1894 ‚
1780 1853 1815 1887 N
1818 1853 1910 1887 icaeni
1921 1852 1983 1887 Pa-

1097 1911 1160 1937 tres
1178 1902 1343 1936 voluerint
1361 1903 1624 1946 per-emptoriam
1653 1903 1722 1936 vim
1745 1902 1785 1935 ad
1814 1902 1982 1937 elidendas

1099 1951 1300 1987 Arianorum
1323 1952 1500 1997 argutiolas
1509 1953 1695 1993 contineri,
1719 1951 1868 1987 adfirmat
1889 1954 1923 1987 in
1946 1954 1986 1988 liv

1099 2002 1159 2036 bro
1171 2002 1212 2037 de
1223 2003 1361 2044 Nicenis
1372 2003 1521 2038 Decretis
1535 2005 1660 2039 sanstus
1673 2002 1876 2038 Athanasius.
1890 2005 1982 2039 Hinc

1097 2052 1187 2087 distae
1204 2051 1331 2096 Synodi
1355 2053 1485 2098 insuper
1507 2055 1702 2097 profitentur
1713 2054 1838 2088 Filium
1849 2055 1912 2088 esse
1924 2054 1985 2088 Pae

1098 2103 1140 2136 tri
1160 2102 1298 2137 similem
1318 2127 1330 2143 ,
1355 2114 1467 2138 verum
1477 2103 1599 2138 dolose.
1627 2105 1732 2138 Hunc
1752 2104 1903 2138 adversus
1927 2104 1985 2139 do·

1099 2153 1168 2187 lum
1189 2153 1310 2197 scripfit
1322 2154 1448 2189 sanstus
1470 2153 1649 2188 Phaebadus
1668 2154 1850 2198 Episcopus
1871 2154 1985 2198 Agen-

1099 2203 1223 2237 nenfis:
1250 2208 1318 2237 Nos
1340 2216 1409 2246 quae
1431 2205 1606 2238 audivimus
1626 2206 1648 2237 ἃ
1674 2205 1820 2237 Patribus
1842 2203 1944 2243 nostris
1971 2229 1983 2244 ‚

1096 2253 1258 2294 constanter
1278 2256 1504 2298 praedicamus3
1530 2258 1577 2287 Et
1596 2266 1652 2288 vos
1662 2257 1728 2298 erga
1740 2255 1904 2287 doctrinam
1925 2256 1984 2287 Pa-

1097 2313 1178 2336 trum
1198 2303 1360 2344 vestrorum
1372 2303 1504 2348 deserere
1516 2306 1611 2338 nolite.
1639 2305 1686 2337 Illi
1693 2304 1784 2338 libere
1806 2308 1903 2337 Deum
1919 2306 1983 2347 glo·

1097 2360 1151 2387 riae
1166 2353 1285 2394 caelestis
1296 2366 1352 2387 non
1364 2358 1460 2388 Deum
1470 2366 1574 2388 verum
1586 2355 1638 2397 effe
1650 2378 1660 2394 ‚
1666 2352 1725 2396 sed
1733 2358 1913 2387 Creaturam
1922 2357 1981 2387 Dei

1092 2403 1259 2445 perfec‘lam
1278 2404 1329 2447 effe
1341 2405 1502 2438 dixerunt:
1531 2409 1589 2438 Vos
1601 2413 1701 2437 autem
1712 2405 1792 2438 idem
1801 2402 1980 2447 sentientes,

1096 2454 1225 2495 abrupta
1247 2453 1438 2497 blasphemiae
1458 2455 1554 2488 verba
1576 2460 1712 2488 vitantes
1732 2478 1743 2494 ,
1769 2454 1909 2498 ambigua
1930 2452 1981 2496 se-

1095 2504 1218 2536 damini
1239 2505 1284 2537 ad
1302 2506 1489 2547 decipiendos
1517 2503 1662 2546 fimplices
1689 2505 1724 2538 (Ψ
1744 2511 1886 2537 incautos.
1914 2504 1982 2538 Eo-

1096 2565 1167 2586 rum
1188 2553 1284 2588 dolos
1303 2556 1439 2598 exponit
1460 2555 1495 2588 in
1517 2554 1679 2599 trigesima
1691 2555 1808 2597 quinta
1819 2555 1982 2588 Oratione

1097 2605 1219 2637 sanctus
1242 2604 1422 2649 Gregorius
1447 2605 1678 2638 Nazianzenus
1699 2617 1706 2636 :
1733 2608 1840 2636 Ariani
1867 2605 1981 2637 Filium

1094 2655 1213 2696 quidem
1226 2653 1370 2695 fatentur
1391 2655 1442 2698 esse
1463 2658 1577 2696 Deum,
1598 2656 1667 2687 'cum
1677 2653 1728 2686 hoc
1747 2653 1785 2686 ab
1802 2659 1844 2686 eis
1867 2656 1901 2687 (5
1919 2657 1979 2685 Ra·

1094 2710 1134 2736 tio
1155 2701 1242 2747 ipsa,
1267 2706 1301 2738 (ν
1320 2706 1482 2746 scriptura»
1502 2704 1663 2745 testimonia
1685 2713 1862 2745 extorquent
1888 2727 1898 2743 ‚
1920 2701 1981 2745 sed

1094 2756 1243 2795 aequivoce‘
1267 2757 1364 2787 Deum
1381 2756 1460 2795 dici,
1485 2766 1520 2788 ac
1531 2755 1644 2788 Filium
1656 2760 1782 2786 nominis
1798 2753 1978 2786 contendunt

1093 2804 1145 2847 effi·
1157 2810 1354 2846 participem.
1382 2808 1428 2837 Et
1437 2805 1501 2837 cum
1508 2804 1586 2837 hanc
1604 2803 1671 2845 ipfis
1682 2803 1867 2844 objet‘lionem
1882 2800 1981 2844 suhje-

1092 2859 1217 2886 cerimus
1230 2878 1241 2893 ‚
1266 2855 1343 2895 quid
1358 2856 1448 2898 ergo?
1474 2859 1548 2887 Non
1565 2855 1687 2896 proprie
1703 2857 1784 2886 Deus
1796 2851 1832 2891 est
1856 2852 1955 2885 Filius
1966 2875 1978 2892 ,

1093 2904 1339 2945 quemadmodum
1361 2916 1412 2938 nec
1433 2905 1548 2937 animal
1562 2902 1707 2945 pillum?
1732 2903 1885 2945 ‚Quomodo
1910 2913 1977 2945 ergo

1095 2957 1176 2987 Deus
1196 2952 1227 2994 fi
1248 2957 1330 2987 Deus
1347 2955 1470 2996 proprie*
1490 2966 1546 2987 non
1569 2950 1634 2993 est?
1660 2953 1750 2994 Quid
1772 2958 1852 2985 enim
1872 2951 1976 2993 prohi-

1092 3003 1160 3044 bet,
1185 3009 1327 3046 inquiunt
1347 3028 1358 3043 ‚
1385 3005 1419 3037 (π
1440 3010 1592 3046 aequivoca
1614 3001 1677 3034 haec
1699 3001 1772 3044 esse,
1796 3004 1831 3037 Θ·
1852 3003 1976 3043 proprie

1092 3063 1250 3095 utrumque
1276 3055 1337 3087 dici
1360 3054 1376 3085 ?
1414 3057 1453 3086 Ac
1474 3053 1557 3086 nobt's
1584 3053 1619 3084 Θ·
1652 3050 1815 3091 terrestrem
1833 3052 1868 3085 θ’
1884 3057 1977 3085 mari·

1093 3115 1163 3136 num
1185 3106 1301 3136 Canem
1312 3102 1473 3144 proferunt
1486 3126 1496 3142 ,
1523 3107 1573 3143 qui
1591 3102 1656 3134 cum
1681 3099 1738 3144 fieb
1759 3102 1860 3134 eodem
1885 3108 1977 3134 nomi-

1092 3165 1150 3193 ne,
1178 3151 1331 3195 diversam
1344 3151 1588 3196 significationem
1608 3150 1760 3192 habeant,
1780 3154 1902 3194 proprie*
1928 3161 1975 3185 ta-

1091 3215 1156 3236 men
1177 3203 1315 3234 dicuntur
1330 3226 1337 3232 .

1141 3250 1344 3294 Blasphemis
1364 3250 1439 3284 Arii
1459 3250 1679 3285 Seetatoribus
1693 3249 1738 3292 ita
1760 3250 1867 3294 placet
1888 3251 1975 3286 circa

1092 3303 1253 3336 Divinam
1266 3300 1472 3343 Majestatem
1493 3301 1616 3345 nugari.
1645 3300 1819 3345 Nugarum
1830 3300 1973 3336 radicem

1091 3352 1262 3396 detegitssin
1274 3351 1376 3393 prima
1385 3351 1441 3385 sua
1459 3350 1606 3395 Epistola
1618 3351 1743 3385 sanstus
1754 3350 1901 3394 Cyrillus
1913 3350 1974 3384 Pa-

1090 3400 1228 3436 triarcha
1248 3400 1491 3435 Alexandrinus
1510 3415 1521 3434 .·
1548 3405 1653 3434 Ariani
1671 3406 1703 3433 in
1723 3412 1791 3434 eam
1810 3407 1974 3434 amentiam

1091 3454 1125 3486 <5
1154 3456 1321 3492 opinionum
1339 3457 1508 3484 vanitatem
1535 3457 1709 3493 praecipites
1743 3450 1882 3483 abierunt
1901 3474 1912 3489 ,
1937 3458 1972 3481 ut

1092 3502 1203 3535 Filium
1227 3503 1434 3538 Deireccntem
1447 3525 1458 3542 ,
1478 3502 1662 3545 proindeque
1677 3502 1699 3535 ἃ
1722 3503 1782 3536 Deo
1792 3503 1887 3534 Patre
1901 3522 1911 3537 ‚
1936 3506 1973 3530 ut

1585 3548 1614 3586 L
1865 3556 1973 3582 caeterae
