2346 3776
658 122 1106 173 DissERTATm
1140 109 1603 175 'Pnoemsmss

209 206 261 244 nit
269 206 337 243 haic
357 208 395 245 in
409 202 657 248 compendiario
678 202 809 249 Legum
826 201 965 238 Delettu
976 202 1078 248 Impe-

207 269 296 296 rator
308 260 378 296 Leo
387 256 519 298 Sapiens
531 265 540 288 :
567 251 728 296 Episoepos·
740 277 752 294 ‚
778 258 873 296 quiin
893 256 1018 297 Regiam
1028 266 1077 287 ur-

205 309 272 344 bem
282 313 439 344 venerint,
465 316 503 337 ex
513 303 819 346 quacumquef'uerint
841 301 979 344 Dio-cesi,
1005 312 1075 338 ante

173 392 175 395 ,
204 366 304 394 omnia
319 356 402 392 abire
416 354 556 395 jubemus
568 366 569 369 ¹
579 356 625 387 ad
649 355 849 398 Beaetzffimum
875 352 1078 394 Constantino-

199 410 299 451 poleos
316 403 594 447 Archi-Epfiopum
606 406 641 438 Θ
661 403 874 441 Patriam-bam
884 428 895 444 ,
920 412 1012 446 atque
1030 410 1077 439 ita

203 459 249 493 ad
256 456 380 500 nostram
390 461 494 488 venire
502 457 708 490 serenitatem.
742 454 799 492 Ad
818 454 952 489 Sacrum
964 453 1078 490 Comi-

201 516 308 545 mtum
317 505 473 543 accedens
488 505 667 551 Episcopus
679 514 735 538 aut
747 504 853 548 quivis
864 503 1012 540 Clericus
1026 516 1079 540 nc-

200 556 316 602 quibat
326 555 517 592 immediate
529 579 540 595 ‚
566 566 624 593 aut
635 555 721 591 solus
741 553 930 598 Principem
948 554 1079 592 accede-

199 618 258 650 re;
270 605 330 639 Sed
341 605 480 642 debebat
491 606 549 640 sua
561 616 723 650 exponere
732 604 875 639 civitatis
889 605 1054 648 Episcopo
1066 629 1078 646 ‚

200 655 242 693 ab
254 655 324 700 ipso
335 654 448 693 induci
461 654 502 691 ad
512 656 623 693 Sacras
634 666 724 690 aures
735 678 746 694 ‚
771 655 807 692 ὃς
828 666 939 691 coram
953 655 1015 689 illo
1024 655 1078 689 sua

197 706 324 742 referre.
387 705 454 740 uod
467 717 626 752 magnum
635 705 762 739 Munus
773 704 948 748 postmodo
960 705 1079 742 Orien-

198 755 275 791 talis
286 756 429 794 Eccleua
437 756 612 792 reservavit
622 755 685 794 soli
703 753 1078 799 Constantinopolitano

199 805 374 850 Episcopo.
403 805 521 849 Aliqui
530 805 637 849 ipsum
646 806 784 843 censent
794 805 966 840 inductum
977 805 995 838 a
1008 804 1081 841 Ma-

199 866 271 901 gno
284 855 510 893 Constantino
520 868 532 887 .·
558 853 676 900 Aliqui
688 854 806 893 volunt
816 855 883 889 effe
892 855 1061 899 antiquius
1070 878 1080 894 ,

197 906 233 943 &
243 904 490 949 viguiffcetiam
505 903 563 938 sub
576 904 718 950 Paganis
729 905 995 949 Imperatoribus.
1022 905 1080 940 Est

197 953 332 998 quaestio
349 954 484 988 alterius
493 954 568 988 loci.
597 954 775 1003 Qidquid
789 956 828 990 fit
839 980 850 996 ,
877 954 942 990 hoc
953 955 1081 992 Munus

197 1004 315 1043 dilexit
326 1004 488 1042 Eusebius
506 1004 771 1042 Nicomedienfis
799 1006 981 1051 Episcopus
999 1030 1011 1045 ‚
1036 1014 1084 1040 at·

197 1065 263 1099 que
275 1065 316 1088 ex
329 1054 398 1097 ejus
406 1065 519 1093 amore
527 1054 671 1092 deseruit
683 1053 918 1091 Bereheensetn
936 1056 972 1090 in
989 1056 1081 1099 Syria

199 1103 402 1143 cathedram
413 1129 424 1145 ,
433 1105 467 1139 δε
477 1105 626 1143 transivit
637 1105 882 1144 Nicomediam.
904 1105 979 1155 illic
991 1106 1080 1140 enim

199 1163 282 1191 tunc
303 1164 373 1190 erat
394 1154 585 1198 Augustum
610 1154 796 1198 Palatium,
823 1166 921 1200 atque
933 1156 979 1189 ita
988 1153 1082 1191 Prin-

199 1215 276 1247 ceps
296 1203 366 1240 illic
387 1203 561 1247 praesertim
582 1204 780 1239 morabatur.
806 1206 934 1241 Eadem
945 1205 987 1241 de
997 1205 1083 1241 caus-

201 1255 258 1294 sa,
283 1253 366 1291 dum
385 1253 550 1290 Palatium
570 1254 717 1290 tranfivit
727 1254 1079 1297 Constantinopolim,

200 1303 345 1347 ejusdem
359 1303 592 1348 Episcopatum
605 1303 721 1338 invasit
733 1303 901 1339 Eusebius.
930 1304 974 1339 Et
985 1303 1081 1347 hujus

202 1349 354 1390 Muneris
365 1351 407 1389 ab
416 1363 458 1386 eo
468 1350 654 1398 gestionem
665 1353 795 1398 respicit
806 1353 841 1389 in
859 1352 1001 1388 Panario
1014 1355 1080 1388 san-

63 1399 171 1435 Haeres.
200 1405 271 1437 stus
292 1400 517 1447 Epiphanius:
546 1404 637 1435 Arius
656 1403 721 1436 cum
744 1404 784 1437 de
802 1402 928 1447 Eusebii
948 1408 1083 1439 Nicome-

63 1445 172 1478 ⁶⁸·c·4·
200 1451 310 1495 *dienssc
322 1450 460 1495 Episcopi
481 1476 491 1492 ,
516 1459 569 1494 qui
581 1453 684 1486 eadem
693 1464 758 1486 cum
768 1452 831 1496 ipso
836 1453 986 1497 fhntiebat
999 1479 1009 1494 ,
1026 1454 1083 1496 fa-

203 1503 296 1537 e‘lione
314 1502 380 1545 esset
399 1527 410 1543 ‚
446 1501 485 1535 ab
506 1514 538 1537 eo
556 1504 603 1536 ad
624 1507 836 1546 Imperatorem
851 1505 1016 1546 perductus
1031 1503 1079 1545 est.

67 1557 141 1595 Cap.
159 1561 184 1587 6.
198 1553 248 1590 *Et
262 1554 363 1587 infra:
382 1551 568 1587 .Meletiani
589 1564 628 1587 ac
650 1553 768 1590 Ariani
788 1565 851 1588 rem
871 1556 1083 1596 adImperato·

199 1614 267 1639 rem
277 1602 503 1647 Constantinum
516 1602 659 1644 deferunt
670 1627 682 1644 ,
705 1606 792 1645 cujus
811 1611 902 1640 totius
924 1605 1079 1640 Famonis

205 1653 379 1693 administer
395 1664 430 1686 ac
450 1654 575 1690 satelles
590 1653 658 1695 fuit
677 1653 827 1698 Eusebius
849 1654 1081 1697 Nicomedienfis

198 1702 377 1746 *Epistopun
405 1703 500 1742 Hinc
509 1714 564 1751 per
575 1703 682 1748 ipsum
693 1705 744 1740 illi
754 1705 869 1740 omnia
890 1705 931 1739 ad
955 1705 1081 1742 Princi-

195 1763 278 1797 pem,
297 1753 497 1787 detulerunt.
534 1753 666 1792 Eodem
685 1754 756 1797 jure
778 1755 876 1793 sanEii
897 1755 1081 1792 Alexandri

200 1801 353 1839 adversus
364 1802 485 1840 Arium
495 1802 536 1842 ad
559 1803 816 1841 Constantinum
836 1806 980 1849 Legatos
992 1805 1083 1840 audi-

199 1853 250 1886 vit
271 1851 455 1893 Eusebius,
479 1852 515 1887 &
527 1852 578 1887 ad
603 1863 802 1896 Praeventum
821 1854 883 1888 ase
893 1853 1081 1898 Principem

198 1901 340 1938 induxit.
378 1901 473 1937 Hinc
491 1912 563 1935 non
583 1903 631 1937 est
651 1902 871 1941 dubitandum
891 1905 972 1947 quin
984 1904 1081 1938 addu-

198 1953 264 1987 &as
278 1952 345 1995 ipse
352 1952 573 1995 composuerit
585 1952 727 1990 Litteras
737 1977 749 1994 ‚
773 1962 872 1999 atque
882 1953 928 1989 ita
942 1955 1082 1990 Arianas

194 2002 309 2040 turbas
319 2002 489 2046 insigniter
500 1999 680 2037 adauxerit.

250 2050 438 2088 Audiamus
448 2061 517 2089 rem
533 2050 576 2085 ab
594 2051 739 2086 Eusebio
760 2052 976 2089 Caesaraeenfi:
1002 2055 1082 2099 ,Qut-

69 279 132 315 'l‘ita
137 293 164 321 9.

62 2059 124 2090 Lib.
140 2069 163 2089 ῐ.

60 2101 254 2140 esp-6²·bus
272 2103 390 2139 auditis
413 2105 580 2143 Imperator
601 2126 613 2142 ,
649 2108 749 2136 animo
771 2102 869 2146 fitpra
892 2106 1011 2138 modum
1033 2107 1080 2138 do·
1104 2119 1108 2122 ·

197 2152 263 2187 iens
280 2176 293 2193 ‚
334 2152 369 2186 (01
389 2162 453 2186 rem
473 2152 557 2185 illam
571 2158 707 2195 propriae
737 2155 922 2188 calamitatis
948 2156 1006 2188 loco
1019 2154 1079 2195 sta·

199 2210 289 2236 tuens
301 2226 311 2242 ,
336 2199 484 2243 confestim
497 2206 606 2236 Virum
625 2214 664 2236 ex
686 2214 806 2237 numero
824 2207 946 2238 Piorum
968 2228 980 2245 ‚
1005 2216 1078 2247 quos

197 2254 277 2285 eirca
283 2250 317 2294 se
326 2251 431 2285 habuit
450 2276 462 2293 ,
488 2263 576 2294 quem
585 2252 713 2293 modesta
719 2252 794 2296 fidei
805 2259 920 2289 virtute
923 2253 1004 2298 satis
1012 2253 1080 2298 spe-

192 2301 314 2336 ·ffatum
327 2326 337 2342 ,
361 2298 601 2345 &superioribus
612 2303 795 2345 temporibus
816 2306 948 2339 Pietatis
958 2302 1080 2348 confes:
1101 2342 1104 2347 s

191 2350 271 2393 stone
282 2351 431 2398 insigniter
443 2353 612 2386 decoratum
622 2353 807 2399 intelllgebat
818 2379 828 2395 ,
839 2360 935 2390 mittit
945 2379 956 2396 ‚
980 2363 1016 2389 ut
1021 2363 1079 2397 pa-

197 2413 260 2435 cem
270 2409 349 2436 inter
358 2413 406 2435 eos
419 2426 430 2441 ‚
456 2408 508 2444 qui
518 2403 714 2437 Alexandria
724 2402 958 2447 disiordabanfl
983 2409 1078 2439 canei-

197 2451 309 2486 Iiaret:
336 2450 525 2496 Litterasque
534 2454 579 2485 aed
585 2465 652 2487 eam
670 2463 736 2487 rem
753 2458 897 2495 inprimis
916 2456 1078 2489 manain-

198 2509 250 2536 tas
266 2510 326 2543 per
346 2502 473 2536 eundem
489 2504 534 2537 ad
544 2501 703 2545 fiditionis
722 2503 861 2539 Au8ores
883 2506 950 2539 dae.
977 2504 1077 2541 Base·

63 2557 182 2597 capqx.
197 2549 272 2586 bius
294 2549 430 2587 adducit
450 2551 594 2596 integras
616 2553 762 2588 Litteras
780 2578 792 2594 ‚
829 2555 865 2588 ἀ
885 2555 1075 2592 contundit:

198 2602 249 2635 Ad
258 2600 335 2635 bunc
343 2606 435 2646 igitur
444 2603 563 2642 modum
574 2605 638 2636 Deo
655 2602 765 2637 charus
788 2606 954 2647 Imperator
965 2629 977 2646 ,
1002 2605 1051 2639 his
1062 2630 1074 2646 ,

197 2661 266 2693 quae
275 2652 319 2684 ad
322 2659 428 2693 pacem
443 2655 472 2683 E
473 2650 576 2693 cclesi‘ae
579 2651 686 2694 facere
696 2652 880 2688 videbantur
890 2679 900 2695 ‚
920 2661 978 2697 per
997 2659 1075 2698 Epi-

190 2700 296 2742 stolam
305 2700 415 2744 missam
426 2702 584 2746 diligenter
589 2701 754 2746 prospexit.
780 2705 834 2738 Ille
844 2707 918 2738 vero
927 2705 1019 2741 bonus
1038 2707 1073 2740 C&

192 2748 347 2794 spec‘i‘atus
358 2754 496 2784 Nuntius
509 2763 566 2785 non
573 2750 669 2794 solum
681 2755 807 2788 Litteris
825 2754 957 2796 fideliter
973 2755 1074 2798 perfe-

196 2802 303 2834 rendis
313 2825 324 2841 ,
346 2798 405 2842 sed
411 2805 604 2842 Imperatoris
613 2809 762 2839 mittentis
774 2805 924 2839 voluntati
941 2813 999 2847 pro
1014 2804 1073 2848 sua

197 2853 286 2885 Virili
299 2858 391 2891 parte
411 2847 582 2893 inservivit.
608 2855 655 2885 Et
665 2864 846 2896 quamquam
866 2858 986 2889 omnino
996 2858 1071 2889 Pius

195 2906 248 2936 vir
261 2900 349 2942 fuit,
375 2907 478 2933 tamen
496 2900 547 2933 boc
569 2904 668 2939 maius
687 2905 833 2945 quiddam
852 2914 920 2938 erat
944 2931 955 2946 ‚
980 2908 1072 2949 qutim

194 2951 277 2995 quod
287 2958 346 2993 per
366 2952 506 2984 Litteras
526 2951 730 2995 administrari
743 2954 844 2997 postet.
869 2956 994 2998 ,Quippe
1011 2967 1072 2989 ma-

190 3005 243 3044 gis
261 2997 413 3045 magisque
432 3000 661 3042 dissentientium
669 3004 709 3036 lis
718 3010 849 3039 accrevit
862 3028 872 3044 ,
899 3006 934 3041 cb·
954 3012 1073 3040 univer-

189 3047 245 3094 [as
268 3054 400 3083 Orientis
421 3052 599 3086 Provincias
620 3052 691 3085 mali
712 3054 791 3085 illius
812 3058 945 3096 Impetus
955 3055 1072 3098 invase-

194 3108 254 3134 rat.
282 3101 408 3134 Invidia
429 3105 543 3143 igitur,
570 3101 756 3142 &perditus
768 3106 892 3137 Daemon
904 3128 915 3145 ‚
939 3112 992 3147 qui
995 3105 1072 3150 sim-

189 3157 248 3191 per
259 3148 395 3189 Ecclefiae
404 3150 552 3183 commoda
562 3152 640 3195 aegre?
649 3152 684 3184 <5
693 3157 792 3195 iniquo
801 3153 975 3195 animofi’rt
982 3171 999 3196 ·,
1017 3156 1070 3196 ista

194 3198 321 3240 adnufit.
347 3201 429 3236 Sunt
440 3198 496 3234 hic
509 3200 655 3243 quaedam
669 3202 821 3237 notanda.
834 3202 947 3239 Primo
957 3228 968 3244 ,
980 3207 1068 3249 quod

194 3247 357 3284 Eusebius
379 3261 448 3284 non
470 3251 629 3293 exprimat
652 3262 774 3287 nomen
799 3253 905 3288 Hofii.
942 3255 1070 3300 Nempe

194 3295 429 3341 huneoderat,
455 3299 594 3335 obAsta
604 3301 639 3335 in
659 3301 798 3336 Nicaeno
809 3303 979 3338 Concilio.
1005 3306 1071 3341 De·

195 3346 297 3387 inde,
319 3359 394 3385 eum
408 3350 493 3386 varie
514 3350 634 3386 laudat.
661 3350 816 3387 Affirmat
836 3353 929 3387 fuiffe
951 3355 1069 3401 Magni

198 3394 652 3437 ConstantiniCollateralem
665 3425 677 3442 ,
701 3402 735 3435 &
755 3401 914 3447 insignem
935 3404 1072 3441 Confes-

197 3446 301 3488 fionis
311 3448 427 3492 gloria.
444 3450 546 3499 Qiod
556 3450 664 3494 ipsum
676 3451 767 3495 supr&
778 3452 962 3489 audivimus
971 3454 989 3489 a
1000 3457 1071 3491 Ma-

194 3507 267 3543 gno
277 3493 464 3536 Athanasio.
485 3500 606 3536 Tertio
618 3502 776 3538 Eusebius
786 3502 868 3540 dicit
879 3504 911 3539 &
925 3505 1069 3543 sanetum

1962 150 2031 190 ¹57

1142 198 1370 239 Alexandrum
1379 202 1414 238 &
1426 201 1549 240 Arium
1557 228 1568 245 ,
1576 202 1670 239 fuisse
1680 202 1776 248 hujus
1785 208 1862 243 mali
1872 220 1913 244 ex
1922 221 2017 256 aequo

1143 249 1319 287 Authores.
1341 252 1400 288 Est
1410 251 1610 289 horrendum
1623 254 1919 299 ArianiScriptoris
1930 272 2021 296 com-

1141 311 1299 338 mentum.
1329 302 1458 352 Quarto
1469 304 1551 340 dicit
1560 330 1572 346 ,
1597 305 1690 350 quod
1709 304 1775 341 haec
1786 306 1926 351 Legatio
1937 309 2023 345 nihil

1141 353 1319 395 profecerit.
1346 355 1421 390 Nec
1439 354 1486 389 est
1507 355 1704 392 mirandum.
1734 356 1870 391 Etenim
1900 357 2031 394 Littera

1141 413 1196 446 per
1214 403 1479 441 Nicomediensis
1505 405 1639 440 Eusebii
1663 407 1842 443 VafritIem
1869 407 2022 442 contine-

1141 451 1222 488 bant
1239 453 1318 488 talia
1338 478 1349 494 ,
1385 465 1454 498 quae
1474 466 1535 489 nec
1554 457 1681 491 sanstus
1698 455 1889 493 Alexander
1909 457 2023 492 audire

1141 501 1242 546 posset
1253 527 1266 544 ,
1290 514 1352 538 nec
1362 502 1463 540 Arius
1476 505 1575 541 vellet
1584 506 1765 543 admittere.
1795 508 1899 543 Erant
1911 506 2023 542 studio

1139 554 1324 596 compositae
1343 553 1386 589 ad
1406 554 1556 591 flammas
1569 558 1673 602 magis
1684 556 1917 593 incendendas.
1943 557 2026 593 Poro

1141 602 1178 635 ro
1197 612 1325 648 ternpus
1344 628 1356 644 ‚
1394 616 1462 648 quo
1483 607 1608 641 Hofius
1634 607 1859 643 Confeffionis
1881 607 2032 653 gloriam

1140 652 1288 689 obtinuit
1299 679 1311 696 ,
1339 656 1479 698 exponit
1499 657 1567 700 ipse
1582 657 1620 689 in
1643 656 1779 692 Litteris
1794 657 1835 692 ad
1846 658 2026 701 Imperato-

1141 714 1209 738 rem
1228 704 1484 742 Constantium:
1511 710 1579 750 Ego
1598 706 1789 748 Confeffionis
1802 719 1911 741 munus
1924 708 2026 751 exple-

1141 759 1194 794 vi,
1224 757 1360 790 Primum
1377 767 1442 791 cum
1460 755 1624 800 persecutio
1647 766 1818 792 moveretur
1840 757 1879 791 ab
1893 761 1957 793 Avo
1979 766 2030 792 tuo

1143 805 1338 842 Maximiano.
1363 806 1435 842 Hic
1444 806 1491 840 est
1501 807 1768 843 Maximinianus
1781 806 2032 847 Herculius,cu-

1142 851 1191 894 jus
1202 854 1306 890 filiam
1317 855 1471 892 Faustam
1483 856 1581 891 duxit
1595 856 1836 895 Constantinus
1859 858 2008 903 Magnus
2021 880 2035 898 ,

1143 903 1177 936 δι
1187 914 1230 937 ex
1243 904 1310 948 ipsa
1320 906 1439 951 genuit
1450 907 1727 949 Constantinum,
1745 908 2034 949 Constantium‚&

1143 952 1369 992 Constantem.
1390 982 1393 988 .
1407 956 1462 991 Ex
1473 956 1525 990 his
1539 958 1628 993 vides
1640 958 1879 994 Maximiniani
1901 958 2031 993 Hercu-

1142 1002 1179 1036 lii
1191 1005 1449 1047 persecutionem
1460 1007 1553 1042 fuiffe
1565 1008 1668 1044 etiam
1680 1009 1715 1042 in
1725 1010 1899 1053 Hispania.
1924 1008 2025 1044 Istam

1142 1054 1242 1088 Hofii
1254 1055 1439 1099 Epistulam
1451 1057 1580 1092 sanstus
1591 1057 1794 1098 Athanasius
1816 1058 1955 1093 inseruit
1966 1058 2033 1093 suis

1144 1104 1277 1138 Litteris
1290 1104 1333 1139 ad
1353 1107 1428 1139 suos
1450 1105 1649 1141 Monachos.
1679 1108 1774 1155 Qid
1796 1108 1896 1152 porro
1906 1109 1946 1142 fit
1968 1108 2033 1144 effi}
2051 1114 2168 1152 Fal-649

1143 1154 1356 1197 Confessbrem,
1381 1156 1518 1201 exposui
1528 1157 1565 1190 in
1585 1156 1730 1194 Scholiis
1750 1158 1793 1194 ad
1816 1157 2033 1203 Praescriptio-

1151 1215 1208 1241 nes
1218 1204 1432 1243 Tertulliani.

1147 1311 1409 1361 Alexandrina
1434 1311 1602 1379 Synodus
1626 1314 1759 1380 Hosti,
1796 1315 2033 1381 Corduberfis

1499 1380 1695 1452 Epfiopl'.
1750 1436 1753 1439 Α
1783 1417 1785 1420 f

1263 1505 1322 1538 On
1343 1502 1428 1538 solas
1449 1502 1664 1538 Constantini
1682 1503 1808 1542 litteras
1827 1505 1947 1542 detulit
1968 1518 2034 1542 ma-

1275 1564 1362 1599 gnus
1373 1553 1498 1588 Hofius
1506 1579 1518 1595 ,
1544 1553 1599 1588 sed
1609 1555 1739 1599 insuper
1750 1566 1916 1602 ‘magnam
1926 1559 1948 1594 S
1951 1570 2031 1602 yno-

1120 1634 1122 1638 ,
1145 1604 1224 1639 dum
1245 1604 1423 1639 celebravit
1441 1603 1528 1648 apud
1551 1603 1813 1647 Alexandriam,
1839 1608 1874 1642 ὅς
1894 1618 2032 1644 ornnem

1150 1655 1221 1688 Arii
1234 1666 1272 1689 ac
1287 1654 1497 1698 quorundam
1509 1654 1651 1690 aliorum
1672 1657 1802 1691 cautam
1823 1658 2032 1701 synodaliter

1148 1704 1302 1741 discuffit.
1325 1705 1426 1740 Hanc
1436 1705 1610 1748 Synodum
1621 1705 1827 1742 Mareoticus
1837 1708 1953 1743 Clerus
1965 1709 2032 1744 lau-

1150 1754 1206 1789 dat
1221 1755 1255 1791 in
1268 1754 1440 1790 litterisad
1449 1755 1603 1791 Flavium
1613 1753 1821 1802 Philagrium
1838 1758 2031 1794 Praefec‘tum

1148 1805 1366 1850 Augustalem
1378 1830 1389 1844 ,
1413 1806 1447 1840 &
1459 1805 1619 1850 quosdam
1630 1806 1713 1841 alios
1733 1807 1880 1842 Romani
1899 1809 2029 1854 Imperii

1148 1855 1182 1887 in
1198 1854 1355 1900 AEgypto
1368 1855 1542 1890 Ministros
1563 1867 1572 1887 t
1608 1858 1761 1900 ,Quoniam
1783 1857 1950 1903 Theognius
1971 1860 2004 1893 N
2008 1861 2033 1893 i-

1146 1915 1253 1940 caenus
1265 1928 1278 1944 ‚
1302 1907 1400 1938 Maris
1413 1903 1713 1946 Chalcedonenfis,
1741 1909 1932 1942 Macedonius
1952 1910 2030 1944 Mo-

1145 1954 1346 1998 psuestienfis
1356 1978 1368 1995 ,
1393 1954 1559 1988 Theodorus
1572 1955 1801 1990 Heraclaeensis
1813 1982 1824 1998 ,
1843 1958 1927 1993 Item
1939 1958 2027 2003 Ursa-

1146 2011 1208 2037 cius
1218 2004 1513 2049 &agidam-,usme-
1523 2006 1634 2039 Valens
1642 2005 1826 2041 Murfienfis
1837 2009 2030 2054 Episcopus,

1143 2057 1212 2095 mtffi
1224 2055 1263 2088 ab
1275 2053 1430 2097 Episcopis
1442 2079 1453 2095 ‚
1478 2061 1530 2097 qui
1548 2059 1615 2093 Tyri
1633 2062 1667 2089 in
1691 2058 1856 2091 concilium
1875 2065 2005 2094 coierant
2017 2085 2028 2101 ,

1143 2106 1187 2137 ad
1196 2104 1323 2145 nostram
1335 2107 1504 2138 Paeraeciam
1513 2104 1641 2147 profe&
1653 2131 1663 2146 ‚
1675 2108 1821 2140 dixerunt
1826 2106 1892 2151 sese
1901 2116 1933 2143 in
1945 2123 2028 2144 man·

1144 2155 1227 2196 datis
1237 2154 1348 2189 habere
1360 2179 1370 2196 ‚
1395 2164 1430 2188 ut
1439 2161 1626 2198 inquirerent
1635 2162 1668 2189 in
1687 2158 1830 2202 quaedam
1851 2159 2026 2201 Ecclefiastg'.

1145 2216 1180 2239 ea
1182 2204 1325 2248 facinora
1336 2229 1347 2245 ,
1367 2206 1402 2240 θ
1413 2210 1495 2241 inter
1506 2215 1615 2249 caetera
1625 2208 1662 2240 de
1675 2208 1774 2241 calice
1784 2207 1945 2250 confrac‘lo,
1961 2222 2030 2246 cum.

1137 2257 1206 2296 jam
1229 2257 1320 2291 antec?
1343 2255 1389 2289 ad
1406 2256 1442 2292 id
1459 2253 1605 2299 Iscbyram
1630 2258 1780 2299 quendam
1794 2256 2003 2302 subornaffient
2015 2286 2027 2302 ‚

1143 2317 1228 2348 quem
1240 2304 1341 2349 secum
1355 2307 1550 2342 adduxerunt
1561 2330 1572 2346 ‚
1598 2305 1744 2340 bominem
1764 2310 1888 2342 minime
1904 2311 2026 2349 Presby-

1119 2371 1121 2374 .
1145 2364 1246 2390 terum
1256 2381 1268 2398 ,
1293 2354 1413 2394 tametsi
1412 2354 1447 2399 se
1457 2367 1489 2389 eo
1498 2362 1613 2391 nomine
1617 2356 1742 2397 jaHitet
1751 2381 1762 2397 ,
1784 2365 1893 2401 quippe
1904 2361 2028 2394 ordina·

1143 2414 1206 2439 tum
1224 2407 1245 2438 ἃ
1268 2405 1404 2441 collutho
1417 2407 1546 2450 quodam
1558 2430 1569 2446 ‚
1596 2418 1653 2439 non
1664 2418 1737 2440 vero
1751 2431 1761 2448 ‚
1781 2406 1841 2451 sed
1848 2415 2025 2453 imaginario

1143 2454 1308 2499 Epifi‘opo‚
1334 2461 1382 2489 cui
1402 2461 1435 2489 in
1455 2457 1597 2494 Gener-ali
1620 2458 1747 2490 Concilio
1767 2458 1808 2491 ab
1821 2458 1901 2500 Hosto
1913 2483 1923 2499 ,
1948 2461 1984 2494 Θ·
2003 2463 2026 2493 ἃ

1111 2545 1113 2547 ¹
1141 2512 1259 2541 caeteris
1268 2503 1446 2548 Episcopu,
1472 2512 1526 2553 qui
1546 2507 1609 2539 una
1627 2508 1759 2543 aderant
1780 2532 1791 2548 ‚
1809 2510 1920 2554 jussum
1934 2509 2025 2552 fuit,

1139 2565 1173 2589 ut
1178 2555 1212 2598 se
1218 2563 1275 2597 pro
1286 2555 1458 2596 Presbytero
1469 2581 1480 2598 ‚
1507 2557 1606 2599 qualis
1617 2558 1710 2592 antea
1716 2556 1826 2600 ficerat
1838 2583 1849 2599 ,
1876 2558 1998 2594 haberet
2006 2573 2023 2603 ;

1138 2615 1227 2649 atque
1237 2607 1302 2640 ideo
1312 2617 1412 2640 omnes
1424 2606 1464 2639 ab
1473 2607 1527 2647 illo¹
1539 2605 1706 2647 constitutos
1725 2613 1757 2641 in
1781 2618 1913 2643 veterem
1929 2607 2019 2653 ficum

1138 2657 1283 2692 ordinem
1302 2656 1508 2700 recurrffint3
1534 2661 1619 2691 Inter
1629 2668 1703 2700 quos
1713 2664 1806 2691 etiam
1816 2657 1948 2700 Iscbyras
1966 2668 2021 2693 na-

1136 2707 1299 2740 imrandus
1308 2705 1347 2746 eft
1357 2729 1370 2746 2
1389 2713 1441 2750 qui
1452 2708 1527 2742 dicit
1530 2706 1567 2751 se
1576 2719 1643 2743 eam
1654 2708 1811 2749 Ecclesiam
1820 2707 1929 2743 babere
1941 2733 1951 2748 ‚
1962 2721 2020 2752 que

1136 2767 1289 2799 nunquam
1292 2755 1359 2797 fuit
1370 2768 1384 2798 ;
1414 2759 1538 2800 ‚Quippe
1546 2769 1615 2801 quae
1626 2755 1855 2798 Domunculafit
1876 2764 1910 2791 in
1932 2761 2023 2792 Prae‹

1126 2808 1195 2840 diis
1207 2804 1362 2849 cujusdam
1366 2808 1476 2849 pupilli
1486 2831 1497 2847 ‚
1522 2813 1637 2840 nomine
1651 2806 1760 2850 {fionis-
1790 2807 1943 2843 Eandem
1956 2808 2015 2852 Sy-

1137 2856 1262 2892 nodum
1274 2855 1364 2891 idem
1374 2856 1490 2892 Clerus
1500 2856 1612 2892 laudat
1623 2857 1659 2891 in
1671 2858 1807 2892 Litteris
1814 2857 1856 2892 ad
1866 2857 2014 2901 Tyriam

1136 2907 1156 2940 S
1157 2905 1308 2950 ynodum
1323 2919 1329 2938 :
1343 2907 1535 2940 admiramur
1545 2908 1684 2950 quomoda
1695 2908 1747 2941 vel
1755 2908 1816 2940 ulla
1827 2909 1952 2942 tandem
1963 2916 2015 2942 ra—

1136 2963 1214 2989 tione
1224 2954 1354 3001 Isi-hyras
1362 2964 1421 2998 pro
1440 2956 1630 2998 Ecclesiastico
1649 2955 1795 2990 habeatur
1805 2981 1815 2997 ‚
1842 2959 1881 2992 de
1899 2970 1963 3003 qua
1981 2970 2016 2994 re

1131 3007 1262 3048 primum
1283 3006 1366 3039 nobis
1401 3006 1592 3048 referendum
1622 3006 1807 3040 arbitramur
1831 3031 1842 3047 ,
1881 3006 2014 3054 Iscbyras

1134 3063 1211 3090 enim
1222 3067 1375 3098 nunquam
1385 3068 1424 3090 ex
1434 3059 1533 3089 Sacris
1544 3055 1679 3097 Ecclefiae
1699 3057 1913 3098 Comministris
1920 3059 1989 3100 fuit
1999 3071 2011 3102 ;

1129 3105 1466 3150 sedprimumjaffavit
1471 3104 1506 3148 se
1517 3105 1648 3141 Colluthi
1659 3108 1865 3147 Presbyterum
1876 3120 1885 3151 3
1908 3110 2013 3145 verimi

1133 3163 1178 3189 ita
1188 3164 1221 3188 ut
1233 3161 1380 3189 neminem
1390 3155 1512 3189 baberet
1524 3179 1535 3196 ,
1559 3162 1612 3199 qui
1621 3155 1679 3198 ipſs
1693 3158 1826 3194 crederet
1836 3182 1847 3198 ‚
1872 3166 2007 3201 exceptis

1134 3207 1297 3239 dumtaxat
1307 3211 1450 3248 cognatis
1455 3204 1523 3248 suis
1534 3231 1545 3246 ,
1570 3215 1606 3239 ut
1624 3213 1677 3250 qui
1695 3217 1748 3242 nec
1755 3218 1891 3251 unqioetm
1901 3211 2005 3244 Eccle-

1127 3255 1203 3298 fiam
1217 3255 1375 3288 obtinuerit
1385 3280 1396 3296 ‚
1422 3266 1475 3288 nec
1486 3256 1617 3289 Clericus
1628 3256 1668 3290 ab
1688 3258 1758 3291 ullis
1766 3282 1779 3299 ,
1803 3257 1860 3300 nisi*
1876 3265 1929 3302 qui
1949 3261 2010 3292 lon-

1126 3306 1196 3350 gius
1210 3305 1248 3337 ab
1259 3306 1340 3338 illius
1352 3307 1434 3349 Pago
1443 3304 1615 3340 babitarent
1624 3331 1635 3347 ,
1660 3307 1840 3351 unquamyit
1850 3310 1983 3343 creditus
1995 3332 2006 3348 ,

1127 3355 1199 3400 fhlis
1210 3357 1375 3389 dumtaxat
1387 3357 1453 3395 ejus
1466 3358 1612 3400 Cognatis
1624 3365 1765 3403 exceptis.
1777 3361 1931 3401 Idemque,
1942 3368 2008 3392 cum

1134 3403 1286 3445 talemsi'bi
1297 3405 1429 3440 Titulum
1438 3406 1616 3450 vendicasset
1622 3432 1633 3448 ,
1663 3413 1697 3443 in
1710 3410 1917 3443 Alexandrina
1927 3410 2009 3446 syno—

1132 3458 1170 3489 do
1180 3481 1190 3496 ,
1216 3452 1419 3498 inpraesentia
1431 3457 1537 3489 Patris
1547 3456 1633 3497 nostri
1656 3456 1731 3499 Hosti
1744 3483 1754 3498 ‚
1780 3457 1922 3500 dfflofitus
1946 3456 1985 3495 est'
1998 3480 2008 3495 ,

1133 3507 1167 3541 Θ
1178 3506 1241 3540 cum
1253 3507 1352 3541 Laicis
1367 3511 1401 3542 in
1411 3507 1553 3544 ordinem
1563 3507 1700 3544 redactus
1711 3521 1724 3550 ,-
1738 3517 1843 3553 atque
1853 3515 1883 3540 in
1894 3505 2007 3591 eostatla

1946 3565 1980 3587 ee
1990 3562 2014 3585 t«
