2346 3776
518 141 520 144 ,
634 103 950 157 sonorus,
987 106 1664 145 ETJNO‘TIsl‘LLUSTRATI.
1698 118 1722 125 ·’

75 194 162 232 Epist.
181 201 208 222 2.
252 191 439 239 Maenium
451 197 469 225 ,-’
486 185 816 242 Ramsssusssffiswpuq
828 211 838 227 ‚
858 188 928 232 pam
939 187 976 220 de
987 188 1123 232 rjclpim
1187 182 1306 231 gnati,
1321 193 1441 225 *neque
1453 180 1563 224 tamen
1590 180 1728 224 abjicere
1741 207 1752 223 ‚
1771 192 1827 220 aut
1836 185 1905 229 ejus
1916 185 2068 223 coi-rivali

235 235 300 275 “dis
323 239 557 282 Apollinartahis
568 237 741 271 deliberatio
759 236 918 270 haberetur
930 261 941 278 ,
968 238 1123 274 editionem

237 286 454 334 --Eccle‘fiu'st'tcae
469 282 576 331 fisl'e13
602 293 647 321 cui
666 282 846 331 ficbſtribere
862 286 1012 320 deberent
1025 312 1035 328 ,
1061 297 1124 319 con-

244 341 434 386 scribendam
456 339 641 378 mundavit.
670 338 715 373 Et
732 333 866 379 antiqua
878 336 1010 373 Damasi
1039 335 1135 370 Pon-.

248 393 352 448 tificiss
360 390 426 423 vita
441 413 452 429 ,
476 400 532 435 pet
544 388 804 425 Constantinum
818 385 1015 430 Cajetanum
1026 386 1043 420 ἐ
1055 387 1134 431 RQ-⁷

235 435 356 486 ‘’manis
381 434 641 474 Canonicoruns
655 436 760 471 Sancti
783 436 872 470 Petri
888 435 1048 470 'Archivis
1073 444 1125 469 ex·

241 491 386 533 'stt-ipra,
411 490 444 524 δε
460 488 624 533 publieata
636 500 692 532 per
701 487 864 521 Martium
874 486 1058 521 Milefium:
1089 490 1125 519 In

248 540 354 574 diebus
376 541 435 572 illis
464 537 613 582 Damasus
628 563 639 578 ‚
664 542 832 578 convocatis
854 535 1012 579 ,Episcopis
1034 538 1070 570 de
1082 538 1126 569 di-

249 589 341 632 versis
364 590 470 623 mundi
488 588 631 632 partibus
652 586 851 629 ‚1celebravtt
873 588 1036 624 Concilium
1057 611 1069 627 ,
1094 592 1126 619 in

250 648 306 685 quo
331 640 542 673 condemnavit
562 639 787 677 Macedonium,
812 640 1018 677 Eunomium,
1043 638 1127 679 Apol·

248 692 398 725 linarem:
426 692 530 733 ‚Quam
547 686 731 732 sententiam
755 686 923 728 confirmari
940 692 1085 728 proecepit
1095 691 1126 718 in

246 739 356 787 sanc‘Ja
374 738 506 784 secunda
528 739 659 778 synodo,
685 749 753 781 quae
772 735 923 787 Ἀστερία
943 738 978 770 Θ·
1003 736 1128 770 auHorl-

252 799 317 824 tate
350 792 417 832 ejus
447 790 534 832 apud
562 787 844 841 Constantinopofim
869 786 1015 819 celebrata
1040 785 1126 827 fuit.

251 841 346 874 Duas
372 839 415 875 ad
438 838 617 873 Paulinum
632 862 644 878 ‚
667 848 760 877 non,
786 835 954 870 urdolose
978 847 1020 870 ex
1031 836 1129 869 caufis

251 891 341 926 notis
362 888 597 925 Theodoretus
620 886 754 927 scribit,
780 885 1127 926 Thessalonicensem,

240 939 305 973 *sed
319 936 573 972 Antiochenum
584 937 786 981 Episcopum
800 961 810 977 ,
837 936 999 970 Damasus
1010 936 1129 980 scripsit

252 989 399 1028 litteras,
425 999 563 1033 quarum
587 989 694 1031 prior,
722 985 838 1021 dolose
870 987 949 1020 item
972 987 1128 1030 suppressa

247 1038 293 1074 ab
305 1038 423 1073 eodem
436 1039 600 1081 scriptore,
614 1037 756 1071 Paulino
767 1037 1002 1080 Episcopatum
1014 1037 1131 1070 confir-

251 1099 320 1123 mat
332 1114 343 1129 ,
369 1089 404 1123 δε
417 1100 471 1132 per
481 1099 616 1124 omnem
627 1088 806 1122 Dioecefim
817 1087 1023 1123 orientalem
1037 1086 1130 1128 ponit

253 1139 397 1173 radicem
424 1138 693 1180 communionis3
715 1137 817 1171 altera·
841 1137 995 1176 Arianis,
1022 1135 1131 1169 Euno-

255 1189 377 1223 mianis
390 1214 399 1229 ,
426 1187 690 1232 Apollinaristis,
716 1187 852 1231 aliisque
864 1185 1128 1221 Erronibustum

253 1238 493 1282 grassantibus,
519 1239 593 1283 figit
609 1239 747 1274 formam
770 1236 994 1280 profeffionis‚
1020 1235 1128 1278 quain

255 1289 434 1324 Ecclefiam
447 1289 661 1332 recipiantur.
689 1282 816 1320 AmBas
827 1296 881 1319 aut
902 1286 1064 1319 Damasus
1075 1296 1127 1318 aut

254 1338 414 1372 Paulinus
426 1339 508 1372 mifit
520 1338 560 1371 ad
572 1336 986 1380 Synodum,executionem
1000 1346 1129 1379 rogans,

255 1388 379 1431 isteque
390 1387 435 1422 est
449 1387 715 1423 Occidentalium
727 1386 856 1423 libellus
869 1411 876 1417 .
904 1384 1030 1425 Verum
1042 1385 1130 1422 enim

253 1436 334 1473 vero
382 1437 560 1476 Paulinum
582 1461 592 1477 ‚
619 1437 780 1480 quoniam
807 1435 849 1474 ab
871 1434 1141 1474 occidentalibus

1894 116 1991 164 337

1190 233 1355 274 Meletio‚
1381 242 1437 266 aut
1462 231 1633 282 successori
1652 229 1750 281 >hujus
1774 235 1936 270 Flaviano
1959 238 2068 282 palam

1191 282 1422 318 adhaerereaufi
1439 306 1450 322 ‚
1475 292 1591 316 omnes
1604 281 1797 327 generaliter
1812 284 2046 321 Antiochenos
2058 311 2071 326 ‚

1191 334 1253 367 five
1263 332 1418 372 Paulini,
1444 332 1506 366 live
1516 332 1667 368 Flaviani
1680 332 1851 375 sequaceS,
1879 336 1935 378 qui
1963 335 2071 371 Nica·-

1179 383 1318 431 :namde
1339 381 1609 420 consubstantiali
1623 381 1796 430 ‘l'ssrinitate
1819 383 1919 419 fidem
1943 386 2071 427 profitet-

1179 433 1303 473 'rentur‘
1322 455 1334 472 ‚
1360 431 1560 469 'admiserunt
1585 429 1626 466 in'
1645 430 1921 469 communionem
1943 457 1954 473 ,
1983 434 2068 468 sedis

1192 481 1408 517 contentione
1421 483 1586 525 suspensa.
1617 481 1721 527 quue
1742 480 1788 516 ob
1801 482 1952 518 libellum
1972 484 2070 518 Occi-

1182 532 1374 576 Jdentalium
1385 555 1396 576 ‚
1424 532 1459 566 id
1471 531 1516 565 est
1529 556 1539 574 ‚
1566 532 1611 572 ob
1621 532 1832 573 reverentiam
1843 533 1993 578 Ecclesiae
2005 534 2074 569 Ro-

1193 594 1297 618 manae
1308 606 1316 613 .
1664 606 1669 610 .

1245 631 1291 666 At
1303 632 1367 665 fuit
1378 632 1489 666 fucata
1500 632 1678 667 reverentia
1691 657 1698 664 .
1726 631 1821 667 Licet
1832 634 1923 670 enim
1946 620 2074 669 nullfftrl

1195 683 1229 717 in
1242 682 1308 719 hoc
1319 682 1479 723 Canone3
1507 683 1540 715 in
1557 680 1770 725 synodalibus
1785 691 1895 720 tamen
1906 685 2075 728 sequentis

1195 734 1273 767 anni
1289 732 1405 768 litteris
1415 731 1455 766 ad
1468 732 1649 769 Damasum
1669 731 1867 769 Pontificem
1879 759 1891 775 ,
1917 737 2074 771 &nilum

1196 782 1405 821 Ambrofium
1418 781 1704 817 Mediolanensem
1716 807 1727 823 ,
1755 782 1939 819 Acholium
1965 784 2076 819 Thes-

1196 833 1430 868 salonicensem
1441 857 1451 873 ,
1476 832 1623 876 aliosque
1634 831 1902 870 Occidentalium
1914 834 2076 868 Primates

1197 884 1378 927 Episcopos
1397 883 1522 928 scriptis
1532 908 1543 924 ,
1566 883 1762 918 Flavianum
1785 882 1820 916 in
1831 883 1978 921 defuncti
2002 884 2079 917 Me-

1197 933 1266 967 letii
1281 933 1390 970 locum
1405 957 1415 973 ‚
1439 942 1553 967 contra
1570 943 1827 967 memoratorum
1839 936 2007 977 pastorum
2028 934 2078 979 ju-

1198 994 1298 1017 ratam
1311 982 1409 1016 fidem
1424 1006 1435 1022 ‚
1461 982 1655 1018 ordinatum
1667 983 1804 1018 mirifice
1814 985 2056 1020 commendant
2065 1009 2079 1025 ‚

1197 1033 1396 1071 confirmant
1408 1033 1442 1067 in
1458 1031 1677 1076 Episcopatu,
1693 1043 1791 1078 atque
1802 1034 1884 1069 adeo
1899 1035 2080 1071 Paulinum

1199 1082 1356 1125 abjiciunt
1368 1105 1378 1121 ‚
1405 1092 1461 1115 aut
1476 1082 1562 1120 certe
1573 1092 1793 1119 contemnunt
1805 1108 1812 1116 .
1840 1084 1935 1122 Hinc
1947 1098 2005 1130 pro
2018 1085 2080 1121 illo

1201 1132 1364 1175 indignati
1391 1130 1585 1166 Ambrosius
1613 1157 1624 1173 ,
1652 1131 1816 1168 Acholius
1838 1158 1850 1174 ‚
1889 1135 2082 1179 reliquaque

1201 1181 1417 1225 Aquilejenfis
1428 1181 1582 1224 synodus
1593 1207 1603 1222 ‚
1617 1183 1780 1217 Gratiano
1790 1208 1802 1224 ,
1814 1183 2082 1224 Valentiniano,

1200 1233 1233 1265 &
1246 1230 1441 1265 Theodofio
1454 1230 1613 1276 Augustis
1629 1243 1809 1277 queruntur
1823 1247 1832 1267 .·
1859 1234 1987 1274 Vetustae
2008 1246 2082 1269 com-

1200 1288 1346 1315 munionis
1355 1280 1443 1323 sociis
1448 1280 1508 1323 fica
1512 1289 1722 1329 praerogativa
1730 1281 1885 1327 servetur,
1898 1298 2021 1327 quorum
2034 1297 2083 1318 no⁴
2096 1281 2098 1283 ¹

1201 1332 1246 1364 bis
1274 1331 1338 1365 baec
1356 1343 1413 1364 non
1435 1330 1586 1374 superflua
1606 1344 1678 1366 cura
1697 1333 1753 1374 est·
1781 1333 1877 1368 Abfit
1892 1336 1995 1380 igitur
2008 1360 2019 1376 ,
2045 1344 2082 1369 ut

1202 1382 1360 1415 Damasus
1371 1381 1528 1417 Pontifex
1549 1381 1639 1417 hune
1651 1382 1826 1418 Canonem
1852 1381 2060 1420 confirmarit
2073 1409 2081 1416 -

1205 1432 1320 1475 Longa
1332 1431 1394 1469 fuit
1414 1431 1474 1469 ista
1499 1431 1787 1472 Antiochenam,
1813 1445 1912 1476 quam
1937 1436 1997 1470 sub
2009 1435 2085 1469 Siri-

263 1488 456 1522 ordinatum
478 1513 490 1528 ,
520 1488 645 1530 semper
671 1486 803 1520 aversati
828 1486 904 1518 sunt
935 1483 1138 1523 orientales,

261 1538 404 1581 ideoque
431 1538 478 1571 illi
500 1547 609 1579 neque
631 1532 885 1568 Antiochenum
906 1533 1140 1576 Episcopatum

261 1587 479 1626 confirmare,
506 1596 566 1619 nec
580 1583 698 1619 radicis
717 1583 915 1629 dignitatem
935 1581 1074 1618 tribuere
1093 1582 1141 1616 di-

1202 1482 1255 1514 cio
1266 1480 1431 1514 pontifice
1442 1481 1604 1514 moderari
1618 1482 1718 1525 coepit
1730 1483 1885 1525 Synodus
1900 1483 2060 1528 Capuana
2074 1508 2086 1524 ‚

1203 1530 1296 1574 plene
1308 1529 1442 1564 tandem
1459 1529 1618 1564 exstinxit
1630 1531 1848 1566 Innocentius
1860 1533 1985 1577 primus
1996 1559 2004 1566 .

285 1714 343 1718 ,ἡ
354 1714 381 1718 ,..,
392 1703 1690 1719 i-ffl——ss——mmm—pv-——v——q-—ss-ffl-—P—m*

762 1795 819 1851 C
890 1794 944 1850 A
1013 1794 1069 1850 N
1139 1794 1192 1848 O
1264 1791 1320 1846 N
1445 1790 1499 1846 V
1535 1790 1578 1844 I.

263 1923 632 2120 Qloniam
669 1926 795 1974 multi
831 1924 1173 1974 Ecclefiasticum
1208 1920 1422 1970 Ordinem
1441 1897 1721 1970 confundere
1768 1927 1811 1972 δε
1847 1905 2095 1975 subvertere

476 1996 671 2046 volentes
705 2033 720 2057 ,
767 1996 945 2045 inimice
994 2000 1037 2044 δε
1070 1991 1380 2062 sycophantice
1430 1990 1633 2041 adversus
1683 1993 1951 2045 orthodoxos
1988 1999 2095 2063 Epi-

512 2065 662 2135 scopos
697 2103 710 2126 ,
757 2068 836 2133 qui
882 2065 1092 2115 Ecclefias
1141 2062 1439 2111 administrant
1474 2099 1487 2122 ‚
1542 2060 1835 2113 accusationes
1885 2066 2093 2132 quasdam

257 2137 513 2200 confingunt
549 2173 562 2197 ,
597 2136 708 2185 nihil
744 2134 863 2185 aliud
898 2134 1031 2204 quam
1067 2132 1342 2183 Sacerdotum
1380 2131 1540 2180 bonam
1588 2132 1952 2184 existimationem
1990 2155 2096 2187 con-

259 2208 471 2256 taminare
497 2243 510 2266 ‚
545 2211 588 2257 &
623 2209 669 2254 in
704 2224 812 2274 pace
845 2204 1095 2268 degentium
1134 2204 1392 2271 populorum
1430 2203 1640 2251 tumultus
1676 2207 1895 2254 concitare
1934 2224 2095 2255 conan-

260 2293 325 2325 tes
363 2297 374 2325 :
424 2294 475 2325 ea
510 2276 565 2325 de
600 2274 724 2324 causa
757 2277 923 2344 placuit
959 2274 1106 2324 sanstae
1141 2272 1319 2341 Synodo
1353 2271 1664 2340 Episcoporum
1699 2310 1712 2334 ,
1768 2278 1846 2342 qui
1882 2277 2096 2325 Constan-

261 2348 449 2414 tinopoli
483 2361 779 2397 convenerunt
814 2383 827 2406 ‚
875 2363 953 2395 nec
990 2346 1075 2395 fine
1111 2343 1359 2393 discussione
1396 2341 1626 2393 admittere
1662 2344 1928 2395 accusatores
1964 2385 1978 2408 ‚
2016 2365 2096 2396 nec

257 2415 462 2466 omnibus
531 2434 679 2465 eorum
713 2453 728 2476 ,
784 2418 862 2482 qui
900 2416 1110 2465 Ecclefias
1145 2414 1443 2462 administrant
1478 2450 1491 2473 ,
1541 2412 1832 2465 accusationes
1867 2419 2096 2484 permitte-

261 2503 305 2534 re
339 2521 354 2544 ,
390 2494 468 2533 nec
503 2502 652 2535 omnes
688 2484 911 2534 excludere
947 2505 960 2534 ε
998 2485 1069 2535 sed
1104 2484 1135 2532 fi
1171 2486 1271 2551 quis
1306 2486 1527 2552 propriam
1563 2483 1743 2551 quidem
1779 2489 2046 2552 querelam-2
2079 2525 2094 2549 ,

261 2553 308 2603 id
343 2554 403 2602 est
437 2592 450 2615 ,
500 2557 715 2622 privatam
750 2592 763 2615 ‚
809 2554 1009 2604 intendat
1057 2554 1274 2623 Episcopo
1307 2591 1320 2615 ,
1370 2571 1418 2603 ut
1465 2553 1730 2603 detrimento
1778 2557 1928 2623 aliquo
1963 2595 1976 2618 ‚
2022 2559 2096 2608 vel

261 2628 415 2689 injuria
450 2627 597 2692 aliqua
632 2625 690 2674 ab
725 2623 817 2693 ipso
851 2624 1023 2681 affeetus
1058 2663 1071 2686 ‚
1120 2628 1166 2673 in
1201 2622 1407 2689 ejusmodi
1460 2623 1805 2674 accusationibus
1854 2645 1931 2675 nec
1969 2645 2097 2676 accu-

262 2694 411 2744 satoris
446 2694 670 2763 personam
705 2732 718 2756 ‚
765 2713 844 2744 nec
880 2697 1133 2758 religionem
1181 2696 1415 2744 examinari
1446 2711 1463 2742 .·
1508 2700 1701 2762 Oportet
1737 2698 1852 2744 enim
1888 2696 2095 2766 Episcopi

262 2763 569 2814 conscientiam
605 2764 685 2814 effe
719 2764 921 2826 omnibus
956 2765 1099 2815 modis
1136 2764 1318 2815 liberam
1352 2801 1365 2825 ‚
1401 2769 1444 2813 &
1480 2782 1578 2813 eum
1615 2802 1627 2824 ‚
1662 2767 1740 2831 qui
1777 2765 1854 2813 fibi
1890 2768 2094 2832 injuriam

264 2835 419 2883 factam
455 2833 534 2884 effe
568 2835 678 2884 dicit
712 2872 726 2896 ‚
761 2834 1064 2903 cujuscumque
1100 2836 1152 2884 fit
1188 2837 1410 2898 religionis
1443 2869 1458 2894 ,
1492 2839 1557 2899 jus
1594 2834 1712 2883 suum
1748 2834 1951 2904 consequi
1987 2874 2000 2885 .
2051 2840 2093 2887 Si

262 2920 409 2954 autem
445 2905 496 2955 fit
531 2908 695 2955 crimen
730 2906 1098 2966 Ecclefiasticum‚
1134 2904 1255 2972 quod
1291 2903 1508 2972 Episcopo
1543 2904 1783 2954 intenditur
1806 2942 1820 2967 ,
1856 2922 1960 2956 tunc
1995 2925 2095 2957 exa-

264 2976 417 3023 minari
453 2974 650 3042 personas
686 2974 978 3024 accusatorum
1017 2996 1029 3025 :
1067 2992 1115 3025 ut
1151 2975 1340 3042 primum
1377 2974 1554 3041 quidem
1591 2975 1802 3024 haereticis
1838 2994 1926 3025 non
1962 2979 2093 3028 liceat

262 3043 527 3115 orthodoxos
563 3044 800 3113 Episcopos
834 3063 915 3113 pro
948 3046 1073 3096 rebus
1110 3045 1416 3094 Ecclefiasticis
1452 3043 1647 3094 accusare
1682 3082 1695 3093 .
1744 3049 1983 3097 Haereticos
2020 3066 2094 3097 au-

263 3131 355 3164 tem
389 3114 573 3163 dicimus
592 3152 606 3175 ,
640 3120 683 3164 &
717 3118 797 3182 qui
831 3117 937 3165 olim
973 3117 1030 3165 ab
1066 3116 1255 3165 Ecclesia
1289 3114 1480 3164 abdicati
1518 3114 1612 3163 sunt
1644 3152 1657 3175 ‚
1692 3119 1735 3164 δε
1771 3119 1848 3182 qui
1885 3116 1980 3166 sunt
2016 3137 2095 3185 po-

265 3185 351 3234 stea
386 3183 411 3233 a
447 3184 573 3234 nobis
607 3184 965 3234 anathematizati
1001 3223 1013 3234 .
1061 3185 1134 3235 Ad
1170 3187 1259 3234 haec
1293 3200 1439 3234 autem
1475 3189 1517 3233 &
1552 3202 1626 3234 cos
1660 3222 1674 3246 ,
1718 3188 1796 3252 qui
1831 3185 1871 3236 se
1906 3186 2095 3236 sanaim

266 3253 447 3320 quidem
480 3254 610 3304 fidem
658 3253 856 3304 confiteri
891 3274 977 3323 prae
1011 3254 1052 3305 se
1089 3256 1230 3305 ferunt
1263 3291 1278 3315 ,
1325 3255 1459 3303 avulfi
1494 3270 1640 3304 autem
1687 3253 1783 3304 sunt
1817 3260 1860 3305 &
1895 3256 2055 3306 absciffi
2079 3293 2092 3317 ,

268 3327 312 3374 &
346 3324 549 3374 adversus
584 3328 817 3374 canonicos
853 3325 1016 3374 nostros
1051 3325 1290 3394 Episcopos
1325 3327 1705 3388 congregationem
1743 3325 1907 3375 faciunt
1935 3364 1947 3375 .
1983 3330 2094 3374 Prae-

268 3408 386 3444 terea
420 3411 564 3444 autem
614 3400 657 3445 «Sc
692 3395 723 3444 fi
760 3395 897 3462 aliqui
943 3413 1089 3443 eorum
1134 3396 1190 3444 ab
1225 3395 1415 3444 Ecclesia
1460 3395 1519 3443 ob
1565 3396 1733 3461 aliquas
1780 3395 1925 3444 causas
1972 3396 2095 3463 prius

266 3461 545 3514 condemnati
579 3502 593 3526 ‚
628 3470 670 3514 &
704 3467 826 3530 ejecti
861 3466 934 3515 vel
969 3467 1330 3515 excommunicati
1366 3464 1532 3515 fuerint*
1548 3501 1562 3526 ,
1598 3465 1685 3513 five
1718 3483 1770 3517 ex
1804 3466 1935 3516 Clero
1957 3501 1971 3525 ‚
2006 3464 2093 3515 five

358 3537 503 3567 Canones
519 3535 832 3576 Conc.Const.Tomi1.
1619 3535 1654 3571 V
1680 3546 1702 3568 u
2001 3546 2043 3572 ex
