2346 3776
62 527 218 569 Epist.328.

62 870 215 909 Epist-387.

60 1438 215 1478 flues-74.

58 1490 122 1521 cap.
137 1490 178 1513 n.

72 3111 165 3152 Epist.
179 3121 230 3148 47·

0 3288 2 3292 ’
71 3302 136 3339 Lib,
156 3314 187 3339 2.

551 140 867 192 smmum,
893 150 972 184 ET
999 142 1716 188 NOT181LLUSTR'ATUnrr.

237 378 329 412 ledus
340 392 348 409 .·
374 376 538 419 Loquitur
555 374 725 408 adversum
736 369 998 405 Macedonianos
1011 393 1021 408 ‚
1048 368 1105 411 qui

232 427 338 462 hocce
356 426 458 460 nostri
469 424 622 469 Symboli
634 421 833 466 compendio
844 418 885 455 ad
912 420 1004 452 suum
1023 429 1107 451 erro-

229 488 300 512 sem
324 475 520 512 firmandum
542 474 774 510 abutebantur.
803 470 846 502 Et
867 469 903 501 in
930 468 1045 502 litteris
1068 467 1108 501 ad

232 525 458 570 Epiphaniam
470 527 669 569 Episcopum
684 536 691 555 :
718 520 838 563 Mlfiad
853 516 980 561 ipfhrum
989 517 1111 560 quaefita

230 574 460 619 responssonem:
487 576 566 609 nibil
586 583 688 616 nempe
711 584 763 605 nos
781 570 875 612 posse,
901 580 938 602 ne
962 569 1013 601 vel
1025 564 1109 610 svlla-

226 626 305 660 ·ham
329 637 421 659 unam
439 651 449 667 ,
477 628 522 659 ad
546 631 707 659 Nicaenam
733 622 816 654 illam
832 619 924 661 fidem
949 620 1080 659 adjicere
1096 642 1106 656 ,

232 684 359 718 excepta
385 678 421 711 de
441 678 460 707 S
456 682 553 718 piritu
565 679 585 709 5
587 675 671 709 ane‘lo
682 671 843 714 Doxologia
855 694 864 709 ‚
890 670 975 709 cujas
986 674 1029 700 rei
1040 670 1105 699 Ma-

226 728 310 768 jores
321 727 365 759 illi
387 725 492 767 nostri,
518 727 647 759 velutin
668 718 838 764 transtursu
850 744 859 759 ‚
885 724 1083 752 meminerunt
1097 740 1107 756 ‚

228 777 364 810 mondum
383 786 455 810 nota
476 777 514 809 de
537 777 650 817 Spiritu
669 771 775 806 Samio
795 768 949 812 quaestione
971 792 978 799 .
1007 767 1050 799 Et
1073 766 1105 798 in

232 826 349 860 litteris
359 825 401 860 ad
412 826 623 869 Eupaterium
634 822 763 856 extollit
774 820 948 853 Nicaenum
971 816 1109 859 Symbo-

230 876 302 910 lum
328 900 340 916 ‚
365 876 503 910 affirmat
529 873 684 908 omnibus
709 871 783 905 aliis
817 868 1070 912 praeponendum
1096 890 1107 906 ‚

230 936 332 968 atque
341 925 438 968 adjun
466 925 492 958 it
506 937 517 957 .·
545 926 698 967 ‚Quoniam
715 923 786 955 vero
797 921 850 953 illa
877 918 993 961 quaestio
1005 942 1015 958 ‚
1040 928 1108 961 quae

230 983 326 1016 nuper
345 985 422 1008 emer
442 979 498 1008 tin
515 973 740 1017 disquifitionem
759 969 845 1012 apud
865 981 911 1002 eos
922 994 933 1010 ,
961 974 1012 1011 qui
1029 967 1105 1011 sem·

227 1033 285 1067 per
293 1030 441 1058 innovare
461 1025 580 1066 aliquid
592 1024 774 1057 contendunt
788 1045 798 1060 ‚
817 1020 932 1063 filentio
946 1024 1107 1060 praeterita

229 1076 317 1118 apud
327 1073 470 1119 saeculum
475 1080 564 1116 prius
577 1098 588 1114 ,
614 1085 644 1107 eo
665 1074 748 1115 quod
756 1083 813 1105 non
833 1079 898 1103 erat
919 1071 940 1102 a*
958 1080 1106 1111 quoquam

229 1131 434 1165 contrarium,
460 1122 613 1167 indifiuffa
618 1121 742 1166 prorsus
761 1121 866 1156 relieia
886 1119 951 1160 est.-
976 1120 1106 1161 intelligo

231 1175 317 1208 iilam
333 1177 372 1209 de
388 1175 499 1208 sancio
516 1176 630 1216 Spiritu
651 1198 658 1205 .
688 1173 732 1206 Et
753 1170 1006 1205 Macedonianis
1026 1168 1103 1210 obji-

231 1224 415 1267 cientibus;
441 1229 509 1257 Nos
530 1235 597 1258 eam
611 1223 874 1266 fideifhrmulam,
900 1231 968 1262 quae
994 1225 1025 1251 in
1045 1222 1107 1251 Ni-

229 1284 316 1310 caenae
340 1275 447 1313 synodo
471 1273 600 1316 expofita
634 1271 673 1312 est
700 1291 711 1312 ,
747 1273 781 1306 <5
807 1269 874 1312 {osa
902 1268 1078 1311 profitemur
1088 1281 1102 1310 ‚-

230 1325 300 1358 doce
318 1329 417 1367 igitur
441 1335 478 1356 ex
497 1323 557 1356 ilia
581 1325 726 1364 Spiritum
748 1320 891 1353 Sam‘ium
924 1325 956 1352 in
986 1323 1107 1351 Divini-

231 1382 297 1407 tate
316 1378 484 1406 numerari:
511 1370 698 1415 Respondit
720 1371 855 1405 Sanitus
882 1366 1107 1413 Epiphanius:

230 1426 342 1458 Etiam
358 1434 399 1458 ex
418 1423 473 1456 iila
494 1420 561 1465 ipsa
581 1421 742 1463 confeffione
759 1419 954 1461 refelluntur.
982 1420 1108 1466 Qam-

232 1484 337 1519 quam
345 1472 435 1508 nulla
466 1482 540 1507 tum
552 1471 593 1506 de
604 1471 725 1515 Spiritu
736 1472 854 1505 Sancto
866 1470 970 1503 suerat
981 1469 1108 1502 institu-

233 1532 270 1559 ta
280 1522 413 1567 questio
421 1547 431 1556 ,
458 1522 591 1571 Qippe
601 1521 642 1556 de
652 1519 704 1554 his
713 1545 724 1562 ,
736 1532 806 1564 quae
814 1519 949 1564 lingulis
958 1518 1109 1562 tempori-

233 1572 498 1614 busocwmm,
524 1581 638 1606 cavere
656 1570 783 1614 Synodi
798 1594 808 1610 ‚
835 1568 1051 1604 acdecernere
1061 1569 1108 1602 so-

231 1623 321 1666 lent.
347 1623 459 1669 Qare
468 1622 544 1656 cum
555 1621 657 1656 Arius
666 1621 701 1654 in
710 1621 833 1657 Filium
846 1619 1016 1654 maledicta
1031 1630 1110 1652 con-

230 1673 365 1718 jiceret,
389 1681 557 1716 propterea
572 1671 714 1706 uberiori
736 1669 879 1714 quadam
888 1669 1110 1712 disputatione

232 1732 465 1768 argumentum
487 1721 572 1756 istud
592 1721 638 1755 est
661 1719 876 1755 acutatiffime
909 1721 1079 1753 trastatum
1102 1742 1108 1748 .

234 1772 364 1808 Verum
375 1783 417 1807 ex
429 1771 542 1806 eadem
553 1770 632 1806 fidei
641 1770 835 1814 profeffione
854 1769 1109 1804 animadvertere

234 1823 334 1865 licet,
361 1833 403 1858 ne
414 1821 449 1856 in
460 1819 522 1855 hac
538 1829 627 1864 parte
637 1819 772 1863 quidem
792 1818 1050 1854 contumeliosos
1076 1818 1111 1851 in

234 1872 393 1916 Spiritum
405 1871 586 1907 Haereticos
595 1882 631 1904 ac
643 1870 779 1913 Spiritus
791 1870 1034 1913 impugnatores
1044 1892 1054 1907 ‚
1079 1868 1113 1902 ὃ(

234 1922 281 1958 ab
303 1922 373 1966 ejus
396 1922 572 1956 Sanstitate
588 1932 628 1955 ac
649 1919 747 1954 donis
759 1918 906 1959 alienos,
932 1918 1112 1962 quidquam

234 1972 380 2011 omnino
391 1971 520 2012 dicere;
546 1969 705 2018 siquidem
724 1969 887 2013 expolitio
912 1969 981 2012 ipsa
1001 1968 1113 2003 verita-

235 2030 306 2058 tem
318 2020 455 2057 subinde
476 2019 665 2064 profitetur,
692 2031 753 2054 nec
780 2029 899 2064 negat.
927 2020 1085 2052 Credimus
1104 2041 1114 2057 ‚

240 2072 350 2113 inquit
359 2095 370 2112 ,
398 2077 431 2103 in
442 2082 534 2104 unum
545 2072 641 2103 Deum
653 2072 777 2103 Patrem
788 2074 1026 2111 omnipotentem.
1037 2067 1113 2103 Ubi

239 2133 307 2156 vox
320 2120 391 2161 ista,
399 2121 558 2159 credimus,
569 2131 638 2154 non
649 2120 834 2163 fimpliciter
844 2118 1047 2162 accipienda,
1061 2117 1114 2152 sed

236 2171 283 2206 de
292 2170 359 2204 fide
377 2171 414 2203 in
425 2171 537 2204 Deum
550 2169 766 2214 intelligenda
778 2169 884 2204 venit.
912 2172 1001 2202 Etin
1024 2179 1115 2201 unum

235 2223 404 2256 ..Dominum
406 2222 439 2264 J
441 2217 520 2263 esum
540 2218 706 2260 christum.
733 2218 852 2261 Neque
863 2218 928 2253 hoc
936 2227 1115 2261 utcumque

240 2269 386 2311 difium,
415 2269 467 2305 sed
478 2269 518 2302 ad
533 2268 632 2303 fidem
643 2269 678 2303 in
699 2270 811 2303 Deum
821 2268 867 2304 est
887 2267 1114 2303 referendum.

239 2323 289 2355 Et
299 2325 332 2354 in
354 2317 668 2364 spiritumsanei'um,
694 2318 783 2361 quod
805 2329 913 2362 neque
928 2318 1116 2362 {impliciter

239 2368 506 2414 usurpatumest,
531 2368 631 2403 sedin
654 2380 755 2403 unam
782 2369 1047 2412 praedicationem
1078 2379 1116 2401 ac

238 2420 399 2465 gloriam,
415 2419 450 2453 in
463 2430 562 2453 unam
574 2418 767 2455 Divinitatis
779 2418 1048 2462 conjunctionem
1058 2443 1069 2461 ‚
1080 2418 1114 2451 in

241 2480 343 2503 unam
364 2468 750 2505 Consubstantialitatem
771 2493 782 2509 ,
807 2469 843 2503 in
868 2470 1008 2512 perfecta
1034 2469 1116 2508 tria,

241 2529 344 2553 unam
358 2519 580 2553 Divinitatem
593 2543 604 2558 ,
630 2530 730 2554 unam
743 2519 885 2563 gloriam
897 2543 908 2559 ‚
934 2529 1035 2552 unam
1046 2516 1117 2553 sub-

240 2567 699 2609 stantiadeominationem
716 2580 832 2603 unam.
858 2568 964 2616 Qod
988 2579 1034 2602 eae
1060 2578 1118 2601 vo-

240 2629 296 2653 ces
310 2645 321 2662 ‚
331 2617 504 2653 Credimus
517 2642 528 2658 ,
541 2619 576 2653 δε
589 2617 782 2659 Credimus,
793 2619 826 2653 &
837 2618 1012 2653 Credimus
1023 2643 1034 2659 ‚
1059 2617 1115 2658 def

240 2667 367 2702 clarant
380 2692 387 2700 .
415 2668 526 2701 Etiam
538 2668 604 2710 ipse
614 2677 708 2713 urget
720 2669 872 2704 virtutem
884 2680 1004 2703 vocum
1016 2692 1027 2708 ,
1048 2671 1117 2702 Cre-

242 2719 282 2751 do
293 2723 325 2750 tn
338 2721 449 2751 Deum.
465 2718 614 2752 Eandem
626 2728 720 2763 urget
731 2719 767 2752 in
779 2719 894 2752 litteris
904 2718 946 2753 ad
957 2718 1031 2753 suos
1043 2717 1116 2750 Mo·

241 2766 368 2804 nachos
391 2767 523 2804 Sanetus
549 2768 696 2810 Cyrillus
713 2767 898 2802 Patriarcha
921 2766 1119 2802 Alexandri-

241 2828 314 2852 nus.
342 2816 455 2851 Nostri
469 2817 617 2860 Symboli
628 2817 670 2853 de
680 2819 737 2853 sua
750 2819 785 2852 in
797 2818 939 2859 Patrem,
948 2819 981 2852 δε
993 2818 1117 2852 Filium

242 2866 309 2902 fide
320 2866 546 2910 profeffionem
556 2868 693 2910 exponit
705 2892 714 2908 ‚
741 2868 774 2902 &
785 2868 956 2912 adjungit:
987 2872 1045 2902 His
1067 2878 1118 2899 au-

241 2925 304 2951 tem
325 2918 440 2958 spiritu
462 2916 570 2948 Sanllo
594 2918 790 2951 adnumerato
807 2920 898 2951 Sacra
908 2919 962 2951 illa
983 2919 1017 2953 (⁴5
1041 2921 1118 2949 Con-

239 2965 445 3010 substantialis
457 2968 592 2999 Trinitas
602 2964 765 3008 absolvitur
774 2991 783 3007 ‚
804 2969 838 3003 Θ
847 2974 879 3000 in
889 2980 950 3000 una
959 2969 1119 3009 eademque

243 3019 430 3052 Divinitatis
454 3024 562 3049 natura
571 3014 764 3057 consociatur.
792 3018 835 3051 Et
858 3018 894 3052 in
917 3016 1063 3061 Epistola
1077 3016 1117 3050 ad

244 3064 495 3101 Monachorutn
520 3065 708 3099 Praefestos:
737 3066 929 3109 Posteaquam
957 3046 1134 3133 Beatiffimi]

244 3119 367 3151 Nicaeni
401 3119 510 3161 Patres
526 3112 690 3157 sermonem
711 3117 748 3149 de
771 3116 884 3157 christo
900 3115 1088 3160 absolverunt
1109 3141 1119 3156 ,

245 3167 374 3208 Spiritus
384 3165 485 3198 Sanffl
493 3170 667 3197 mentionem
670 3165 817 3207 faciunt;
845 3168 973 3200 Credere
994 3177 1120 3209 namque

243 3213 278 3258 fe
296 3220 328 3248 in
340 3216 423 3249 illum
443 3216 602 3248 dixerunt.
631 3216 726 3247 simili
745 3218 827 3248 modo
848 3217 987 3249 videlicet
999 3241 1009 3256 ,
1031 3226 1065 3248 ut
1087 3221 1119 3249 in

245 3266 391 3305 Patrem,
418 3266 452 3298 <r
471 3266 602 3297 Filium.
632 3264 688 3307 Est
706 3272 784 3299 enim
794 3264 861 3306 ipfis
882 3264 1120 3308 consubstantia-

247 3314 305 3347 lis.
332 3314 411 3361 Quo
421 3315 606 3359 argumenti
619 3326 736 3359 genere
750 3315 851 3348 utitur
873 3315 907 3348 in
928 3315 1122 3359 Apologeti-

248 3363 297 3397 cis
319 3373 376 3405 pto
397 3365 514 3399 Sancto
537 3364 719 3400 Athanasio
742 3363 834 3399 libris
867 3365 968 3399 etiam
990 3365 1121 3400 Lucifer

249 3410 454 3448 calaritanus
465 3414 645 3459 Episcopus
657 3439 664 3447 .
693 3414 736 3448 Et
758 3415 792 3447 in
806 3414 952 3457 Epistola
974 3415 1015 3450 ad
1027 3415 1121 3450 Pam-

248 3458 418 3497 machium
427 3486 439 3504 ,
463 3463 497 3497 δε
508 3464 680 3499 Oceanum
691 3463 802 3499 scribit
812 3466 943 3499 Sanetus
953 3466 1121 3508 Hierony-

244 3521 344 3555 mus,
371 3513 418 3543 An
430 3534 442 3551 ,
466 3514 571 3546 idcirco
588 3517 719 3556 spii-itus
741 3515 844 3548 saniir·
865 3517 1001 3559 neganda
1028 3519 1120 3560 majc’-

358 3560 501 3604 Differ-de
510 3563 694 3607 Symb.Ap.&
707 3568 839 3599 Nic.T.I.

226 230 355 273 agentia
361 226 454 270 pofita
465 226 503 266 est
514 249 526 266 ,
546 232 709 267 propterea
716 221 799 264 quod
811 221 941 252 nondum
950 227 1031 252 mota
1042 218 1107 262 efflet

227 279 288 320 :ssa
311 273 426 322 ‹pu-estio
436 301 446 315 ,
467 274 528 319 sed
537 275 719 308 credentium
737 269 884 305 mentibus
902 267 1022 311 securus
1035 293 1045 308 ,
1070 280 1106 301 ac

230 330 325 363 nullis
343 327 472 368 objeeius
485 324 597 366 infidiis
617 323 715 366 inefflrt
725 321 762 355 de
772 323 885 362 Spiritu
900 319 1012 361 ,sam‘io
1022 319 1108 352 intel-

1877 155 1973 202 227

1162 216 1231 258 'stas
1253 217 1293 258 est
1316 241 1327 257 ,
1361 222 1432 260 quia
1453 223 1485 251 in
1506 223 1638 252 Nieaena
1659 222 1766 258 synodo
1783 221 1873 264 super
1901 227 1964 265 ejus
1982 222 2053 268 sabe
2066 223 2203 262 Epist.65.

1156 267 1283 310 istantia
1301 267 1450 309 filentium
1469 268 1538 309 fuit
1549 270 1566 301 ἓ
1592 273 1639 303 De
1654 271 1732 302 Filio
1742 280 1842 312 tunc,
1870 286 1927 306 non
1938 277 1974 307 de
1986 278 2005 307 5
2004 282 2053 317 pi·
2067 272 2129 302 αἶ’·
2145 275 2166 293 ¹-

1157 323 1158 364 ]
1172 323 1234 351 ritu
1244 317 1575 360 Sanllaquaestiosuit
1587 344 1594 351 .
1623 319 1823 362 Confefflfimt
1836 347 1845 360 ‚
1865 325 1944 363 quod
1964 337 2055 368 nega-

1156 367 1159 423 }
1177 368 1289 408 batur;
1316 376 1472 400 tacuerunt
1485 392 1494 407 ‚
1518 371 1557 403 de
1568 381 1623 411 quo
1633 381 1715 402 nemo
1726 370 1879 412 quaerebnt
1891 396 1898 401 .
1926 376 1988 404 Eos
2001 386 2052 405 au-

1176 427 1248 456 tom,
1259 423 1311 458 qui
1321 418 1438 456 dicunt,
1451 421 1532 451 Erat
1545 421 1720 462 aliquando,
1730 421 1849 462 quando
1859 432 1917 453 non
1929 430 2007 461 erat,
2017 424 2052 454 Θ

1157 496 1159 519 Ι
1175 476 1340 508 antequam
1350 466 1518 509 nas'ceretur
1531 481 1589 503 non
1602 480 1670 502 erat
1681 495 1691 510 ,
1717 472 1751 503 &
1763 477 1834 512 quia
1847 482 1887 503 ex
1894 477 1935 503 its
1948 495 1958 510 ,
1984 482 2052 512 quae

1156 520 1231 574 'non
1244 514 1581 560 suntfac‘lusest‚·aut
1603 532 1641 553 ex
1650 519 1887 563 aliasubstantia
1911 522 1964 554 vel
1970 521 2055 563 effen-

1157 572 1218 605 {tta
1238 568 1346 601 dicunt·
1363 570 1414 609 effe
1428 592 1438 606 ‚
1466 569 1518 602 vel
1539 579 1673 603 creatum
1692 594 1702 609 ,
1725 573 1777 604 vel
1784 571 1977 610 mutabilem,
2004 571 2055 603 vel

1157 608 1392 670 lconvertibilem
1415 618 1528 650 Filium
1554 622 1611 653 Dei
1634 644 1644 659 ,
1671 620 1911 653 anathematizat
1923 620 2056 653 Catholi-

1157 671 1159 727 ἵ
1174 677 1210 698 ca
1222 668 1255 701 (π
1266 666 1421 707 Apostolica
1433 667 1577 709 Ecclesia.
1605 670 1686 703 Haec
1696 671 1809 704 omnia
1822 672 1895 704 sunt
1909 669 2052 713 blasph&

1157 729 1159 792 J
1176 715 1320 752 rna-Arii,
1330 716 1450 757 verba,
1476 718 1613 753 adducta
1625 720 1769 762 superius
1781 732 1877 763 atque
1888 721 2031 764 expolita
2043 744 2053 753 .

1174 765 1278 803 Porro
1301 776 1359 809 pro
1373 766 1510 805 vocibus
1524 792 1532 806 ‚
1559 769 1756 809 substantia,
1783 770 1833 803 vel
1861 771 1994 804 essentia
2015 770 2053 803 in

1173 817 1330 860 originali⁴
1340 828 1444 860 graeco
1457 817 1628 859 habentur,
1641 819 1810 862 Hypqffafis,
1822 820 1855 853 ὅς
1867 819 1930 860 Ulia
1943 845 1953 859 ‚
1982 832 2053 863 quae
2071 828 2161 867 Lib}
2172 833 2231 867 c.5.⁴

1175 877 1235 898 nos
1247 866 1360 909 paffim
1372 868 1512 902 dicimus
1525 867 1709 911 ,substantia
1721 893 1731 909 ,
1744 871 1778 904 &
1788 870 1924 912 essentia.
1956 870 2000 902 Et
2012 869 2054 903 de

1172 915 1238 948 istis
1263 916 1370 950 scribit
1397 918 1431 950 in
1464 919 1687 954 Ecclefiastica
1714 918 1847 954 historia
1874 921 2050 954 Socrates:

1174 965 1333 1008 Episcopi,
1344 973 1438 1008 quiin
1449 970 1576 1002 Concilio
1588 971 1792 1003 Alexandrino
1802 995 1812 1011 ,
1833 981 1888 1013 per
1899 971 2055 1004 sanetum

1174 1015 1392 1049 Athanasium
1406 1028 1464 1059 pro
1478 1018 1606 1052 Nicaeni
1620 1020 1767 1054 Concilii
1789 1023 1984 1054 executione
2005 1031 2057 1053 ce-

1173 1064 1296 1099 lebrato
1310 1091 1320 1106 ,
1346 1068 1496 1108 aderant,
1522 1068 1600 1101 banc
1611 1071 1647 1102 de
1660 1070 1745 1113 Usta,
1773 1071 1808 1102 id
1826 1070 1884 1110 est,
1912 1071 2055 1114 essentia,

1172 1116 1206 1148 (5
1217 1114 1353 1156 bypcfiafi
1359 1140 1369 1155 ,
1394 1116 1474 1155 idest
1486 1141 1497 1156 ,
1517 1116 1685 1159 substantia
1692 1119 1745 1162 seu
1751 1119 1880 1162 persiana
1893 1131 2056 1154 conturber«

1164 1164 1242 1207 fiam
1255 1166 1455 1208 excufferunt.
1482 1171 1571 1200 Nam
1592 1168 1692 1210 Hosius
1716 1167 1885 1212 Episcopus
1908 1171 2057 1204 Cordubae

1173 1215 1212 1247 ab
1224 1219 1404 1257 Imperatore
1423 1216 1614 1257 Constantino
1635 1221 1681 1252 ad
1695 1221 1854 1253 tumultum
1866 1220 1904 1252 ab
1917 1224 1985 1253 Ario
1995 1232 2057 1252 con-

1174 1271 1298 1298 citatum
1303 1264 1475 1309 sedandum
1496 1269 1595 1311 mtffus
1607 1294 1617 1310 ‚
1643 1271 1716 1304 dum
1729 1270 1849 1303 sabellii
1861 1270 1929 1312 Afri
1951 1272 2057 1314 dogma

1172 1316 1326 1358 explodere
1335 1323 1485 1360 cogitaret,
1494 1320 1530 1351 de
1542 1318 1615 1360 Usta,
1627 1321 1663 1352 id
1670 1319 1853 1364 est,effentia,
1864 1322 1898 1354 (ετ
1909 1320 2062 1362 hypostasi,

1173 1365 1251 1406 idest
1265 1391 1274 1404 ‚
1297 1364 1487 1409 substantia,
1509 1367 1716 1412 Jeupersbna‚
1743 1370 1946 1413 disceptavit:
1974 1372 2058 1403 Unde

1174 1422 1303 1448 materia
1313 1418 1401 1455 alteri
1417 1425 1596 1451 contentioni
1601 1418 1800 1461 suppeditata
1813 1419 1850 1459 est
1861 1445 1868 1451 .
1897 1422 2004 1453 Ver-iim
2025 1421 2062 1452 id

1174 1471 1315 1507 temporis
1337 1471 1370 1499 in
1393 1469 1522 1500 Concilio
1544 1473 1672 1503 Nicaeno
1694 1471 1731 1502 de
1752 1481 1787 1502 ea
1804 1469 1999 1511 controversa
2023 1481 2060 1502 ne

1177 1516 1301 1549 verbum
1324 1518 1447 1557 quidem
1460 1517 1582 1559 fac‘lum
1592 1518 1650 1558 est.
1679 1519 1811 1562 Nempe
1834 1519 1969 1553 verbum
1989 1531 2062 1553 exa-

1174 1566 1615 1609 minisautdisceptationis.
1646 1568 1721 1604 Ubi
1733 1580 1858 1604 certum
1879 1569 1924 1603 est
1953 1571 2064 1604 Socra·

1175 1625 1241 1649 tem
1253 1615 1450 1650 hallucinari
1463 1643 1469 1648 .
1500 1619 1633 1652 Etenim
1647 1630 1716 1653 non
1732 1619 1943 1654 solummodo
1957 1621 2063 1664 fingu-

1178 1666 1223 1698 las
1241 1665 1507 1708 Symbolinostri
1520 1680 1639 1708 voces,
1667 1670 1720 1703 sed
1735 1671 1768 1703 <Sc
1789 1670 1935 1714 singulos
1954 1671 2064 1714 apices

1177 1716 1269 1750 fuiffe
1282 1717 1526 1751 maturiffimam
1539 1718 1734 1753 discussione
1746 1731 1927 1763 conceptos
1938 1721 1972 1754 ὃς
1994 1731 2066 1763 pro-

1180 1765 1274 1800 batos
1285 1789 1295 1806 ,
1319 1766 1383 1809 jam
1396 1767 1527 1802 abunde
1547 1769 1672 1803 dietum
1687 1769 1734 1804 est
1745 1796 1755 1811 ‚
1781 1772 1814 1804 &
1828 1770 1873 1804 est
1885 1769 1993 1805 adhuc
2009 1771 2065 1804 lar·

1178 1817 1252 1861 gius
1264 1817 1321 1850 suo
1340 1816 1414 1850 loco
1428 1817 1719 1854 demonstrandum
1736 1845 1742 1851 .
1769 1820 1897 1863 Synodi
1917 1831 2065 1862 mentem

1178 1867 1313 1909 exponit
1342 1867 1377 1900 in
1406 1867 1495 1902 libris
1522 1869 1562 1902 de
1588 1869 1653 1905 fide
1681 1871 1814 1904 Sanctus
1843 1871 2061 1904 Ambrosius:

1182 1921 1270 1949 Arius
1283 1917 1360 1949 dicit
1373 1929 1379 1949 :
1393 1921 1447 1949 Ex
1459 1917 1700 1961 aliaficbstantiaet.
1729 1923 1811 1963 ,ραι
1821 1927 1914 1964 igitur
1926 1922 1987 1954 alia
1995 1920 2067 1964 subff
2084 1930 2144 1962 Lib.
2152 1940 2244 1968 1209·

1177 1965 1440 2009 stantiaaequatur
1455 1972 1512 2001 Dei
1525 1969 1605 2001 Filio
1626 1995 1636 2010 ‚
1664 1979 1696 2002 ut
1718 1982 1756 2003 ex
1782 1971 1849 2014 ipsa
1877 1975 1933 2005 Dei
1961 1973 2066 2004 Filius·

1175 2014 1235 2057 fit?
1262 2020 1322 2050 Aut
1341 2019 1480 2059 quomodo
1499 2019 1722 2060 reprehendunt
1734 2044 1743 2059 ,
1771 2027 1843 2063 quia
1862 2034 1914 2054 nos
1937 2028 1969 2053 in
1984 2025 2065 2062 Deo,

1180 2075 1232 2099 aut
1244 2065 1337 2107 Ufiam
1353 2069 1451 2110 graece
1465 2092 1474 2107 ,
1502 2077 1555 2102 aut
1576 2070 1671 2103 latine
1683 2069 1883 2112 substantiam
1906 2072 2031 2104 dicimus
2052 2096 2066 2112 ,

1179 2116 1243 2149 cam
1260 2128 1298 2149 ex
1318 2118 1381 2149 alia
1403 2119 1523 2150 dicendo
1539 2117 1707 2160 ficbsttmtitt
1731 2123 1828 2153 Deum
1855 2121 1906 2164 effe
1930 2123 2064 2162 Filium,

1181 2171 1274 2199 etiam
1297 2165 1353 2208 ipsi
1363 2165 1563 2210 substantiam
1584 2169 1636 2211 effe
1657 2173 1715 2202 Dei
1734 2170 1937 2212 confirment?
1965 2173 2025 2204 sed
2038 2171 2070 2213 ſs

1183 2218 1220 2249 de
1238 2222 1353 2250 nomine
1357 2215 1532 2258 substantiae
1544 2228 1597 2251 aut
1619 2229 1737 2254 naturae
1762 2224 1886 2254 Divinae
1915 2223 2064 2255 voluerint

1180 2268 1296 2306 dicere,
1314 2266 1412 2308 facile*
1444 2274 1661 2309 revincuntur,
1688 2277 1759 2312 quia
1781 2272 1815 2304 Θ
1835 2270 1929 2312 Ufiam
1949 2274 2064 2315 graect³,

1180 2313 1420 2359 &substantiam
1439 2319 1536 2352 latine*
1552 2322 1707 2361 Scriptura
1719 2323 1900 2364 frequenter
1924 2334 2066 2355 memora·

1179 2372 1247 2400 vit.
1265 2367 1377 2400 Deum
1389 2368 1523 2402 verbum
1534 2381 1602 2405 non
1613 2381 1653 2403 ex
1665 2368 1760 2405 Patre
1771 2396 1780 2411 ,
1807 2381 1863 2405 aut
1877 2372 1984 2405 Patris
1997 2372 2067 2406 sub-

1182 2417 1301 2451 stantia
1312 2418 1462 2461 genitum
1475 2442 1486 2459 ‚
1513 2419 1566 2453 sed
1578 2431 1619 2454 ex
1631 2432 1699 2454 non
1718 2421 1849 2455 entibus
1859 2446 1870 2462 ,
1897 2423 1949 2455 sen
1964 2434 2005 2456 ex
2018 2423 2064 2456 ni·

1181 2465 1252 2501 hilo
1264 2469 1382 2502 fastum
1393 2470 1456 2502 elle
1478 2467 1578 2504 Arius
1598 2471 1853 2505 constantissime
1866 2471 2066 2515 blasphema·

1181 2518 1248 2554 vit„
1277 2517 1490 2566 Qandoque
1508 2529 1618 2554 tamen
1645 2522 1821 2562 confusus,
1848 2522 1882 2555 δε
1908 2523 2066 2556 contusus

1184 2567 1279 2602 sallus
1299 2567 1364 2609 est,
1385 2569 1448 2603 esse
1469 2580 1511 2603 ex
1533 2570 1596 2603 alia
1623 2570 1681 2604 fibi
1711 2571 1828 2615 ignota
1855 2571 2063 2614 Substantia,

1183 2627 1280 2659 atque
1301 2618 1347 2652 ita
1375 2629 1512 2660 vocem,
1540 2619 1718 2654 substantia
1739 2645 1750 2661 ,
1776 2621 1867 2664 cujus
1888 2623 2065 2664 usurpatio-

1182 2667 1437 2703 nemdamnavit
1465 2669 1501 2702 in
1525 2669 1639 2710 nobis,
1667 2671 1734 2713 ipse
1760 2672 1809 2704 vel
1834 2671 1956 2705 invitus
1974 2672 2066 2706 usita-

1182 2718 1231 2752 vit
1261 2742 1272 2758 ,
1298 2730 1336 2753 ac
1373 2718 1524 2763 probavit
1553 2745 1559 2752 .
1597 2720 1640 2754 Et
1663 2721 1830 2755 adversum
1859 2721 1933 2755 istas
1958 2732 2066 2765 nugas

1183 2768 1337 2811 Synodus
1363 2770 1410 2802 eis
1437 2793 1447 2808 ,
1473 2770 1529 2813 qui
1557 2769 1622 2804 Dei
1644 2770 1767 2804 Filium
1803 2782 1846 2804 ex
1881 2771 1944 2806 alia
1965 2773 2064 2807 essen·

1181 2818 1227 2852 tia
1254 2843 1265 2859 ,
1291 2829 1348 2854 aut
1374 2818 1552 2854 substantia
1582 2821 1728 2863 garriunt
1753 2845 1764 2862 ‚
1798 2820 1883 2855 dixit
1917 2820 2065 2856 Anathe·

1181 2880 1235 2903 ma
1264 2895 1271 2902 .
1312 2869 1486 2914 Insigniter
1524 2869 1667 2903 elucidat
1704 2871 1739 2903 in
1777 2870 1892 2904 litteris
1927 2872 1968 2905 ad
1997 2871 2065 2906 Eu-
2081 2880 2217 2921 Epist,7s,

1182 2918 1338 2954 stathium
1363 2918 1575 2953 Sebastenum
1602 2920 1636 2952 in
1665 2921 1768 2963 prima
1803 2919 1962 2954 Armenia
1986 2922 2065 2966 Epi-

1185 2969 1320 3011 scopum
1355 2969 1502 3013 Magnus
1528 2969 1664 3004 Basilius
1685 2982 1692 3002 :
1729 2973 1775 3002 Et
1811 2972 1947 3004 nonnulli
1965 2983 2003 3004 ex
2027 2974 2062 3006 il-

1182 3019 1220 3051 lis
1244 3043 1253 3059 ‚
1288 3025 1340 3061 qui
1366 3025 1548 3060 impietatem
1582 3019 1704 3052 sabellii
1750 3019 1846 3058 Lybici
1872 3019 2027 3064 sedantur
2050 3047 2062 3064 ,

1184 3067 1344 3110 Hypostafin
1382 3094 1392 3109 ,
1440 3070 1474 3102 62·
1511 3068 1609 3110 Ufitan
1644 3070 1722 3102 idem
1792 3071 1842 3113 effe
1885 3071 2031 3104 urbinati
2050 3097 2061 3113 ‚

1183 3119 1262 3150 illinc
1288 3127 1465 3163 argumenta
1485 3117 1573 3161 suam
1598 3119 1643 3151 ad
1665 3121 1810 3154 tuendam
1847 3119 2062 3163 blasphemiam

1186 3168 1334 3208 trabunt,
1360 3170 1439 3210 quod
1463 3173 1494 3200 in
1526 3173 1657 3203 Nicaena
1670 3168 1733 3211 fide
1763 3176 1810 3202 ita
1831 3168 1976 3213 scriptum
2001 3171 2060 3212 est:

1175 3218 1202 3259 fi
1230 3213 1299 3251 vero
1331 3216 1479 3260 quispiam
1515 3229 1551 3251 ex
1584 3220 1647 3252 alia
1680 3219 1799 3263 effentia
1834 3223 1886 3255 vel
1912 3219 2063 3264 subsisten-

1183 3274 1227 3300 tia
1255 3269 1368 3300 Filium
1394 3268 1444 3309 effe
1469 3269 1603 3308 dixerit,
1630 3268 1706 3302 bunc
1740 3269 1939 3305 Anatbemate
1964 3269 2061 3312 reiicit

1184 3317 1338 3351 Catholica
1365 3318 1399 3350 <r
1426 3316 1579 3359 Apostolica
1602 3318 1729 3360 Ecclefia
1748 3342 1755 3351 .
1785 3325 1860 3356 Non
1880 3327 1958 3354 enim
1981 3323 2060 3355 idem

1183 3368 1235 3410 effe
1252 3368 1395 3401 dixerunt
1408 3370 1518 3401 Patres
1540 3369 1584 3400 illi
1605 3370 1753 3411 essentiam
1776 3372 1810 3404 (ν
1825 3369 2058 3413 subsistentiam.

1187 3421 1218 3450 51
1238 3423 1315 3450 enim
1337 3418 1502 3450 voces.illae
1520 3429 1612 3451 unam
1630 3430 1666 3452 ac
1676 3421 1802 3454 eandem
1820 3420 2059 3463 fignificationem

1185 3467 1346 3506 haberent,
1371 3468 1447 3509 quid
1457 3469 1636 3504 alterutram
1641 3477 1752 3511 ponere
1770 3478 1841 3512 opus
1853 3469 1981 3515 fuiffet?
2001 3466 2061 3509 fid

1183 3519 1274 3560 liquet
1298 3518 1363 3552 ideo
1379 3515 1489 3559 pofitas
1508 3542 1521 3560 ,
1547 3521 1626 3562 quod
1650 3520 1714 3553 cam
1729 3521 1783 3552 alin·
1803 3520 1922 3561 quidem
1944 3517 2058 3550 Filium

1622 3568 1651 3602 F
1675 3569 1694 3603 f
1738 3576 1762 3602 2
1959 3564 2012 3608 esse
