2346 3776
6 331 8 333 a
67 298 151 339 Epist.
164 310 227 331 102.

567 139 980 192 SCHOL118,ET
1007 137 1191 187 No‘r'ls
1217 145 1705 186 1LLUsTRAvar·

249 226 346 259 Filius
360 227 416 258 Dei
425 226 507 256 Deus
523 219 684 264 secundum
694 218 839 252 bominem
856 216 944 260 ficum
956 217 1114 258 natusest,

241 276 366 319 paffics,
388 281 520 306 mortuus
542 294 553 311 ,
574 269 727 314 sepultus.
755 269 804 302 Ea
819 266 920 310 phrasi
942 268 1115 312 aliquoties

245 326 350 359 utitur
369 346 379 354 .
415 322 459 355 Et
487 322 522 354 in
544 320 680 364 epistola
710 318 750 352 ad
773 319 925 353 Sanctum
949 317 1114 352 Evodiutn

248 372 447 409 Ucalensem
459 371 656 414 Episcopum
674 371 807 404 Sandius
819 367 1041 411 Augustinus:
1067 370 1116 401 Se-

242 425 346 467 pultus
356 421 394 461 est
404 423 506 454 Filius
519 424 598 460 Dei,
618 419 676 463 sed
693 424 726 452 in
737 423 829 452 Cruee
842 416 926 460 sola.
956 417 998 450 Et
1013 418 1112 451 infra:

243 472 335 508 Reae
355 473 463 505 dicitur
475 474 557 504 Deus
573 471 727 513 crucifixus
740 493 751 508 ‚
777 470 841 501 cum
860 466 910 500 hoc
930 478 996 500 eum
1016 466 1115 511 ficun-

242 523 316 557 dum
325 533 444 555 carnem
464 521 661 564 paffumffl‘e‚
686 531 743 552 non
757 517 919 561 secundum
939 519 1034 556 illud,
1061 528 1116 559 quo

244 575 392 605 Dominus
406 572 511 615 gloriae
529 571 587 612 est,
612 581 669 603 non
680 568 824 602 habeatur
835 574 976 600 incertum
988 593 995 600 .
1023 567 1117 600 Simi-

242 620 288 656 lia
296 621 430 656 Patrum
442 621 512 656 loca
522 629 649 655 attento
659 618 785 653 Lectori
796 617 915 651 assidue
925 628 1096 651 occurrent
1108 640 1116 647 .

291 671 398 705 Porro
409 672 494 705 inter
504 670 596 705 hasce
612 669 847 713 propofitiones
858 681 869 700 .-
896 669 1005 700 DEUs
1018 670 1118 700 VER-

242 724 336 754 BUM
359 723 437 754 EsT
458 723 598 754 PASSUS
614 722 784 758 CARNE,
813 719 920 750 DEUs
939 719 1118 750 VERBUM

243 774 324 804 EST
419 773 485 804 5U5
511 773 599 805 PER
625 771 833 807 CARNEM,
858 767 903 801 est
922 777 1043 810 magna
1056 766 1118 799 dif-

244 821 360 855 ferenti
389 845 398 853 .
424 820 519 854 Prior
528 818 736 858 orthodoxa,
762 818 920 862 posterior
939 817 982 850 est
995 816 1117 859 leprosa

242 882 287 905 ex
298 869 508 913 Apollinario
521 894 529 902 .
555 869 661 905 Lucet
672 879 712 902 ex
727 868 833 903 sancti
849 865 1016 901 Athanasii
1035 865 1118 899 libro

244 921 287 954 de
306 919 436 954 salutari
456 919 598 953 Domini
610 917 768 952 Adventu
789 917 937 952 adversus
949 916 1121 958 Apollina-

243 970 350 1003 rium:
377 972 440 1002 Cur
464 973 557 1012 igitm
579 970 679 1001 dicitis
698 971 793 1001 Deum
799 976 856 1010 per
868 972 997 1000 Carnem
1004 966 1118 1009 paffum

244 1019 317 1061 effe,
343 1019 377 1053 ὁ·
396 1017 603 1062 resurrextffe?
628 1020 644 1051 ὁ
666 1016 884 1061 absurditatem
903 1014 1117 1059 blasohemiae!

243 1071 331 1102 Tales
347 1066 420 1111 sunt
433 1072 610 1102 Arianorum
621 1074 821 1102 temeritates.
848 1069 896 1100 Illi
923 1073 1001 1101 em'm
1027 1063 1118 1108 istius2

243 1120 324 1152 modi
345 1116 559 1163 blasphemiam
566 1118 747 1159 proferunt,
770 1121 804 1152 (π
827 1119 941 1150 Filium
964 1122 1117 1150 nominant

241 1171 340 1203 Deum
355 1168 496 1213 fiRtttum
505 1170 539 1203 Θ
549 1168 847 1208 affimilatitium,cum
853 1166 1003 1210 fitriptura
1016 1167 1117 1199 doceat

237 1227 296 1261 per
326 1221 422 1252 Deum
445 1223 479 1250 in
497 1229 584 1252 carne
602 1220 666 1259 eius
691 1219 847 1258 Pafflonem
862 1217 1005 1260 contigtffe
1023 1241 1034 1257 ,
1060 1227 1117 1248 non

242 1270 411 1310 Deum-'per
428 1278 546 1304 carnem
556 1268 608 1311 ff
623 1267 739 1310 paffum
751 1291 758 1298 .
785 1265 908 1309 Ample
919 1265 1117 1300 demonstrat

240 1318 324 1354 duas
341 1317 376 1351 in
387 1316 500 1351 eadem
513 1317 656 1352 Domini
666 1315 806 1350 Persona
817 1316 911 1350 fuiffe
928 1317 1072 1360 integras
1083 1315 1117 1349 ἀ

242 1367 355 1412 plenas
377 1375 525 1406 naturas,
550 1365 745 1410 &adjungit
758 1380 768 1399 ι
794 1366 947 1409 Neceffum
971 1365 1010 1406 est
1031 1365 1115 1398 vobis

242 1421 450 1460 autnegotium
463 1416 601 1456 Paffionis
613 1441 623 1456 ,
652 1419 758 1450 Mortis
770 1440 781 1455 ‚
807 1418 841 1450 (5
864 1415 1095 1458 Resurret‘lionis
1105 1440 1116 1456 ‚

244 1472 408 1510 opinionem
426 1477 461 1500 ac
480 1470 695 1508 apparitionem
707 1477 820 1499 meram
831 1467 926 1499 dicere
938 1489 948 1505 ,
975 1467 1064 1508 idque
1071 1464 1120 1506 se-

244 1517 374 1553 cundum
395 1519 574 1550 Marcionem
593 1517 628 1550 &⁸
643 1524 763 1550 caeteres
787 1514 959 1556 baereticos,
986 1524 1040 1548 aut
1061 1518 1115 1547 Di-

244 1571 407 1602 unitatem
421 1565 508 1599 Verbi
514 1565 672 1607 patibilem
685 1571 837 1600 nominare
849 1591 860 1607 ,
881 1574 972 1608 prout
983 1570 1072 1598 Arius
1085 1567 1119 1598 Θ

242 1618 312 1658 eJ’us
324 1617 465 1660 Gregales
482 1616 639 1650 voluerunt
654 1642 660 1649 .
688 1617 732 1651 Et
743 1617 844 1652 infra:
873 1620 967 1650 Deum
980 1616 1097 1659 passum
1109 1640 1119 1656 ‚

243 1666 363 1711 utique
373 1677 428 1710 per
438 1676 589 1708 carnem,
616 1667 801 1711 effi-passum
810 1665 1017 1711 adseveratis.
1045 1669 1122 1698 Con-

243 1720 324 1761 grua
343 1728 425 1757 vox,
449 1719 484 1751 Θ
500 1729 567 1760 quae
579 1718 687 1760 opt1'me*
708 1729 763 1751 vos
784 1719 907 1759 doceat,
932 1719 1043 1760 &qua
1055 1728 1120 1750 cum

248 1770 373 1800 Arianis
389 1765 587 1808 pulcherrime*
604 1773 792 1802 convenerit.
819 1769 901 1802 Idem
923 1774 1003 1801 enim
1028 1765 1085 1809 ipfi
1090 1772 1122 1799 in

245 1814 272 1859 s
294 1822 311 1849 jc
340 1817 526 1860 dogmatibus
553 1816 691 1858 statuunt
711 1842 718 1849 .
760 1818 895 1852 Etenim
917 1818 967 1851 uti
988 1817 1122 1859 quidam

286 1865 491 1909 pollinaristae
501 1891 512 1907 ‚
533 1867 578 1910 ita
590 1867 624 1901 ὅ(
636 1867 769 1911 quidam
781 1867 898 1902 Ariani
910 1865 1043 1900 Christo
1054 1866 1125 1900 Do-

247 1917 343 1949 mino
363 1926 486 1961 negant
507 1916 649 1951 animam
671 1918 861 1952 &mentem
875 1936 897 1958 ,v
912 1917 1017 1960 ipsum
1035 1927 1124 1950 com-

246 1975 380 2008 ponunt
402 1977 444 1999 ex
465 1965 533 1999 sola
557 1966 666 2000 Carne
686 1991 698 2007 ,
722 1968 757 2001 &
779 1966 889 2001 Verbo
912 1979 920 1999 ε
956 1966 1071 2000 dicunt
1106 1965 1125 1999 ὲ

247 2014 364 2050 Verbo
398 2015 558 2059 suppletas
594 2016 678 2050 vices
713 2041 723 2057 ,
763 2017 798 2051 ὃς
833 2016 942 2051 officia
976 2017 1092 2050 animm
1118 2040 1124 2046 .

250 2064 336 2099 {tem
356 2065 435 2099 sicut
461 2065 594 2107 quidam
617 2065 856 2110 Apollinaristae
876 2091 887 2107 ‚
911 2067 956 2100 ita
994 2067 1029 2100 ἀ
1056 2066 1126 2110 qui-

247 2114 326 2149 dam
351 2114 469 2149 Ariani
496 2114 663 2152 Christum
695 2116 884 2151 Dominum
910 2117 1127 2150 commiscent

246 2175 294 2198 ex
315 2163 425 2198 Carne
443 2164 599 2199 &Verbo
612 2190 623 2205 ‚
648 2166 681 2200 ἀ
704 2166 781 2201 inde
801 2167 950 2211 garriunt
970 2165 1126 2200 emersisse

178 2222 187 2229 ·
247 2214 362 2249 Deum
374 2214 562 2257 patibilem.
590 2215 724 2250 Etenim
734 2216 776 2250 de
786 2216 940 2252 scelerato
956 2216 1126 2259 Ulyffipo-

249 2263 357 2300 nensis
371 2263 520 2298 Ecclesia:
546 2264 708 2310 Episcopo
733 2265 889 2301 Potamio
914 2265 1025 2300 scribit
1050 2265 1128 2299 San-

250 2314 323 2348 ἕως
331 2310 531 2349 Phoebadius
543 2312 748 2359 Agennenfis
758 2316 794 2350 in
805 2316 915 2350 Gallia
927 2315 1108 2360 Episcopus
1120 2328 1127 2347 z

249 2364 407 2405 Duplicem
427 2363 503 2397 bunc
517 2364 651 2406 statum,
680 2366 792 2410 utique
812 2366 979 2410 duplicem
1004 2364 1128 2399 Christi

249 2413 396 2448 Domini
407 2424 555 2449 naturam
569 2438 582 2454 ,
607 2427 664 2448 non
676 2416 861 2456 conjuncqum
871 2441 882 2457 ,
904 2414 963 2459 fied
975 2413 1129 2459 confusum

251 2463 350 2496 vultis
370 2465 494 2504 videri,
518 2473 552 2497 ut
576 2470 669 2497 etiam
689 2477 767 2499 unus
789 2465 918 2506 vestrum
931 2489 942 2505 ‚
967 2467 1004 2498 id
1019 2465 1058 2506 est
1070 2471 1130 2507 epi-

243 2510 324 2552 stola
335 2514 477 2553 Potamii,
487 2525 555 2555 quae
565 2515 610 2546 ad
617 2518 780 2555 Orientem,
793 2517 1022 2550 &Occidentem
1030 2513 1129 2558 trans-

252 2560 338 2604 mzffa
356 2560 395 2600 est
406 2585 417 2601 ‚
442 2575 503 2605 qua
524 2561 637 2605 adserit
662 2569 764 2598 Carne
776 2560 811 2599 6·
821 2568 934 2607 spirita
947 2564 1056 2606 christi
1066 2577 1128 2599 coa·

248 2610 432 2655 galatisper
450 2614 627 2656 Sanguinem
649 2617 759 2648 Mariae
778 2621 810 2648 in
829 2627 920 2649 unum
930 2623 1032 2658 corpus
1043 2616 1128 2648 reda-

254 2660 333 2700 ms,
355 2661 513 2702 pafflbilem
525 2666 620 2696 Deum
624 2663 762 2704 sallum.
790 2664 993 2709 Adloquitur
1010 2676 1126 2699 omnes

254 2709 308 2743 sui
327 2712 481 2754 temporis
504 2711 666 2747 Arianos.
693 2713 904 2763 Blasphemia:
914 2716 1030 2758 scopus
1040 2725 1129 2756 erat,

255 2768 295 2792 ut
315 2759 457 2800 patibilis
479 2761 570 2796 Deus
588 2757 792 2804 crederetur,
820 2777 889 2799 non
911 2776 953 2799 ex
964 2765 1131 2808 impatibi-

256 2808 299 2841 lis
312 2807 416 2843 Patris
429 2810 604 2846 substantia
614 2814 744 2858 genitus
755 2839 765 2854 ,
781 2814 834 2849 sed
847 2815 889 2848 ab
900 2814 966 2857 eius
978 2815 1128 2849 volunta·

257 2866 292 2893 te
302 2859 481 2894 {astusUti
492 2872 571 2904 ergo
586 2863 619 2896 in
629 2863 724 2897 nobis
737 2864 950 2905 Anima‚licet
961 2865 1052 2899 enirn
1062 2876 1127 2899 car·

257 2918 302 2942 ne
320 2919 387 2942 non
399 2910 620 2945 confundatur
630 2913 663 2945 in
675 2914 809 2954 aliquod
824 2915 956 2948 tertium
969 2939 979 2954 ,
998 2926 1053 2958 per
1063 2926 1130 2949 car-

253 2968 336 2991 nem
347 2959 523 3001 patitur‚ita
535 2959 929 3007 Ariani&'Apollinariste
938 2966 1131 2999 censuerunt

254 3018 316 3051 per
336 3019 467 3042 carnem
481 3010 546 3052 pati
557 3011 658 3044 etiam
667 3013 733 3046 Dei
744 3013 891 3047 Verbum
904 3039 910 3046 .
934 3013 1044 3048 >Addit
1055 3015 1132 3048 San—

253 3059 326 3091 etus
338 3056 536 3093 Athanafius
556 3060 596 3094 ad
608 3062 762 3104 utrosque
772 3076 783 3096 .-
810 3065 870 3096 Sed
876 3063 923 3096 hic
931 3062 1048 3107 rursum
1057 3064 1130 3097 mibi

255 3108 359 3140 dicitis
383 3121 389 3140 z
416 3116 468 3150 qut
489 3115 579 3152 igitur
602 3114 762 3144 Dominum
777 3114 882 3156 gloriae
903 3113 1127 3155 crucifixerunt,

259 3165 294 3188 ut
315 3169 372 3190 non
382 3169 443 3190 una
454 3170 564 3201 quoque
578 3160 703 3194 verbum
712 3161 930 3203 crucifixerint?
958 3163 1048 3204 Aufer
1058 3163 1131 3196 mihi

259 3204 313 3245 ista
324 3230 331 3237 .
358 3207 486 3241 Verbum
510 3210 628 3251 quidem
650 3215 810 3253 ignomima
831 3211 992 3252 asset-nunt
1014 3237 1024 3252 ‚
1061 3215 1132 3246 dum

257 3263 362 3296 corpus
382 3257 467 3290 verbi
485 3260 557 3300 palo
575 3260 720 3303 affigunt,
739 3259 884 3302 fiquidem
906 3265 985 3294 Deus
1005 3272 1072 3295 erat
1082 3270 1133 3306 qui

263 3308 424 3345 ignominia
433 3309 477 3340 ad
471 3308 641 3350 fidebatur-5
652 3321 689 3342 ex
701 3309 756 3351 affe
766 3319 865 3343 tamen
877 3313 911 3344 (9⁰
920 3322 958 3343 ex
966 3310 1060 3353 solido
1067 3311 1134 3355 pas

253 3350 297 3393 fio
316 3355 366 3386 illa
377 3359 489 3390 Carnis
501 3361 536 3392 (ς’
546 3358 767 3400 Animaefuerit
779 3385 788 3400 ‚
814 3362 916 3394 eadem
938 3365 1078 3395 nimirum
1087 3374 1135 3396 ra·

259 3406 341 3434 tione
349 3426 360 3442 ,
384 3415 444 3446 qua
454 3408 489 3440 (τ
500 3411 582 3441 Mors
593 3434 604 3450 ‚
630 3413 664 3443 (δ’
675 3407 742 3451 Res
735 3410 857 3442 urrec‘lio
869 3436 875 3442 .

315 3451 438 3487 Eadem
457 3457 501 3490 est
523 3459 608 3492 ratio
619 3457 715 3501 hujus
727 3460 960 3502 propofitionis
969 3474 981 3494 .·
1008 3464 1087 3495 Deus
1098 3461 1135 3502 est

258 3502 359 3534 earm
369 3506 524 3546 compaffus
534 3531 541 3538 .
570 3508 627 3542 Est
638 3508 775 3549 Ariana,
788 3510 1063 3553 Apollinaristica‚
1075 3512 1135 3546 Eu-

360 3552 517 3595 Differt.de
526 3557 708 3600 symbnp&
717 3563 751 3593 N
752 3562 847 3594 ic-TJ.

1884 153 1977 199 225

1182 215 1337 259 tychiana
1350 239 1358 247 .
1384 214 1520 249 Etenim
1540 214 1691 249 scelerata
1707 217 1842 259 epistola
1854 238 1868 260 ,-
1890 233 1988 264 quam
2001 233 2055 267 per

1183 266 1307 305 Gallias
1323 264 1428 308 sparsit
1448 263 1571 299 Ariana
1591 265 1799 309 Imperatoris
1809 269 1996 305 Constantii
2010 274 2057 308 fa-

1181 317 1245 351 &io
1267 316 1366 359 ipsam
1390 315 1594 356 praedicavst,
1621 317 1656 350 ὃς
1677 316 1826 350 adversus
1850 330 1923 352 eam
1934 321 2056 364 scripsit

1182 366 1330 400 laudatus
1340 363 1534 399 Phoebadius
1546 366 1743 408 Episcopus:
1773 368 1884 400 Filium
1907 370 1986 408 Dei,
2007 371 2057 403 in.

1182 416 1300 458 quiunt
1311 440 1322 455 ‚
1333 413 1478 447 bominem
1489 416 1525 448 de
1537 414 1795 459 Mariasuftept'ffe
1806 442 1816 456 ‚
1823 425 1880 458 per
1889 429 1974 459 quem
1986 430 2057 451 com-

1177 466 1278 508 paffus
1300 464 1338 504 est
1364 489 1371 496 .
1408 468 1542 508 Congruo
1563 472 1653 509 igitur
1672 472 1770 499 omnia
1779 467 1840 509 fine
1863 468 2057 507 claudentes,

1181 516 1259 557 quod
1272 523 1370 547 mente
1380 523 1569 555 conceperant
1579 540 1589 555 ‚
1609 515 1761 558 scriptura
1769 515 1959 559 confhffisunt
1970 541 1981 557 ,
2000 516 2058 559 res-

1176 566 1326 606 pondente
1348 576 1383 597 ea
1399 562 1498 606 fi’nsui
1513 563 1566 606 suo
1588 589 1597 604 ,
1623 567 1658 599 (ν
1679 567 1789 599 occulta
1814 578 1911 600 eorum
1936 578 2056 601 venena

1180 614 1353 658 reservante
1364 639 1375 654 ,
1401 615 1531 647 dicentes
1537 613 1650 658 s‘cilicet
1664 617 1777 648 Filium
1790 620 1847 650 Dei
1857 616 2003 650 bominem
2015 618 2054 650 de

1182 669 1283 697 Maria
1295 662 1445 707 susceptffe
1456 687 1466 703 ‚
1488 672 1546 706 per
1558 675 1644 706 quem
1663 667 1820 708 tompaffus
1840 666 1894 706 est.
1921 668 2056 700 Primum

1182 727 1238 747 non
1249 715 1338 747 video
1348 739 1357 754 ,
1367 725 1417 746 cur
1428 715 1589 747 maluerint
1605 715 1819 756 compaffibilem
1830 717 1926 750 dicere
1935 742 1946 758 ,
1964 719 2058 760 quim

1180 764 1270 797 libere*
1285 765 1448 806 paffibt'lem
1462 763 1607 806 confiteri.
1635 763 1733 808 ,Quafi
1750 768 1820 798 vero
1841 767 1932 798 aliud
1932 766 1973 806 fit
1984 778 2058 799 com⁴

1178 819 1246 855 pati
1257 816 1348 856 quam
1353 821 1423 855 pati
1463 816 1554 847 Porri)
1566 823 1666 848 autem
1670 814 1701 856 fi
1707 815 1887 858 impafflbilis
1900 815 1945 850 est
1960 819 2059 856 Deus,

1180 869 1280 906 utique
1288 864 1333 897 est
1346 865 1380 897 (ft
1389 865 1621 905 incompaffibtlis
1633 890 1640 897 .
1668 868 1744 898 Tam
1753 877 1819 909 ergo
1831 865 1989 909 compaffics
2000 875 2058 898 non

1181 913 1218 953 est
1230 938 1240 953 ,
1267 916 1358 956 quam
1380 925 1430 946 nec
1442 914 1543 957 paffus
1567 914 1605 954 est
1616 939 1623 946 .
1651 918 1706 948 Ex
1716 927 1752 948 ea
1761 925 1863 949 tamen
1874 917 2057 955 conditione,

1182 975 1241 1005 qua
1263 966 1364 996 Deus.
1392 963 1517 997 Purum
1541 974 1657 1008 putum
1684 965 1742 999 sub
1765 965 1878 1000 dolosa
1901 965 2061 1010 religiosae

1183 1013 1398 1048 venerationis
1421 1013 1579 1048 modestia
1610 1014 1836 1053 Arianismum
1868 1015 2062 1050 continebat

1182 1063 1240 1097 ista
1263 1062 1412 1096 scelerata
1429 1063 1585 1106 epistola:
1613 1065 1702 1107 quod
1727 1065 1828 1099 Arius
1852 1066 1961 1110 aperte
1971 1065 2063 1099 dixe-

1181 1123 1248 1153 rat,
1274 1111 1466 1155 praedicabat
1493 1113 1642 1147 occulte.
1671 1115 1765 1149 Hinc
1779 1117 1891 1149 Deum
1912 1115 2064 1150 Verbum

1181 1174 1250 1196 non
1263 1163 1337 1196 ausa
1350 1162 1471 1206 garrire
1484 1162 1663 1206 passibilem
1686 1174 1744 1198 aut
1757 1166 1879 1208 passum
1891 1189 1901 1204 ‚
1930 1166 2063 1209 garrivit

1179 1211 1454 1256 compassibilem,
1468 1213 1502 1249 δε
1514 1209 1726 1258 compassum.
1754 1214 1827 1249 Effe
1839 1214 2065 1258 blasphemum

1181 1262 1369 1306 Syrmienfis
1390 1262 1540 1305 Synodi,
1567 1264 1657 1308 cujus
1668 1263 1866 1307 Symbolum
1879 1265 1984 1309 lapsus
1995 1265 2065 1298 illie

1183 1312 1412 1347 infoeliciffime
1422 1312 1547 1347 Hosius
1569 1314 1788 1349 Cordubensis
1800 1316 2004 1359 Episcopus,
2030 1316 2065 1348 δε

1181 1362 1285 1397 didius
1317 1362 1487 1396 Potamius
1510 1363 1798 1408 Ulysiipponensis
1823 1373 2064 1408 conceperant,

1183 1411 1356 1447 articulum
1375 1412 1519 1447 ostendit
1542 1414 1576 1446 in
1599 1414 1683 1448 libro
1705 1414 1747 1449 de
1771 1415 1915 1456 synodis
1931 1416 2066 1449 Sanstus

1183 1463 1333 1496 Hilarius
1354 1462 1563 1496 Piuavienfis
1588 1488 1599 1504 ‚
1624 1464 1659 1498 &
1685 1464 1820 1498 adducit
1858 1464 1926 1507 ejus
1947 1476 1965 1497 v
2017 1503 2021 1508 ⁴
2043 1474 2067 1498 ·.·

1183 1517 1221 1546 Ut
1241 1515 1403 1554 Scriptura
1429 1524 1528 1546 omnet
1542 1514 1645 1548 docent
1657 1537 1668 1553 ,
1695 1514 1730 1547 ὁ·
1743 1517 1897 1556 γνιιεὶμκέ
1917 1520 1950 1556 ip
1963 1526 1978 1547 e
2020 1510 2069 1547 va-

1179 1562 1268 1608 gister
1290 1565 1429 1596 Gentium
1451 1562 1599 1604 Apostolus
1626 1568 1781 1597 Hominem
1795 1563 1947 1608 susceptffi'
1967 1589 1978 1604 ‚
2010 1573 2067 1606 ptr

1185 1625 1270 1657 quem
1279 1613 1448 1656 compassus.
1476 1614 1671 1648 Sceleratam
1685 1614 1780 1648 istam
1793 1615 1832 1648 ad
1847 1615 1974 1648 Gallias
1984 1615 2067 1649 dire-

1185 1666 1270 1698 stam
1290 1663 1460 1706 epistolam
1474 1665 1594 1698 veniffe
1605 1676 1646 1698 ex
1659 1664 1833 1708 Syrmiensi
1848 1665 1988 1708 Synodo
2000 1690 2010 1706 ,
2036 1666 2070 1699 δε

1186 1714 1282 1747 Hofii
1305 1724 1428 1748 nomen
1448 1713 1498 1747 illi
1525 1714 1620 1749 fuisse
1644 1716 1809 1757 praefixum
1833 1739 1843 1755 ,
1870 1717 2009 1749 affirmat
2035 1716 2072 1749 in

1186 1764 1233 1798 sui
1256 1762 1331 1797 libri
1352 1764 1418 1798 fine
1437 1764 1537 1798 etiam
1548 1764 1683 1798 San-stus
1703 1763 1923 1799 Phoebadius.
1952 1765 1996 1799 Et
2021 1766 2078 1799 ad-

1188 1815 1296 1848 versus
1316 1814 1413 1847 istum
1434 1814 1606 1848 articulum
1619 1815 1754 1850 sanetus
1764 1815 1915 1850 Hilarius
1942 1816 2072 1860 pergit.-

1191 1865 1308 1907 Passum
1339 1865 1457 1906 quidem
1483 1864 1548 1897 Dei
1576 1865 1696 1898 Filium
1718 1864 1856 1907 sciebant
1882 1866 2074 1908 Syrmienlis

1190 1915 1383 1952 Conventus
1406 1913 1562 1957 Episcopi
1585 1940 1595 1955 ,
1622 1915 1676 1948 sed
1697 1917 1802 1948 dicant
1822 1914 1920 1958 quaesit
1941 1915 2073 1959 compa-(2

1185 1963 1252 2007 sum
1272 1965 1413 2006 quomodo
1435 1973 1632 2008 cognoverant
1654 1965 1670 1996 ,ἓ
1706 1968 1845 1999 Evitant
1870 1965 2038 2008 Homoufion
2058 1990 2071 2006 ,

1191 2023 1281 2057 atque
1293 2013 1487 2056 Homaeoufion
1497 2021 1568 2056 quia
1580 2014 1726 2059 nusquam
1741 2014 1889 2059 firiptum
1904 2015 1967 2058 fit3
1994 2028 2074 2059 quae-

1191 2077 1223 2098 ro
1242 2064 1413 2107 compassum
1423 2064 1474 2107 effe
1488 2087 1498 2103 ,
1524 2066 1603 2098 unde
1618 2063 1894 2108 prasumpserint?
1921 2075 1975 2099 aut
1988 2078 2076 2100 num-

1192 2116 1268 2158 quid
1286 2115 1391 2148 volunt
1416 2116 1488 2148 duos
1509 2115 1584 2158 effe,
1610 2121 1662 2157 qui
1676 2116 1751 2157 paffi
1764 2114 1860 2158 sunt?
1886 2117 1968 2149 Illud
1995 2122 2074 2150 enim

1192 2164 1493 2207 cunpaffio·testatur
1514 2190 1521 2197 .
1559 2164 1657 2199 Istam
1682 2166 1938 2209 propositionem
1962 2167 2074 2201 multis

1193 2216 1360 2259 exagitat,
1387 2216 1421 2249 δε
1441 2226 1599 2255 omnem,
1626 2217 1683 2259 qui
1706 2216 1856 2250 Vasenfis
1867 2217 1995 2260 Synodi
2019 2229 2075 2251 au-

1194 2267 1343 2300 &oritate
1357 2266 1519 2308 prodierat
1535 2290 1546 2306 ,
1574 2266 1680 2300 Sancti
1694 2264 1866 2300 Phoebadii
1889 2266 2008 2300 librum
2032 2278 2074 2300 ex

1194 2316 1309 2350 animo
1330 2315 1441 2350 laudat
1454 2339 1464 2355 ,
1489 2327 1526 2349 ac
1548 2315 1663 2358 probat
1677 2341 1684 2348 .
1712 2316 1861 2350 Eandem
1882 2315 2076 2360 amplissime

1195 2366 1332 2410 exponit
1343 2391 1353 2406 ,
1379 2376 1477 2410 atque
1489 2365 1624 2400 damnat
1635 2366 1669 2399 in
1681 2367 1781 2400 tertio
1793 2391 1803 2406 ‚
1828 2366 1870 2400 ad
1882 2366 2076 2401 Trafirnun-

1194 2416 1275 2450 dum
1301 2415 1540 2449 Wandalorum
1561 2417 1595 2450 in
1619 2415 1733 2450 Africa
1745 2417 1875 2461 Regem
1888 2417 2074 2456 Arianum,

1196 2465 1281 2500 libro
1291 2467 1426 2500 Sanstus
1437 2466 1631 2510 Fulgentius
1644 2491 1651 2498 .
1678 2466 1779 2501 Hanc
1793 2468 2050 2510 propositionem
2064 2480 2075 2500 .-

1196 2520 1280 2549 Deus
1300 2514 1340 2557 est
1359 2526 1448 2549 carne
1463 2516 1564 2559 paffus
1579 2540 1589 2555 ,
1617 2516 1786 2561 insigniter
1806 2516 1995 2551 elucidat&
2007 2528 2078 2562 pro-

1196 2565 1362 2609 sequitur.-
1389 2570 1461 2599 Haec
1481 2567 1551 2599 dum
1561 2568 1686 2608 quidam
1697 2572 1796 2600 minus
1806 2569 1992 2606 attendunt,
2020 2572 2078 2601 Di·
2098 2568 2172 2608 Cap.
2189 2569 2217 2605 9:

1196 2621 1357 2649 vinitatem
1371 2615 1481 2656 Christi
1492 2628 1548 2649 non
1559 2616 1701 2649 dubitant
1707 2616 1853 2660 subjicere
1859 2618 1981 2659 paffiom'
1999 2641 2010 2656 ‚
2042 2619 2077 2652 (5·

1197 2666 1352 2699 audientes
1373 2665 1520 2705 Christum
1542 2671 1574 2699 in
1595 2678 1683 2700 carne
1696 2676 1723 2709 p
1763 2680 1813 2700 um
1826 2691 1837 2706 ‚
1856 2675 1970 2708 putant
1985 2666 2076 2710 fuisse

1198 2719 1295 2749 Deum
1303 2716 1477 2759 compaffum
1490 2740 1500 2755 ,
1517 2722 1616 2748 minus
1627 2726 1712 2750 atten
1735 2726 1816 2750 entes
1828 2718 1969 2750 divinam
1982 2718 2076 2750 illam

1197 2775 1287 2808 atque
1310 2766 1523 2799 immutabilem
1545 2768 1619 2799 Filii
1646 2770 1704 2799 Dei
1720 2765 1920 2810 substantiam
1941 2792 1951 2808 ,
1987 2767 2021 2801 ὠ·
2042 2773 2075 2800 in

1195 2827 1284 2849 carne
1315 2816 1440 2858 paffibili
1458 2817 1616 2857 paffionem
1631 2814 1782 2860 susceptffe
1800 2840 1811 2857 ,
1848 2818 1883 2851 <9⁵
1903 2828 1970 2850 cum
1986 2828 2076 2850 carne

1193 2867 1350 2907 paffionem
1363 2864 1476 2909 sentire
1508 2877 1565 2898 non
1578 2866 1700 2909 potuiffe
1721 2891 1728 2898 .
1771 2865 1863 2900 Audi
1884 2867 2076 2902 Wandalici
2235 2909 2238 2912 η

1197 2917 1311 2950 erroris
1327 2915 1540 2949 fundamenta
1554 2929 1565 2948 :
1590 2917 1651 2948 Sed
1657 2915 1787 2956 forsitan
1798 2917 1910 2950 dicetur
1922 2916 2072 2958 Christum
2097 2909 2169 2948 C2P·
2190 2918 2236 2940 ¹0·

1197 2966 1260 2998 ideo
1280 2971 1313 2997 in
1333 2977 1422 2999 carne
1438 2965 1553 3007 passum
1569 2966 1736 3007 praea't'tari
1754 2991 1764 3006 ,
1790 2973 1862 3009 quta
1889 2969 2051 3000 Divinitas
2064 2992 2074 3007 ,

1196 3026 1264 3056 quae
1284 3024 1354 3048 ante
1362 3027 1482 3048 carnem
1497 3021 1568 3056 pan·
1579 3027 1635 3048 non
1649 3021 1770 3057 potuit,
1791 3016 1951 3057 pafflbllem
1986 3016 2077 3060 sufii-

1194 3071 1282 3106 piens
1301 3076 1419 3098 carnem
1434 3089 1445 3105 ‚
1464 3066 1619 3106 paffionem
1637 3077 1749 3107 quoque
1773 3078 1838 3099 cum
1861 3066 2074 3110 carnepersen-

1191 3113 1230 3155 fit
1242 3139 1252 3154 ,
1278 3120 1349 3157 quia
1366 3123 1424 3156 pro
1440 3113 1620 3157 susceptione
1635 3114 1777 3155 paffibilis
1790 3122 1890 3150 carnis
1904 3141 1915 3158 ‚
1941 3117 2007 3161 ipsa
2021 3123 2075 3150 im⁴

1194 3164 1336 3205 paffibilis
1356 3165 1520 3205 inpaffione
1534 3173 1710 3205 permanere
1733 3178 1790 3199 non
1796 3174 1895 3209 potuit
1907 3192 1914 3200 .
1943 3167 1987 3202 Et
1999 3167 2070 3211 post
2096 3179 2169 3217 Cap,
2183 3180 2231 3213 115

1200 3214 1283 3247 varia
1294 3213 1489 3257 Fulgentius
1501 3215 1672 3257 respondet
1686 3228 1696 3248 .·
1721 3215 1822 3255 Restat
1831 3223 1923 3261 igitur
1934 3241 1945 3259 ,
1971 3226 2008 3251 ut
2020 3221 2073 3250 Di-

1200 3269 1359 3296 vInitatem
1381 3262 1490 3302 Christi
1501 3288 1511 3303 ‚
1539 3276 1628 3305 quam
1647 3266 1859 3301 immutabilem
1881 3270 1974 3301 Sacra
1994 3270 2068 3300 scri-

1196 3322 1289 3355 ptura
1303 3314 1506 3353 commendat,
1527 3312 1566 3354 sic
1581 3314 1697 3356 passam
1707 3315 1865 3356 fateamur
1906 3323 1938 3350 in
1960 3328 2074 3357 carne,

1200 3372 1231 3395 ut
1252 3374 1318 3396 eam
1338 3372 1439 3396 tamen
1459 3365 1612 3396 credamus
1637 3366 1808 3408 compaffam
1830 3378 1888 3400 non
1902 3367 1994 3410 fuisse
2006 3378 2073 3401 cum

1200 3424 1306 3445 carne.
1334 3414 1402 3446 Ideo
1420 3417 1498 3445 em'm
1510 3417 1590 3446 Deus
1611 3419 1755 3449 incarne
1772 3417 1873 3459 passus
1895 3416 1933 3457 est
1967 3440 1978 3456 ‚
2004 3420 2074 3458 qula

1198 3462 1354 3503 paffibilem
1373 3473 1491 3495 carnem
1513 3466 1593 3496 Deus
1616 3470 1747 3507 accepit;
1774 3467 1838 3499 ideo
1858 3474 1957 3499 autem
1982 3470 2070 3497 carni

1201 3512 1357 3557 compassus
1380 3523 1437 3547 non
1455 3511 1492 3552 est
1504 3537 1517 3555 ,
1542 3518 1657 3555 quiam
1674 3525 1762 3548 carne
1777 3520 1899 3557 patiens
1916 3513 2073 3554 impaffihi·

1695 3563 1722 3599 F
1747 3563 1766 3598 f
1981 3563 2021 3597 lis
