2346 3776
211 238 252 281 g„
273 232 402 275 Cbefflo
422 227 470 264 est
488 171 886 270 eoncjliiigiol‘lslecundum
906 218 1090 278 ⁸naturalem

207 287 235 328 ,ὲ
260 280 417 320 unionem
430 303 441 319 ,
459 290 527 313 non
541 286 672 313 tantum
683 271 864 311 secundum
879 269 1090 316 dignitatem,

176 352 179 355 -
209 322 308 368 ‘l'vel
319 330 565 366 auctoritatem.
593 338 622 370 p.
639 324 716 374 376.

546 375 650 411 CAP.
679 374 739 410 IV.

213 432 348 472 voces,
373 430 577 475 quaeaSacra
591 427 778 469 Scriptura,
804 432 902 467 atque
927 421 945 456 ἒι
968 421 1091 457 Sanctis

263 480 400 517 Christo
413 480 627 518 tribuuntur,
651 487 721 510 non
737 474 874 519 possunt
894 473 1013 517 partim
1035 470 1090 507 ho·
1123 493 1126 497 .

257 532 343 567 mini
357 556 368 572 ,
393 531 512 575 partim
525 530 603 564 Deo
614 536 782 568 tamquam
794 523 922 559 duabus
946 513 1091 568 perso‘nis

257 581 392 617 attribui
408 606 414 614 .
443 593 474 626 p.
488 578 566 628 378.

557 627 660 665 CAP.
687 625 731 659 V.

208 681 358 718 Christus
372 683 418 717 est
433 693 527 716 verus
539 682 632 715 Deus
643 703 654 719 ‚
680 686 785 717 unuS,
813 687 851 710 ac
873 673 1027 708 naturalis
1038 672 1090 705 Fi-

258 734 344 775 lius,
370 732 528 777 quatenus
545 728 692 766 Verbum
719 726 855 770 perinde
877 737 915 759 ac
929 735 989 757 nos
1001 722 1088 757 carni

258 782 520 816 communicavit
531 806 542 824 ‚
565 779 635 814 non
646 786 757 812 autern
767 776 833 812 dici
844 774 949 820 potest
961 784 1089 810 tantum

254 829 361 866 homo
379 830 511 866 Deifer.
538 841 569 874 p.
582 830 663 875 381·

546 879 649 915 CAP.
678 877 736 912 VI.

206 932 356 967 Verbum
369 943 437 966 non
448 933 493 966 est
507 929 630 966 Christi
641 930 734 963 Deus
743 937 801 963 aut
813 927 990 962 Dominus.
1017 924 1088 958 ΕΠ·

254 994 319 1024 que
332 982 484 1017 Verbum
496 981 703 1016 incarnatum
714 990 800 1014 unus
811 978 964 1022 idemque
976 976 1087 1018 Deus,

253 1033 287 1067 δε
300 1031 422 1068 homo.
448 1045 481 1077 p.
499 1029 577 1080 382.

526 1082 632 1117 CAP.
662 1080 739 1116 V11.

206 1132 356 1169 Christus
378 1144 448 1169 non
472 1132 518 1167 est
537 1142 668 1166 tantum
689 1131 724 1163 vi
739 1130 828 1164 verbi
853 1126 969 1163 Divini
983 1124 1087 1159 homo

257 1187 348 1217 astus
365 1208 376 1223 ‚
402 1195 464 1216 nec
475 1182 581 1224 gloria
592 1180 779 1225 Unigeniti
795 1180 852 1223 ipsi
865 1179 914 1214 uti
933 1176 1025 1212 alteri
1035 1174 1088 1210 ad-

254 1234 348 1267 venit
367 1258 375 1264 .
399 1244 429 1276 p.
446 1228 526 1278 384.

510 1277 616 1315 CAP.
646 1276 741 1311 V111.

204 1332 322 1367 Homo
335 1329 512 1373 assumptus
524 1338 681 1373 tanquam
692 1328 773 1362 alter
787 1327 821 1363 in
832 1327 937 1363 altero
946 1327 1087 1363 assistens

253 1391 324 1415 non
334 1380 380 1415 est
393 1391 459 1414 una
470 1390 547 1416 cum
559 1380 638 1413 Deo
653 1378 838 1413 adorandus
850 1403 861 1419 ‚
890 1379 943 1413 sed
956 1390 1021 1413 una
1032 1390 1085 1421 po·
1117 1379 1119 1381 ’

256 1431 323 1465 tius
335 1429 528 1466 adoratione
543 1428 706 1465 Emanuel
720 1427 949 1464 honorandus.
977 1426 1087 1476 p.386.

205 1529 355 1567 Christus
366 1542 436 1566 non
447 1530 492 1565 est
505 1529 523 1567 a
535 1530 657 1574 Spiritu
671 1530 781 1564 sancto
806 1539 966 1573 tanquam
977 1529 1086 1563 Virtu-

253 1592 287 1617 te
299 1582 318 1616 ὲ
336 1582 371 1616 se
388 1581 495 1618 aliena
507 1580 730 1625 glorificatus,
755 1592 816 1614 nec
828 1581 1022 1624 potestatem
1032 1579 1090 1612 mi-

252 1626 439 1666 raculorum
465 1631 516 1665 uti
526 1630 669 1664 alienam
691 1631 816 1674 accepit
826 1655 836 1671 ‚
863 1630 916 1664 sed
940 1642 996 1673 per
1019 1640 1090 1674 pro-

254 1682 362 1726 prium
375 1706 386 1722 ‚
412 1693 450 1716 ac
475 1680 658 1718 naturalem
679 1681 829 1725 spiritum
850 1680 1007 1715 miracula
1039 1691 1090 1723 pa-

253 1732 371 1766 travit.
399 1742 428 1775 p.
444 1728 527 1779 387.
697 1726 701 1728 ’

559 1782 662 1816 CAP.
692 1782 735 1815 Χ.

213 1828 363 1866 Christus
374 1829 553 1870 Pontifex,
570 1831 604 1863 &
616 1830 795 1872 Apostolus
805 1832 917 1864 extitit
930 1856 937 1862 .
965 1830 1087 1870 Estque

253 1880 362 1923 ipsum
377 1879 443 1912 Dei
456 1879 602 1914 Verbum
615 1904 622 1911 .
650 1879 733 1913 Non
757 1889 867 1913 autem
880 1878 983 1915 homo
1011 1880 1091 1911 alter

253 1928 416 1973 quispiam
436 1928 478 1961 ab
491 1938 531 1961 eo
544 1927 709 1963 diversus,
737 1928 886 1962 Christus
908 1941 966 1971 pro
995 1928 1091 1962 nobis

255 1978 333 2013 solis
346 1977 550 2013 Sacrificium
561 1977 696 2017 obtulit,
710 1988 778 2012 non
792 1989 849 2020 pro
862 1979 893 2010 se
904 1979 987 2020 ipso,
998 1979 1091 2021 quip-

257 2039 298 2073 pe
308 2028 365 2072 qui
377 2027 506 2062 nullum
523 2036 692 2073 peccatum
716 2027 923 2062 commiserat
936 2050 947 2066 ,
972 2027 1091 2071 adeoq;

255 2089 318 2114 nec
327 2076 500 2113 oblatione
519 2088 602 2120 opus
621 2076 782 2112 habebat.
811 2088 839 2120 p.
858 2074 938 2125 388.

549 2126 656 2161 CAP.
681 2128 740 2160 XI.

207 2179 350 2214 Domini
363 2189 438 2212 caro
449 2177 579 2211 vivifica
593 2177 653 2217 est,
665 2177 823 2220 ipsiusque
834 2175 937 2211 Verbi
951 2178 1090 2221 propria,

257 2241 326 2263 non
338 2238 449 2262 autem
461 2228 506 2263 est
518 2227 649 2261 alterius
662 2226 840 2270 cujuspiam
856 2227 912 2270 ipsi
933 2227 1033 2261 verbo
1048 2229 1089 2261 se·

258 2278 406 2313 cundum
418 2277 616 2322 dignitatem
627 2286 756 2311 tanturn
770 2276 938 2320 conjuncti
947 2302 958 2317 ,
974 2288 1030 2311 aut
1043 2277 1092 2311 di-

255 2329 371 2362 vinam
384 2326 661 2362 inhabitationem
670 2336 801 2361 tantum
815 2327 938 2361 sortiti.
968 2327 1090 2370 Estque

255 2378 389 2412 vivifica
401 2401 412 2417 ,
440 2377 482 2411 eo
499 2377 591 2419 quod
604 2376 717 2414 Verbo
730 2377 844 2412 omnia
857 2375 1039 2411 vivificanti
1055 2378 1091 2412 sit

258 2429 340 2465 fasta
353 2428 481 2472 propria
496 2452 504 2460 .
531 2439 561 2470 p.
589 2437 665 2475 390.

533 2476 637 2513 CAP.
664 2478 738 2511 XII.

211 2525 360 2562 Verbum
382 2525 561 2561 secundum
587 2539 719 2563 carnem
730 2527 776 2563 est
791 2529 914 2572 passum
926 2552 937 2569 ,
963 2527 1090 2563 crucifi-

259 2588 340 2611 xum
358 2600 370 2617 ,
396 2578 430 2611 &
442 2586 607 2612 mortuum
620 2601 631 2617 ‚
657 2577 768 2622 estque
791 2578 1032 2623 primogenitus
1049 2580 1090 2613 fa·

258 2629 288 2662 ἐὶ
296 2638 351 2662 um
361 2638 403 2662 ex
413 2627 554 2663 mortuis
564 2651 575 2668 ‚
601 2628 730 2672 seseque
741 2636 776 2662 ut
788 2628 881 2663 Deus
893 2629 1084 2665 vivificavit.

261 2689 290 2722 P·
304 2686 323 2723 3
328 2686 382 2725 92.

310 2782 412 2813 Canon
424 2780 460 2813 de
475 2791 532 2813 non
543 2781 701 2815 alterando
708 2779 832 2821 symbolo
843 2786 878 2815 N
880 2785 970 2815 icaeno
977 2806 985 2815 .

214 2876 353 2912 Nemini
377 2877 452 2914 licet
463 2879 551 2915 aliud
578 2881 776 2926 Symbolum
794 2891 905 2926 praeter
915 2881 950 2917 id
962 2905 973 2922 ,
999 2880 1087 2925 quod

258 2928 293 2962 N
297 2928 379 2962 icaeae
389 2930 543 2965 traditum
554 2932 612 2973 est,
621 2931 832 2967 conscribere.
861 2932 935 2966 Nec
948 2931 997 2966 illi
1008 2930 1086 2976 quid

257 2977 375 3013 addere
387 3004 397 3020 ‚
412 2988 468 3013 aut
478 2979 620 3015 demere.
647 2982 730 3016 Item
744 2982 870 3016 nemini
882 2982 959 3017 licet
972 2982 1088 3016 sentire

257 3037 315 3062 aut
324 3027 441 3064 docere
449 3040 516 3074 quae
528 3031 562 3062 in
572 3033 776 3075 expositione
787 3032 805 3065 a
815 3031 965 3066 Charisio
976 3031 1087 3066 oblata

259 3078 473 3114 continentur
486 3104 492 3110 .
519 3079 615 3114 Secus
626 3082 780 3116 facientes
792 3082 948 3125 Episcopi
960 3081 1001 3117 ab
1014 3081 1087 3126 Epi-

258 3131 391 3172 scopatu
404 3154 414 3169 ‚
443 3128 564 3162 Clerici
584 3130 603 3163 a
615 3129 778 3167 Clericatu
790 3132 852 3165 fint
863 3131 985 3176 alieni;
1011 3132 1086 3168 laici

260 3178 579 3215 anathematizentur
588 3204 596 3212 .
626 3191 655 3224 p.
672 3190 714 3228 39
716 3190 745 3226 3.
772 3182 806 3216 ἀ
823 3182 886 3225 seq.

359 3283 516 3314 Decretum
540 3281 579 3315 de
598 3279 726 3323 Ecclcfia
748 3284 934 3324 Cypriorum.

211 3378 388 3426 Episcopus
400 3380 599 3426 Cypriorum
614 3381 706 3426 juxta
719 3391 857 3419 veterem
869 3393 995 3419 morem
1015 3393 1084 3420 non

1203 164 1299 201 debet
1310 163 1351 199 ab
1364 162 1582 203 Antiocheno
1594 164 1758 202 ordinari.
1771 170 1809 205 In
1820 168 1893 207 aliis
1904 169 1938 206 id
1950 182 2031 217 quo-

1197 228 1266 264 ¹que
1276 215 1470 250 servandum
1477 239 1489 256 ,
1512 224 1548 250 ut
1557 216 1683 250 scilicet
1700 216 1888 255 Patriareba
1894 221 2042 255 Provin—

1202 267 1289 301 ciam
1300 277 1371 300 non
1380 274 1523 308 occupet
1531 290 1543 306 ‚
1568 277 1641 309 quae
1652 264 1712 299 sub
1721 264 1790 308 'ejus
1803 277 1872 301 non
1892 271 1957 304 suit
1979 269 2034 305 ha·

1202 319 1312 351 {tenus
1322 315 1481 359 potestate
1495 329 1507 349 .-
1522 314 1576 350 sed
1587 315 1772 357 unicuique
1783 315 1965 353 Provinciae
1976 320 2032 354 sua

1203 367 1277 410 Jura
1288 366 1380 410 juxta
1392 376 1535 403 veterem
1546 366 1820 404 consuetudinem
1841 368 2006 405 serventur
2023 395 2030 403 .

1203 428 1233 463 p.
1247 427 1265 465 3
1271 426 1290 465 9
1295 414 1325 454 8»

1301 520 1466 556 Praemium
1484 522 1642 552 Canonum
1650 519 1879 569 Ephefinmvumz

1150 620 1332 665 Episcopos
1342 643 1353 660 ‚
1379 620 1436 663 qui
1448 619 1465 653 a
1477 618 1634 654 Concilio
1648 629 1702 668 30.
1715 619 1904 656 defecerunt
1917 623 2031 657 antesi-

1199 681 1311 716 gnano
1334 670 1461 712 Joanne
1472 669 1689 704 Antiocheno
1700 696 1711 711 ‚
1738 671 1891 714 Synodus
1914 671 1955 707 ab
1970 673 2031 707 Ec-

1199 719 1371 756 clesiastica
1383 721 1621 758 communione
1633 720 1744 756 statuit
1756 721 1889 757 alienos.
1916 734 1947 766 p.
1952 734 2029 771 399.

1199 772 1234 806 ὅτ.
1251 773 1315 818 seq.

1451 820 1626 860 CANON
1651 823 1675 857 Ι.

1150 871 1372 914 Metropolita
1382 896 1393 913 ,
1408 873 1464 915 qui
1475 874 1581 908 relitsta
1592 873 1733 918 Synodo
1744 873 1969 908 Schismaticis
1981 873 2033 907 ad-

1200 921 1296 956 haeret
1323 931 1380 955 aut
1391 923 1535 965 Celestio
1548 925 1714 959 consentit
1724 949 1735 965 ‚
1762 924 1985 969 jurisdictione
1999 925 2032 957 in

1200 972 1383 1016 Episcopos
1395 970 1580 1007 Provinciae
1592 975 1743 1008 exuitur:
1771 976 1842 1018 Ipse
1863 973 2036 1018 Episcopis

1201 1020 1385 1057 Provinciae
1396 1045 1406 1062 ,
1433 1034 1471 1056 ac
1483 1023 1612 1057 circum
1623 1025 1742 1059 vicinis
1752 1024 1978 1069 Metropolitis
1989 1035 2036 1057 re·

1201 1075 1250 1108 sta
1261 1071 1480 1108 sentientibus
1501 1072 1701 1115 subjacebit.
1729 1086 1760 1117 p.
1778 1084 1860 1119 400.

1453 1120 1629 1159 CANON
1656 1123 1699 1157 11.

1150 1173 1307 1219 Episcopi
1318 1173 1548 1208 Provinciales
1559 1172 1775 1208 schismaticis
1785 1172 1984 1209 adhaerentes
1999 1198 2008 1215 ‚
2017 1174 2035 1208 a

1199 1224 1383 1260 sacerdotio
1393 1248 1405 1264 ,
1430 1225 1464 1258 ὅτ.
1488 1223 1591 1269 gradu
1605 1223 1814 1259 denudantur
1824 1249 1832 1257 .
1861 1237 1893 1269 p.
1905 1235 1984 1272 401.

1454 1274 1630 1309 CANON
1655 1274 1712 1309 111.

1151 1325 1272 1361 Clerici
1287 1328 1305 1359 a
1317 1322 1474 1359 Nestorio
1486 1325 1767 1360 excommunicati
1787 1334 1844 1360 aut
1855 1325 2038 1371 degradati,

1199 1377 1413 1411 restituuntur
1424 1375 1459 1408 in
1474 1376 1644 1419 integrum
1662 1398 1674 1415 ,
1700 1377 1826 1417 atquea
1837 1376 2038 1419 subjeftione

1200 1424 1482 1462 schismaticorum
1493 1426 1693 1459 eximuntur.
1727 1425 1808 1458 ibid.

1454 1474 1630 1511 CANON
1657 1473 1716 1507 IV.

1152 1526 1297 1566 Clerici,
1325 1527 1470 1568 quicum
1485 1524 1643 1559 Nestorio
1662 1534 1718 1558 aut
1731 1524 1874 1567 Celestio
1891 1526 2040 1570 sapiunt,

1201 1577 1431 1621 deponuntur.
1463 1574 1543 1609 ibid.

1454 1625 1628 1662 CANON
1657 1626 1701 1660 V.

1154 1676 1379 1714 Condemnati
1408 1676 1425 1709 ὲ
1447 1676 1584 1719 Synodo
1596 1702 1607 1718 ,
1635 1676 1677 1712 ab
1696 1676 1771 1711 aliis
1783 1677 1945 1718 restituti,
1975 1688 2042 1713 ma·

1204 1738 1284 1763 nent
1312 1727 1447 1770 depofiti
1462 1752 1469 1760 .
1489 1739 1517 1770 p.
1533 1738 1614 1772 402.

1454 1776 1557 1811 CAN
1561 1778 1630 1812 ΟΝ
1659 1777 1723 1811 VI.

1155 1828 1308 1871 Episcopi
1322 1838 1359 1861 ea
1374 1852 1385 1868 ,
1411 1839 1479 1871 quae
1492 1827 1526 1860 in
1543 1827 1681 1871 Synodo
1693 1829 1784 1873 gesta
1797 1831 1872 1862 sunt
1887 1852 1897 1868 ‚
1909 1840 2042 1863 movere

1204 1878 1354 1910 volentes
1369 1901 1379 1915 ‚
1407 1877 1424 1908 ὲ
1436 1878 1567 1919 proprio
1581 1878 1685 1921 gradu
1698 1879 1821 1913 cadunt
1832 1902 1844 1919 ,
1871 1879 1964 1914 Laici
1988 1891 2038 1914 ve-

1205 1926 1241 1959 ῐὸ
1252 1927 1583 1960 excommunicantur
1598 1951 1606 1958 .
1633 1926 1712 1960 ibid.

1206 2029 1363 2059 Decretum
1375 2026 1413 2058 de
1427 2025 1563 2066 Eustatio
1577 2026 1760 2068 Pamphyliae
1782 2031 1989 2071 Metropolim.

1157 2125 1317 2166 Eustatii‚
1332 2123 1408 2159 licet
1422 2126 1503 2159 facta
1517 2138 1573 2169 per
1585 2126 1888 2169 pusillanimitatem
1900 2154 1910 2170 ‚
1921 2141 2040 2164 renun-

1206 2177 1306 2210 ciatio
1320 2201 1330 2216 ,
1343 2188 1380 2209 ac
1391 2174 1567 2210 Theodori
1580 2178 1723 2212 suffestio
1736 2180 1932 2223 approbatur
1942 2206 1949 2212 .
1975 2181 2040 2218 Eu-

1206 2226 1318 2260 statius
1335 2237 1456 2260 nomen
1471 2227 1627 2272 Episcopi
1642 2253 1653 2269 ‚
1680 2227 1840 2263 honorem
1855 2254 1865 2270 ,
1891 2243 1929 2264 ac
1950 2242 2040 2264 com-

1205 2278 1399 2311 munionem
1421 2277 1561 2318 retinet‚
1590 2290 1658 2312 non
1673 2288 1783 2314 tamen
1795 2280 1971 2315 ordinandi
1986 2292 2040 2314 au-

1204 2326 1397 2361 thoritatem
1411 2352 1420 2367 ,
1447 2339 1508 2360 nec
1522 2328 1743 2370 sacrificandi,
1770 2331 1830 2363 nisi
1843 2338 1861 2364 a
1879 2330 1947 2364 loci
1963 2330 2040 2374 Epi-

1204 2378 1304 2420 scopo
1318 2378 1372 2421 ipsi
1396 2377 1430 2411 id
1446 2377 1623 2413 deferatur.
1653 2391 1683 2423 p.
1696 2389 1776 2428 402.
1804 2381 1838 2415 &
1850 2382 1913 2425 seq.

1368 2481 1525 2512 Decretum
1562 2481 1598 2515 dc
1623 2480 1806 2524 Meffirlt‘anis
1815 2507 1825 2515 .

1154 2577 1275 2613 Clerici
1286 2578 1474 2614 Messaliani
1488 2579 1527 2615 ad
1540 2580 1719 2616 Ecclesiam
1733 2581 2035 2623 reduces‚maneant

1203 2629 1324 2664 Clerici
1339 2643 1346 2662 :
1359 2630 1452 2664 Laici
1467 2630 1507 2664 ad
1519 2632 1793 2666 communionem
1806 2631 2032 2667 admittantur.

1202 2678 1413 2722 Presbyteri,
1440 2681 1488 2714 vel
1501 2682 1646 2715 Diaconi
1658 2682 1693 2715 in
1710 2682 1767 2716 illa
1779 2681 1881 2717 haeresi
1894 2684 2039 2726 pertina-

1200 2741 1253 2764 ces
1263 2730 1418 2765 excidant
1435 2731 1453 2764 ὲ
1467 2731 1567 2765 Clero
1579 2755 1590 2771 ‚
1617 2731 1719 2776 gradu
1733 2756 1743 2773 ‚
1769 2733 1803 2766 δε
1830 2733 2038 2767 communio-

1201 2792 1263 2822 ne;
1290 2780 1382 2814 Laici
1407 2780 1484 2814 vero
1498 2782 1848 2816 excommunicentur.
1878 2782 2034 2817 Conviffl

1201 2842 1271 2864 non
1294 2830 1523 2874 permittantur
1544 2830 1662 2865 habere
1674 2832 1884 2866 monasteria.
1911 2832 2035 2867 Asceti-

1201 2892 1266 2915 con
1294 2883 1306 2919 (
1325 2880 1406 2914 liber
1429 2881 1475 2915 ita
1486 2880 1612 2924 dictus)
1636 2880 1973 2917 anathematizentur.
2001 2895 2033 2930 p.

1201 2940 1280 2979 404.
1309 2931 1342 2964 ὃς
1355 2931 1416 2977 seq.

1151 3034 1309 3065 Decretum
1331 3034 1369 3066 de
1389 3031 1518 3073 Ecclesia
1540 3035 1671 3073 Europae
1690 3055 1701 3072 ,
1726 3043 1795 3075 quae
1818 3031 1857 3074 est
1879 3032 2032 3072 Thraclcae

1411 3079 1568 3124 Dioeceseos
1583 3084 1749 3119 Provincia
1760 3108 1767 3114 .

1151 3181 1315 3225 Euprepio
1329 3205 1340 3222 ‚
1361 3182 1394 3215 ἀ
1405 3180 1534 3223 Cyrillo
1546 3181 1785 3227 postulantibus
1797 3193 1940 3220 veterem
1953 3197 2030 3220 con-

1199 3231 1404 3266 suetudinem
1415 3231 1553 3272 servari,
1580 3243 1616 3268 ut
1627 3245 1745 3278 nempe
1763 3235 1798 3268 in
1822 3235 1953 3279 Europa
1969 3236 2030 3269 Ec-

1199 3282 1296 3317 clefiae
1307 3279 1504 3315 cathedrales
1515 3282 1614 3317 unitae
1625 3308 1635 3324 ‚
1664 3285 1708 3320 ita
1720 3295 1932 3330 permaneant
1943 3311 1954 3328 ‚
1975 3297 2030 3321 an-

1199 3332 1328 3368 nuitur.
1356 3343 1385 3378 p.
1395 3341 1475 3379 407.
1502 3331 1534 3366 &
1561 3333 1623 3377 seq.

1897 3535 1983 3569 NOI
