2346 3776
56 336 145 376 Epist.
161 348 187 367 1.

52 1698 135 1739 Epist.
148 1711 190 1731 10.

54 2117 193 2158 Epist.66.

587 97 1008 163 &homiaem
1033 77 1671 149 NoT1s1LLUsTRATi·

231 195 299 217 nem
312 195 369 216 non
379 186 543 224 impetrant
553 205 561 212 .
588 178 730 213 Causam
759 178 814 213 dat
828 180 963 214 Sanetus
975 177 1112 222 Cypria-

232 245 295 268 nus
317 235 352 268 in
373 234 519 266 sermone
540 228 581 264 de
603 230 812 271 eleemosyna
835 228 947 264 dicens
964 229 1003 262 ad
1016 228 1110 270 quos-

233 284 309 318 dam
322 293 435 317 avaros
446 275 587 314 divites:
614 282 757 321 Locuples
784 279 917 313 &dives
929 291 960 311 es
975 304 986 319 ,
1013 275 1067 321 qut
1076 283 1108 310 in

236 336 433 371 dominicum,
460 329 494 363 id
517 328 563 364 est
586 354 597 369 ,
623 329 799 363 Ecclefiam
818 327 881 372 ſjne
896 326 1038 371 sacrificio
1058 339 1114 362 ve-

234 389 303 425 m's;
329 388 508 424 quipartem
519 381 556 412 de
561 379 726 423 sacrificio,
752 375 837 422 quod
849 374 967 420 pauper
984 379 1091 430 obtqltt
1109 402 1118 417 ,

229 428 345 478 Jumts.
367 431 411 464 Er
433 430 821 473 Sanaus'Hieronymus
843 429 878 462 in
902 428 1049 479 Epistola
1075 427 1117 462 ad

236 481 461 517 Heliodorum
484 479 686 514 monachum
710 492 717 511 :
755 480 862 512 Clerici
888 479 926 511 de
946 480 1040 517 altari
1073 478 1118 512 vi-

231 540 314 565 vunt
326 545 340 573 ,-
367 529 441 564 mibi
460 528 648 571 monacho,
675 527 970 572 quafi·infrud?uosae
993 529 1115 577 arbori,

225 580 338 626 [εικῆ]
353 583 398 614 ad
406 582 537 614 radicem
552 586 698 622 ponitur,
716 578 860 621 fimunus
884 580 929 611 ad
946 576 1043 612 altare
1058 590 1115 611 non

229 631 331 673 defero
351 655 359 664 .
398 635 465 664 Nec
479 632 590 673 poffum
611 630 766 663 obtendere
788 637 1022 671 paupertatem.
1050 628 1113 662 Pa·
1138 636 1143 641 '

231 694 308 716 nem
319 707 328 723 ‚
357 681 391 716 δε
401 682 516 714 vinum
527 680 583 714 fibi
594 681 629 713 in
643 677 882 713 Eucharistiam
894 677 1110 712 consecranda

230 732 315 766 olim
326 731 481 766 offerebat
492 730 630 774 populus
644 742 652 772 ;
670 729 711 764 de
721 729 831 763 alieno
841 729 1032 772 participare
1045 737 1112 762 erat

231 782 385 816 illicitum
398 806 409 823 ,
421 793 458 814 ac
469 779 657 815 sordidum:
683 778 754 825 Qui
766 790 834 813 non
846 777 1004 812 offerebat
1017 802 1028 818 ,
1043 789 1109 811 non

231 832 378 866 sumebat
389 854 400 871 ,
411 830 552 872 ideoque
565 829 675 863 omnis
686 829 727 863 ab
737 828 909 863 oblatione
920 829 1089 871 suspensus
1102 852 1111 867 ,

230 881 398 924 suspensus
407 890 474 914 erat
500 879 534 913 ἀ
546 879 564 912 a
577 879 761 923 sumptione
773 905 780 911 .
809 879 902 912 Hinc
914 879 1012 913 toties
1024 877 1110 921 apud

229 932 384 975 antiquos
409 929 551 975 legimus
572 954 583 969 ,
614 931 693 970 EJ'us
719 929 826 962 oblatio
853 941 910 962 non
928 934 1108 971 reciplatur.

228 981 310 1014 Hoc
321 980 386 1015 est:
412 979 580 1014 Sacrificio
592 979 724 1023 quidem
736 979 840 1013 adesse
861 979 957 1022 poffit
978 989 1055 1013 cum
1077 979 1111 1011 fi-

227 1030 380 1070 delibus,
407 1029 518 1063 verum
542 1029 583 1063 de
604 1030 663 1063 illo
678 1041 745 1063 non
771 1030 951 1073 percipere:
978 1029 1023 1062 Et
1045 1027 1110 1062 hoc

228 1079 275 1114 est
287 1081 531 1114 communicare
546 1080 622 1113 solis
633 1079 839 1114 orationibus
852 1104 858 1110 .

278 1130 389 1173 Hujus
400 1130 444 1164 rei
456 1130 613 1164 memoria
624 1129 731 1164 adhuc
754 1129 891 1173 superest
914 1129 948 1163 in
962 1129 1108 1163 Romani

228 1179 370 1214 Miffalis
383 1180 542 1214 Canone:
570 1180 812 1215 Oramusenim
824 1181 934 1214 Deum
958 1190 1017 1223 pro
1041 1189 1109 1212 om-

229 1229 423 1271 nibusillis,
451 1230 506 1273 qui
519 1230 572 1273 ipfi
585 1230 727 1264 offerunt
749 1229 814 1263 hoc
825 1229 1017 1263 sacrificium
1045 1229 1109 1262 lau-

229 1279 304 1320 dis,
330 1280 363 1314 id
385 1280 450 1320 est,
479 1280 534 1322 qui
558 1277 636 1312 huic
659 1280 819 1313 sacrificio
844 1290 982 1322 panem,
1008 1279 1042 1312 dc
1067 1279 1110 1311 vi-

229 1341 311 1363 num
324 1330 460 1363 solemni
474 1330 537 1362 ritu
550 1328 792 1362 ministrarunt.
821 1328 936 1363 Hodie
948 1330 1028 1362 item
1041 1328 1111 1362 usu-

228 1380 327 1419 rarii,
353 1379 651 1421 &aliivpeccatores
682 1379 805 1422 publici
826 1379 950 1412 miffam
977 1379 1108 1422 quidem

228 1429 342 1463 audire
354 1451 365 1469 ,
394 1428 446 1463 sed
466 1427 507 1462 ad
518 1429 620 1471 ipsam
633 1429 747 1462 offerre
759 1453 770 1468 ,
796 1434 856 1462 nec
867 1428 908 1462 de
930 1428 995 1472 ipsa
1008 1429 1110 1462 sume-

229 1490 264 1513 re
274 1479 428 1522 possunt,
453 1478 543 1522 quod
555 1490 598 1513 ex
618 1477 790 1522 disciplina
813 1479 948 1522 antiqua
970 1478 1016 1511 est
1040 1489 1110 1512 ora·

228 1529 378 1562 tionibus
386 1529 452 1561 sine
464 1528 634 1562 oblatione
645 1529 891 1563 communicare
903 1552 910 1560 .

282 1579 335 1611 Ex
355 1577 473 1612 eodem
495 1578 658 1621 principio
682 1577 940 1612 Confistentium
966 1582 1106 1618 Nomen,

227 1629 276 1662 uti
290 1629 435 1672 loquitur
447 1628 581 1661 Sanstus
606 1628 792 1671 Cyprianus
806 1652 815 1667 ,
842 1627 940 1668 efferri
963 1639 1031 1662 non
1055 1639 1110 1671 po-

225 1687 312 1712 terat
332 1702 343 1718 ,
372 1678 427 1711 seu
455 1678 583 1711 recitari
610 1678 650 1710 ad
677 1677 777 1711 altare
799 1690 805 1709 :
833 1677 1003 1719 Nequibat
1025 1702 1034 1718 ,
1064 1679 1106 1711 in·

227 1739 328 1770 quam
349 1751 360 1767 ,
386 1739 445 1770 pro
471 1727 546 1771 ipfis
571 1726 741 1770 expreffim
761 1728 845 1761 orari
870 1728 906 1761 in
929 1728 1107 1761 sacrificio.

227 1778 332 1820 Cujus
342 1778 431 1811 enim
445 1778 578 1819 persona
599 1777 764 1811 arcebatur
777 1777 981 1817 ,·arcebatur
1007 1779 1041 1811 &
1052 1789 1108 1811 no-

227 1838 324 1861 men.
354 1826 397 1860 Et
410 1825 488 1860 hinc
502 1849 512 1867 ,
539 1827 698 1870 quoniam
720 1828 855 1869 antiqua
865 1827 1037 1872 disciplina
1049 1837 1110 1861 tra-

228 1877 336 1911 &abat
357 1877 470 1911 eadem
492 1877 566 1922 lege
577 1887 747 1916 mortuos,
775 1888 838 1919 qua
864 1877 899 1910 δεῖ
921 1878 1032 1917 vivos,
1057 1889 1110 1911 eo-

229 1939 302 1961 rum
322 1938 390 1961 non
411 1937 543 1969 accepta
562 1927 766 1960 Perfestione
786 1926 1017 1961 decedentium
1040 1939 1106 1961 non

227 1975 602 2020 recipiebaturoblatio,
631 1988 691 2010 nec
702 1976 859 2010 solemnia
874 1977 1022 2011 Eccleliae
1048 1978 1109 2010 suf-

228 2028 334 2071 fragia
345 2027 409 2060 illis
422 2026 565 2061 fiebant:
592 2027 661 2060 fieri
675 2027 766 2060 enim
782 2038 850 2063 non
863 2037 1015 2070 poterant
1042 2027 1108 2060 fine

227 2077 400 2111 oblatione
411 2077 579 2118 nominis,
606 2077 656 2110 uti
678 2076 787 2110 scribit
809 2076 897 2110 idem
921 2076 1108 2121 Cyprianus

227 2126 270 2160 ad
282 2127 458 2161 Ecclesiam
471 2128 687 2161 Furnensesn.
716 2126 764 2160 At
775 2126 916 2171 rigorem
937 2125 1028 2165 hunc
1050 2139 1106 2170 po-

173 2208 175 2211 .
226 2177 343 2210 sterior
355 2175 527 2219 disciplina
550 2177 734 2221 mitigavit.

54 2311 114 2345 L5.
127 2308 211 2347 Epist.

56 2358 153 2386 4243·

278 2225 393 2259 Aliam
404 2226 662 2261 Confistentium
673 2237 801 2270 poenam
817 2225 950 2260 adducit
974 2227 1108 2260 Sanetus

229 2276 409 2320 Gregorius
422 2277 455 2310 in
469 2276 624 2319 Epistolis
635 2276 673 2310 ad
688 2275 892 2310 Venantium
905 2276 1082 2310 Patricium
1096 2301 1105 2317 ,

228 2327 262 2360 δε
285 2326 443 2369 Ioannem
466 2326 627 2369 Syracusae
655 2327 854 2369 Episcopum
877 2339 884 2359 :
920 2327 1043 2361 Eorum
1071 2328 1103 2359 in

228 2376 333 2410 domo
345 2375 501 2419 nequibat
522 2376 614 2410 miffa
635 2376 808 2410 celebrari.
838 2376 881 2410 Et
902 2374 981 2410 hinc
1003 2378 1037 2410 in
1057 2375 1106 2411 di—

228 2427 318 2460 {ium
331 2426 491 2468 Ioannem
500 2451 512 2468 ,
538 2426 628 2470 quod
639 2426 707 2470 ejus
717 2425 920 2461 oblationem
936 2426 1037 2471 recipi
1048 2438 1107 2461 no·

1888 114 1988 163 257

1184 177 1266 211 luiff
1263 186 1296 212 et
1309 201 1321 218 ‚
1345 175 1539 221 indignatus
1551 176 1741 213 Venantius
1753 179 1874 215 milites
1887 183 1961 217 suos
1972 187 2067 216 immi-

1180 227 1214 268 fit
1250 235 1284 260 in
1306 223 1486 269 Epifiopum
1508 251 1520 268 ,
1559 226 1684 269 diversa
1709 227 1823 262 hostili
1853 243 1944 267 more
1978 232 2066 266 mala

1182 274 1430 311 commissuros.
1457 277 1502 322 Et
1525 277 1671 322 Eugenii
1693 276 1900 323 Imperatoris
1918 281 2067 316 Comites

1185 327 1359 378 frenduiffe
1382 326 1418 359 in
1439 312 1595 361 &anctum
1619 326 1830 363 Ambrofium
1850 353 1861 369 ‚
1887 330 1978 372 qued
1996 332 2066 374 ejus

1182 377 1366 412 oblationes
1376 378 1536 420 respueret
1549 401 1560 418 ‚
1588 376 1700 412 scribit
1712 376 1884 421 Presbyter
1894 378 2063 413 Paulinus.

1183 428 1259 460 Erat
1272 428 1361 461 enim
1374 438 1469 471 poena
1483 428 1628 462 infamiae
1638 429 1735 471 plena
1750 454 1761 470 ,
1787 429 1822 463 ἀ
1835 428 1936 462 futuri
1957 428 2064 463 divini

1178 476 1292 520 judicii
1307 488 1466 521 magnum
1490 477 1711 521 praejudicium
1724 504 1735 520 ‚
1762 479 1811 512 uti
1834 489 1911 512 curn
1932 478 2062 513 Tertul-

1180 528 1269 562 liano
1292 527 1390 562 tradit
1412 527 1448 561 in
1471 527 1743 573 quinquagesima
1765 528 1906 563 homilia
1926 527 2060 563 Sanetus

1180 577 1388 622 Augustinus
1400 602 1407 609 .

1236 628 1404 676 roirca
1426 626 1648 662 Consistentes
1668 637 1762 662 erant
1784 626 1930 664 omnin&
1950 626 2058 663 adhuc

1178 676 1382 713 Poenitentes
1392 702 1402 718 ,
1414 678 1688 721 convincuntque
1700 678 1830 713 nostros
1841 677 2060 719 Lutheranos‚

1175 727 1207 760 δε
1219 727 1417 762 Calvinistas
1429 751 1440 768 ,
1467 727 1691 763 existimantes
1701 729 1833 763 remisso
1845 739 1979 772 peccato
1987 727 2061 762 nui·

1178 777 1244 811 lum
1257 779 1347 822 poffe
1359 777 1474 816 restare
1485 789 1637 820 naevum,
1663 778 1795 813 nullum
1821 778 1972 813 debitum
1993 789 2060 822 poe-
2112 816 2119 825 ἃ

1177 828 1258 862 nalis
1285 828 1531 863 satisfastionis.
1999 858 2003 865 ‚

1223 877 1317 912 Hinc
1336 878 1354 912 ὲ
1366 878 1587 914 Confistentia
1605 878 1647 913 ad
1665 877 1904 914 Perseaionem
1929 875 2061 912 adscen-

1173 928 1252 962 suris
1262 928 1464 972 repetebatur
1473 927 1724 964 Reconciliatio
1737 954 1748 970 ,
1772 928 1976 969 dabaturque
1988 927 2056 962 alia

1172 977 1239 1019 ejus
1249 978 1390 1021 species,
1417 978 1459 1013 de
1478 989 1544 1020 qua
1566 980 1628 1014 suo
1645 980 1723 1013 loco
1736 1004 1743 1011 .
1770 978 1936 1025 roirca
1962 978 2059 1021 Joan-

1175 1039 1230 1063 nes
1252 1028 1367 1062 Abbas
1390 1028 1432 1063 de
1454 1027 1581 1062 Raithu
1602 1053 1613 1069 ‚
1650 1030 1683 1062 in
1707 1028 1851 1063 Scholiis
1872 1028 1912 1062 ad
1933 1028 2056 1061 scalam

1174 1077 1310 1120 IoanniS
1321 1078 1463 1112 Climaci
1478 1102 1488 1117 ,
1514 1078 1598 1112 male
1609 1080 1704 1122 ponit
1725 1080 1872 1121 quinque
1896 1078 2057 1121 poeniten-

1174 1128 1258 1161 tium
1279 1128 1410 1164 classes:
1437 1127 1600 1163 Perfefflo
1621 1130 1712 1163 enim
1735 1140 1805 1163 non
1829 1127 1934 1163 claffis
1957 1137 2026 1161 erat
2041 1151 2054 1167 ‚

1174 1177 1227 1212 sed
1240 1178 1360 1212 fructus
1379 1178 1601 1222 poenitentiae.

1221 1227 1328 1261 Porro
1338 1227 1460 1263 Canon
1484 1228 1591 1263 noster
1601 1227 1681 1262 sistit
1702 1229 1735 1261 in
1749 1226 1868 1263 horum
1889 1227 2054 1271 lapsorum

1173 1275 1417 1318 Consistentia,
1446 1277 1532 1312 nihil
1558 1279 1690 1321 penituS
1716 1278 1861 1314 statuens
1872 1277 1914 1312 de
1940 1287 2056 1311 eorum

1175 1327 1378 1362 Perfeitione
1403 1353 1414 1369 ‚
1450 1330 1503 1362 seu
1532 1328 1727 1362 admiffione
1752 1328 1792 1362 ad
1808 1328 2055 1364 'sacrosanctam

1175 1377 1413 1412 Eucharistiam
1434 1404 1441 1410 .
1469 1377 1601 1422 Nempe
1628 1379 1719 1421 supra
1747 1378 1823 1411 illos
1849 1377 2056 1411 humanitate

1174 1427 1332 1472 indignos
1357 1427 1464 1468 dixit,
1493 1427 1636 1471 ideoque
1663 1428 1818 1472 dignatur
1846 1427 1914 1460 sola
1942 1426 2056 1459 Confi-

1175 1477 1290 1511 stentia
1314 1501 1325 1517 ,
1352 1476 1463 1519 quoad
1483 1476 1725 1511 Perfestionem
1753 1476 1870 1511 volens
1896 1477 2056 1510 servatum

1173 1528 1315 1574 rigorem
1325 1527 1520 1571 antiquum.
1541 1526 1691 1561 Secunda
1714 1526 1868 1571 Synodus
1887 1525 2058 1560 Arelaten-

1174 1578 1212 1610 fis
1225 1576 1354 1612 addidit
1375 1575 1461 1611 hanc
1482 1576 1766 1611 moderationem:
1794 1579 1831 1609 In
1846 1576 1990 1618 potestate
2010 1584 2058 1607 ta-

1173 1638 1239 1660 men
1267 1629 1320 1660 vel
1327 1627 1452 1660 arbitrio
1454 1626 1495 1668 fit
1507 1625 1670 1669 Episcopi,
1695 1636 1730 1659 ut
1733 1626 1765 1668 fi
1769 1639 1815 1660 eos
1837 1638 1875 1660 ex
1888 1632 1988 1659 animo
2008 1627 2058 1658 de·
2077 1629 2110 1658 C·
2129 1636 2173 1656 ιι.

1169 1676 1238 1716 flere
1252 1700 1262 1716 ,
1287 1678 1323 1710 e>-
1336 1682 1643 1720 agerepoenttentiam
1654 1678 1790 1716 viderit,
1817 1677 1863 1709 ad
1885 1681 2058 1711 communio.

1173 1738 1239 1759 nem
1245 1735 1302 1768 pro
1312 1730 1343 1759 E
1344 1725 1510 1768 cclefiastica
1535 1726 1723 1760 humanitate
1737 1725 1884 1770 suscipiat
1895 1751 1902 1760 .

1221 1777 1349 1817 Hunc,
1374 1776 1521 1820 aliosque
1543 1776 1577 1810 id
1599 1788 1704 1822 genus
1716 1777 1876 1820 plurimos
1901 1776 2059 1811 Canones

1173 1827 1325 1871 antiquos
1345 1827 1476 1870 respicit
1498 1828 1705 1861 Sacrosansta
1727 1826 1929 1862 Tridentina
1951 1828 2059 1871 Syno-

1173 1875 1232 1911 dus
1255 1877 1290 1910 in
1310 1876 1443 1911 decreto
1455 1876 1497 1911 de
1520 1875 1751 1911 satisfactionis
1765 1876 1968 1911 necessitate.
1997 1879 2057 1909 De·
2072 1895 2136 1930 sem
2149 1909 2193 1936 ¹⁴·

1173 1926 1241 1959 bent
1251 1927 1420 1960 sacerdotes
1434 1930 1577 1967 Domini,
1603 1936 1752 1968 quantum
1763 1929 1894 1969 Spiritus
1908 1951 1918 1967 ,
1940 1928 2053 1969 &pru-
2072 1938 2128 1970 ω,

1172 1977 1279 2010 denna
1285 1975 1456 2020 suggefferit
1472 2001 1483 2017 ‚
1503 1985 1561 2019 pro
1571 1980 1719 2019 qualitate
1733 1982 1889 2011 crimmum
1902 2001 1913 2019 ,
1939 1979 1974 2011 (ι’
1991 1979 2056 2010 Pau

1173 2032 1331 2059 nitentium
1346 2026 1498 2068 facultate
1514 2025 1690 2070 salutares,
1717 2029 1752 2061 Gt
1770 2034 1979 2062 convenientes
2003 2028 2056 2059 Sa-

1172 2075 1357 2117 tisfac‘liones
1381 2079 1536 2120 injungere
1560 2090 1572 2109 .·
1607 2088 1644 2110 ne
1662 2076 1786 2118 fisci-te*
1806 2083 1937 2119 peccatis
1959 2083 2055 2110 conni-

1173 2135 1267 2158 veant
1279 2150 1290 2166 ,
1316 2127 1351 2160 (π
1372 2127 1577 2171 indulgentius
1597 2138 1663 2159 cum
1690 2127 1913 2160 Poenitentibus
1938 2136 2056 2170 agant,

1172 2177 1312 2216 levtffima
1332 2177 1477 2218 quaedam
1495 2185 1584 2217 opera
1601 2185 1659 2218 pro
1674 2178 1856 2219 gravtffimis
1879 2178 1996 2210 delidlis
2009 2184 2054 2209 in-

2122 1472 2143 1490 V

1164 2227 1319 2270 jungendo
1332 2249 1342 2266 ,
1368 2227 1721 2267 alienorumpeceatorum
1741 2233 1907 2268 participes
1929 2227 2052 2268 effician-

1171 2285 1220 2309 tur
1236 2302 1243 2309 .
1271 2274 1443 2319 Ejusmodi
1456 2276 1644 2310 Sacerdotes
1654 2278 1788 2311 Sanstus
1801 2277 1988 2320 Cyprianus
2001 2287 2055 2309 vo·
2072 2280 2210 2320 Epist-10.

1171 2334 1222 2360 cat
1232 2324 1472 2360 Poenitentium
1498 2326 1707 2368 deceptores,
1733 2328 1791 2371 qui
1803 2326 1879 2360 illos
1892 2351 1902 2366 ,
1928 2336 1965 2360 ut
1990 2337 2055 2361 ma-

1171 2377 1222 2420 gis
1234 2385 1366 2420 pereant
1375 2400 1386 2418 ,
1411 2376 1446 2411 dc
1458 2376 1599 2421 amplius
1609 2375 1728 2411 cadant
1738 2402 1749 2419 ,
1777 2377 1951 2412 seducunt.

714 2620 889 2689 o'A
958 2634 1015 2688 N
1084 2636 1139 2689 o
1209 2630 1281 2688 N
1382 2632 1572 2687 XII.

501 2894 604 2944 vero
641 2894 696 2943 ad
730 2898 951 2964 proprium
987 2899 1202 2946 vomitum
1250 2893 1346 2945 sunt
1382 2895 1532 2962 relapsi
1561 2932 1574 2956 ,
1622 2898 1685 2943 ita
1721 2910 1770 2943 ut
1805 2894 2054 2962 quidam-s,

227 2793 229 2795 >
464 2757 713 2822 Uicumque
749 2758 897 2805 vocati
937 2774 1013 2823 per
1047 2758 1233 2819 gratiam
1268 2775 1285 2816 ³,
1333 2757 1520 2824 primum
1569 2754 1749 2821 quidem
1798 2756 2054 2822 impetum-2

232 2756 466 3022 Q
501 2826 841 2875 monstraverunt
864 2863 877 2886 ,
925 2827 1191 2894 deponentes
1228 2826 1396 2877 miliriae
1430 2827 1649 2888 cingulum
1675 2862 1688 2885 ,
1717 2823 2055 2892 postmodum...

501 2970 544 3013 &
579 2969 780 3031 pecunias
818 2965 1052 3016 tribuerent
1076 3003 1089 3027 ,
1124 2971 1167 3015 &
1203 2966 1419 3015 beneficiis
1456 2967 1659 3014 militiam
1693 2981 1970 3032 repeterent3
2007 2966 2054 3015 lu

495 3034 647 3083 decem
683 3039 804 3085 annis
838 3073 851 3097 ,

899 3037 994 3104 post
1029 3039 1205 3086 triennii
1254 3052 1424 3103 tempus
1457 3073 1471 3095 ,
1518 3053 1610 3102 quo
1655 3037 1767 3084 inter
1813 3034 2054 3085 Audientes

229 3119 357 3153 erunt
383 3141 396 3164 ,
433 3106 478 3152 in
513 3104 745 3154 afflictione
780 3123 1060 3174 permaneant
1085 3144 1097 3155 .
1136 3105 1216 3156 Sed
1251 3108 1297 3154 in
1333 3107 1399 3153 his
1434 3104 1635 3154 omnibus
1669 3106 1936 3174 propositum
1961 3141 1975 3168 ,
2009 3110 2054 3155 δε

231 3173 415 3242 speciem
451 3177 718 3242 poenitentiae
753 3179 959 3225 convenit
995 3178 1215 3244 explorare
1237 3212 1249 3224 .
1300 3181 1534 3243 Qotquot
1580 3177 1696 3225 enirn
1732 3192 1877 3238 metu,
1912 3181 1955 3226 δε
1990 3177 2053 3225 la-

231 3247 394 3310 crymis
420 3280 434 3304 ,
491 3260 624 3311 atque
659 3247 871 3312 patientia
889 3281 905 3306 ,
953 3248 1024 3296 vel
1060 3247 1183 3296 bonis
1220 3245 1421 3313 operibus
1447 3281 1460 3305 ,
1505 3244 1629 3293 rebus
1666 3244 1764 3313 ipsis
1809 3246 2052 3297 conversio-

233 3329 334 3360 nem
368 3313 484 3363 suam
532 3333 619 3363 non
655 3315 923 3365 simulatione
969 3315 1260 3367 demonstrant
1297 3337 1310 3374 3
1359 3315 1405 3363 hi
1441 3313 1667 3364 definitum
1723 3331 1895 3384 tempus
1928 3314 2052 3364 audi-

232 3384 368 3430 tionis
403 3386 656 3452 implentes,
691 3401 785 3434 tum
808 3384 983 3435 demum
1016 3387 1213 3436 fidelibus
1250 3388 1296 3433 in
1330 3387 1526 3434 oratione
1549 3389 1898 3435 communicent:
1937 3385 2050 3452 post-

233 3449 413 3501 modum
449 3455 553 3503 vero
589 3455 738 3504 licebit
774 3455 991 3525 Episcopo
1022 3456 1079 3507 de
1115 3459 1182 3506 his
1218 3454 1387 3523 aliquid
1422 3455 1648 3505 humanius
1682 3459 1902 3520 cogitare·
1941 3456 2052 3519 Qi-

331 3525 757 3561 canonesc0nc.N1·c.Tom.1.
1534 3523 1568 3561 K
1592 3523 1618 3561 k
1915 3531 2004 3558 Cum·
