2346 3776
205 423 278 464 cap,
289 435 315 461 ς..

190 1563 292 1602 (3334-

190 2576 279 2615 Cap.r
289 2585 313 2605 1.

341 165 428 204 rium
441 187 453 204 ‚
477 161 512 198 δε
525 162 574 199 uti
585 163 742 209 plurimos
754 175 790 197 ac
803 164 966 208 gloriosos
977 167 1140 209 Martyres
1149 183 1160 205 >‚
1179 165 1223 200 ita

340 213 440 248 nobis
453 215 576 259 peperit
589 215 727 258 plurima
748 215 938 259 naufragia,
964 216 1122 260 plurimos
1142 216 1225 259 Lap-

338 264 402 298 sos.
429 262 542 308 Hujus
561 264 801 299 persecutionis
819 265 993 299 exordium
1005 277 1104 309 atque
1113 264 1226 299 decur-

339 315 414 348 sum
427 314 565 359 propriis
583 313 691 348 oculis
711 313 794 348 vidit
814 314 1007 350 Lactantius
1029 316 1222 350 Firmianus.

337 364 528 403 Audiamus
547 364 616 408 ejus
636 364 672 396 in
693 362 813 407 quinto
838 365 1034 400 Divinarum
1044 365 1227 400 Institutio-

341 426 426 450 num
448 414 552 449 Libro
574 412 673 448 verba
695 427 702 446 :
733 417 806 458 ⁴Ego
825 416 890 448 cum
906 422 939 449 in
954 409 1101 455 ‘Bithynia
1121 421 1225 449 Orato-

336 471 405 499 rias
424 468 546 497 Litcras
565 468 679 497 accitus
705 465 837 500 docerem
856 490 867 506 ,
892 467 1106 511 contigtffetque
1127 467 1226 499 eodem

339 523 488 560 tempore?
514 522 549 546 ut
573 516 630 547 Dei
651 516 807 556 Templum
831 526 1016 550 everteretur
1035 541 1046 557 ,
1072 518 1130 550 duo
1143 514 1227 555 exsti-

335 573 438 598 rerunt
450 562 582 604 ibidem,
607 570 660 606 qui
674 562 792 605 jacenti
817 575 909 609 atque
926 567 1054 608 abjec‘lae
1077 570 1225 605 veritati,

335 611 428 656 nescio
437 612 703 661 utrumsuperbius
715 638 727 655 ‚
752 627 794 649 an
813 618 1010 659 importunius
1031 615 1218 659 insultarent.

335 662 525 708 Augustum
546 663 755 699 Diocletiani
777 666 930 701 Edictum
941 665 1118 700 mandabat
1127 665 1223 708 dejici

332 725 452 748 omnes
464 712 729 749 Christianorum
741 716 918 752 Ecclesias:
947 717 991 750 Et
1001 716 1141 759 primam
1152 726 1225 749 exe-

333 765 504 807 cutionem
528 764 596 797 fieri
616 764 807 801 Lastantius
829 767 912 800 vidit
934 765 1138 800 in'Ecclesia
1162 765 1224 799 Ni-

331 815 540 849 comedienli.
567 812 668 849 lsthic
679 815 769 850 enirn
782 815 952 851 habitabat
969 815 1108 850 crudelis
1121 815 1223 859 Impe-

333 875 427 899 rator.
456 866 536 901 Duo
550 864 599 899 illi
612 866 668 909 qul
681 866 791 900 feralia
819 865 935 901 Edicta
955 866 1053 901 editis
1073 865 1222 900 adversus

332 914 554 950 Christianam
587 915 804 961 Religionem
827 916 938 952 Libris
966 926 1222 960 promoverunt,

330 976 423 999 erant
436 966 605 1000 sceleratus
628 966 854 1010 Porphyrius,
878 968 912 1001 ὅ(
935 966 1110 1002 Hierocles
1135 965 1221 1010 apud

333 1014 519 1059 AEgyptios
539 1015 706 1050 Praefestus
734 1016 935 1062 Augustalis.
979 1021 1037 1050 Hic
1065 1015 1222 1059 composuit

331 1065 460 1099 Libellos
473 1068 547 1099 duos
561 1090 572 1106 ‚
597 1078 655 1099 non
679 1069 782 1100 contra
803 1066 988 1108 Christianos
1009 1093 1020 1108 ,
1048 1069 1087 1101 ne*
1100 1068 1220 1100 inimice

328 1114 470 1158 infht‘lari
491 1117 646 1149 videretur
660 1141 671 1157 ‚
692 1116 751 1160 sed
771 1119 815 1150 ad
834 1117 1038 1160 christianos,
1066 1127 1101 1151 ut
1118 1116 1222 1150 buma-

328 1164 368 1199 ne⁴
388 1168 422 1200 (tr
441 1166 566 1211 benigne
586 1165 732 1211 consulere
750 1176 919 1209 putaretur.
960 1173 997 1202 In
1032 1167 1138 1211 quibus
1169 1173 1219 1200 ita

321 1215 488 1258 falfitatem
500 1219 664 1259 scripturae
684 1220 784 1250 Sacrae
795 1229 920 1261 arguere
932 1227 1054 1251 conatus
1066 1216 1104 1256 est
1117 1240 1128 1256 ,
1155 1226 1221 1250 tan-

328 1278 421 1310 quam
429 1266 480 1307 fibi
493 1267 558 1310 ‘ff'
573 1276 636 1299 tota
644 1273 803 1300 contraria.
833 1270 919 1300 Nam
929 1268 1071 1310 quaedam
1083 1272 1197 1309 Capita
1208 1291 1219 1308 ‚

328 1327 399 1362 quae
408 1325 575 1360 repugnare
578 1316 635 1357 fibi
647 1316 830 1350 videbantur
844 1341 855 1358 ,
879 1316 1035 1362 exposuit,
1060 1318 1135 1351 adeo
1145 1318 1219 1350 mul—

330 1365 366 1400 ta
378 1391 388 1407 ,
414 1368 488 1400 adeo
503 1372 616 1400 intima
637 1379 818 1401 enumerans
841 1393 852 1408 ,
877 1376 911 1401 ut
935 1369 1100 1411 aliquando
1118 1379 1157 1401 ex
1171 1379 1220 1401 ea-

329 1418 399 1450 dem
412 1416 671 1462 Difiiplinafuiffe
682 1419 833 1451 videatur.
863 1418 995 1463 Utique
1006 1418 1122 1452 nostrae
1131 1416 1231 1462 Apo-¹

330 1465 421 1502 stata.
450 1468 571 1501 Forsan
586 1491 597 1507 ‚
622 1467 655 1501 &
679 1467 777 1502 istum
802 1468 994 1505 sceleratum
1013 1468 1155 1503 Librum
1166 1479 1220 1512 ap-

330 1518 466 1564 pellavit
478 1516 696 1553 '‘Philaletbem.
724 1517 822 1553 Adeo
832 1519 989 1564 antiquus
1001 1522 1046 1555 est
1059 1517 1115 1552 hic
1127 1530 1219 1553 men-

330 1569 418 1606 dacii
430 1571 533 1606 fucus.
561 1568 750 1605 Laclantius
761 1569 852 1606 addit
864 1569 906 1605 de
917 1570 1077 1604 Hierocle
1098 1580 1105 1602 :
1135 1573 1217 1602 Erat

328 1623 401 1655 'tunc
422 1623 459 1656 de
480 1632 600 1655 numero
612 1622 764 1666 Judicum
784 1646 795 1663 ,
829 1620 1147 1663 &Ausim-imprimis
1159 1619 1216 1660 fa-

326 1674 441 1706 ciendae
457 1670 668 1715 perftcutionis
684 1671 761 1714 fuit.
798 1673 869 1716 ‚Quo
889 1669 1000 1714 scelere
1020 1682 1078 1704 non
1096 1678 1216 1703 conten-

327 1733 379 1756 tus
391 1748 400 1763 ‚
427 1729 519 1756 etiam
538 1724 665 1764 Scriptis
675 1734 723 1756 eos
733 1747 744 1763 ,
771 1733 844 1765 quos
857 1720 1014 1763 afflixerat
1028 1745 1038 1761 ‚
1059 1719 1213 1763 insecutus

323 1772 372 1813 est.
400 1774 478 1806 Fuit
488 1770 570 1807 adeo
593 1771 821 1815 blasphemus,
846 1781 884 1805 ut
906 1770 1076 1806 Christum
1097 1770 1216 1805 Domi-

322 1834 407 1857 num
419 1821 648 1866 blasphemarit
661 1823 755 1856 fuisse
775 1821 946 1866 publicum
971 1821 1134 1855 latronem
1146 1844 1157 1860 ‚
1182 1820 1216 1853 &

321 1884 459 1919 magum
470 1872 610 1907 similem
622 1870 810 1915 Apollonio
821 1871 1008 1914 Tyannaeo.
1036 1870 1115 1904 Erat
1134 1879 1216 1903 tune

322 1923 494 1959 Praefestus
504 1921 705 1967 Augustalis.
733 1922 777 1956 Et
788 1919 854 1956 haec
865 1920 910 1954 est
929 1921 1038 1955 caussa
1059 1931 1117 1955 cur
1128 1918 1216 1963 apud

323 1974 519 2019 AEgyptum
532 1973 630 2007 fuerit
648 1968 814 2006 'durissima
835 1970 1034 2005 Persecutio.
1075 1969 1216 2013 Jacobus

323 2022 530 2059 Gotofredus
540 2021 705 2056 existimat
726 2021 790 2055 effe
811 2020 907 2054 illum
932 2021 1038 2064 ipsum
1058 2020 1097 2054 ad
1117 2030 1215 2062 quem

324 2072 505 2116 Caelesyriae
527 2071 743 2114 Consularem
764 2070 892 2104 exstant
912 2070 948 2103 in
960 2069 1089 2104 Codice
1100 2068 1216 2103 Theo-

324 2124 460 2158 dosiano
472 2122 543 2156 duae
553 2121 660 2166 Leges
672 2120 880 2165 Imperatoris
890 2118 1080 2154 Constantii
1093 2132 1100 2167 ς
1124 2119 1215 2153 Alte-

326 2186 363 2209 ra
381 2172 442 2208 sub
451 2171 553 2207 titulo
563 2171 606 2207 de
617 2171 691 2214 Jure
703 2170 789 2204 Fisci
804 2194 815 2210 ‚
840 2170 942 2204 altera
952 2168 1010 2203 sub
1021 2169 1122 2203 titulo
1135 2181 1216 2214 quo-

301 2252 309 2260 ,
326 2235 403 2261 xum
420 2221 674 2270 Appellationes
696 2232 766 2255 non
788 2219 997 2264 recipiantur.
1033 2218 1091 2253 Est
1113 2219 1214 2253 incer-

325 2286 408 2310 tum.
435 2271 727 2307 Mendaciffimum
747 2268 967 2306 Philalethem
990 2269 1116 2305 erudite
1136 2270 1216 2305 revi-

326 2326 374 2360 cit
385 2316 596 2360 Caesaraeen'fis
608 2321 777 2358 Eusebius.
1147 2345 1149 2347 r

377 2374 568 2410 Lastantius
579 2374 718 2408 affirmat
729 2371 909 2408 Christiani
928 2372 1090 2406 Nominis
1108 2371 1216 2405 Perse-

328 2435 458 2460 cutores
468 2424 561 2458 fuisse
572 2423 802 2458 crudeliffimas
812 2423 848 2457 in
862 2421 1007 2457 humana
1029 2423 1135 2456 forma
1154 2420 1216 2456 bel-

329 2476 400 2510 luas
409 2499 420 2515 ,
431 2472 537 2508 immo
547 2475 642 2508 omni
653 2473 759 2508 bellua
770 2472 1023 2519 truculentiores
1037 2496 1047 2513 ,
1059 2484 1097 2506 ac
1107 2472 1213 2516 pergit

329 2525 422 2560 istius
442 2524 685 2559 Persecutionis
705 2523 886 2557 barbariem
908 2533 1072 2566 exponere
1091 2534 1098 2554 :
1132 2524 1213 2564 ‚Quis

330 2573 484 2618 Caucasus
497 2599 507 2615 ‚
532 2585 601 2616 quae
611 2574 701 2606 India
714 2598 724 2614 ‚
735 2585 802 2616 quae
815 2575 960 2605 Hira-ania
970 2582 1034 2605 tam
1044 2578 1192 2604 immanes
1205 2597 1214 2611 ‚

329 2637 394 2660 tam
401 2624 615 2669 sanguinarias
624 2635 756 2666 unquam
769 2622 873 2661 bestias
882 2623 958 2655 aluit
970 2624 983 2654 ?
1009 2621 1215 2665 ,Quoniamfe-

330 2687 434 2710 rarum
443 2680 574 2708 omnium
585 2673 684 2707 rabies
695 2672 784 2716 usque
795 2673 839 2705 ad
846 2677 963 2705 ventris
971 2670 1146 2714 satietatem
1160 2670 1215 2712 fu-

329 2732 374 2760 rit
383 2751 393 2767 ‚
412 2725 557 2768 fameque
562 2723 676 2767 sedata
680 2724 819 2765 protinus
831 2721 1013 2765 conquiescit.
1048 2722 1107 2754 Illa
1116 2720 1153 2761 est
1165 2732 1215 2754 ve-

331 2789 369 2809 ra
385 2775 473 2817 bestia
485 2799 496 2815 ‚
533 2776 618 2815 cujus
640 2785 701 2807 una
716 2774 840 2814 juffione
854 2771 1003 2814 funditur
1025 2780 1090 2804 ater
1107 2770 1216 2813 ubique

332 2837 415 2859 cruor
427 2850 438 2866 ,
464 2826 593 2858 crudetis
604 2824 712 2866 ubique
723 2823 820 2857 ludus
833 2846 844 2862 ,
864 2819 972 2867 ubique
978 2829 1078 2863 pavor
1088 2846 1098 2862 ‚
1109 2822 1216 2862 &plu-

334 2881 412 2907 rima
423 2881 526 2907 mortis
537 2880 641 2918 imago.
656 2878 753 2906 Nemo
769 2872 860 2913 buius
874 2881 972 2904 tantae
985 2872 1100 2904 Belluae
1110 2877 1217 2903 imma-

336 2930 462 2958 nitatem
468 2924 559 2966 potest
565 2932 624 2966 pro·
632 2930 734 2957 merito
746 2921 906 2966 deftribere
916 2947 927 2962 ,
952 2933 1020 2964 quae
1031 2933 1088 2954 uno
1107 2923 1163 2953 Ioco
1173 2932 1218 2953 re-

336 2974 447 3008 cubans
455 2999 465 3014 ,
496 2983 598 3006 tamen
604 2983 661 3015 per
674 2983 765 3007 totum
773 2972 881 3006 Orbem
893 2971 1033 3005 dentibus
1036 2970 1152 3013 ferreis
1157 2969 1184 3013 s
1177 2982 1216 3004 ae-

336 3029 386 3056 vit
397 3047 407 3062 ,
433 3025 534 3058 &non
545 3025 662 3057 tantum
675 3034 762 3058 artus
778 3022 928 3056 hominum
949 3022 1082 3063 dzffipat‚
1103 3019 1163 3063 sed
1183 3022 1218 3054 Θ

337 3072 394 3115 offa
405 3071 469 3114 ipsa
480 3079 648 3106 comminuit
662 3097 671 3112 ‚
698 3075 732 3110 (τ’
743 3079 775 3106 in
785 3079 897 3106 cineres
899 3071 985 3114 furit
997 3096 1007 3111 ‚
1032 3072 1070 3105 ne*
1087 3079 1158 3113 quis
1167 3081 1217 3103 ex-

331 3120 557 3165 stetsepulturae
567 3123 652 3154 locus.
676 3122 772 3165 ,Quafi
779 3125 852 3156 vero
862 3123 899 3156 id
910 3121 1050 3162 affitc‘lent
1060 3127 1112 3163 qui
1121 3124 1218 3154 Deum

337 3170 513 3212 confitentur
535 3194 546 3210 ‚
572 3181 606 3203 ut
624 3173 668 3203 ad
686 3183 783 3204 eorum
803 3171 963 3214 Sepulchra
984 3177 1126 3205 veniatur
1149 3195 1160 3211 ,
1185 3180 1219 3203 ac

339 3231 398 3256 non
408 3229 442 3254 ut
454 3220 558 3261 ipfiad
568 3224 858 3261 Deum'perveniant.
896 3224 1050 3265 ,Quaenam
1071 3221 1124 3253 illa
1141 3220 1220 3262 feri-

340 3279 391 3307 tas
407 3293 418 3309 ,
442 3281 510 3311 quae
520 3269 620 3302 rabies
632 3294 643 3310 ‚
668 3269 736 3311 q'uae
746 3269 863 3312 insania
875 3272 913 3312 est
929 3273 1020 3305 lucem
1030 3276 1117 3305 vivis
1125 3295 1136 3311 ‚
1162 3280 1220 3303 ter-

341 3331 409 3356 ram
419 3313 541 3351 mortuis
552 3320 721 3362 denegasse?
755 3323 825 3352 Dico
834 3326 923 3363 igitur
936 3322 1014 3354 nibil
1022 3323 1073 3364 effi
1083 3318 1219 3363 miserius

342 3370 382 3406 iis
394 3367 641 3410 hominihus,quos
652 3367 799 3407 Ministros
802 3368 918 3409 furoris
930 3373 1032 3410 alieni,
1043 3382 1114 3413 quos
1126 3370 1221 3403 satel-

342 3421 412 3458 lites
432 3423 532 3460 impias
545 3419 675 3458 Juffionis
697 3419 840 3458 necesfitas
861 3428 915 3450 aut
932 3426 1051 3454 invenit
1073 3429 1128 3453 aut
1132 3418 1217 3461 fecit.

344 3472 416 3506 Non
424 3474 502 3508 enim
512 3467 600 3504 honor
612 3468 659 3504 ille
670 3492 681 3512 2
707 3477 759 3504 aut
778 3468 927 3511 proveiiio
950 3473 1115 3514 Dignitmis
1132 3469 1199 3512 fuit
1210 3494 1219 3511 ,

786 79 1232 139 DissERTA‘mo

1281 82 1706 143 Pkocmmms.

1288 163 1477 207 sedhomim's
1488 171 1642 206 damnatio
1651 173 1695 204 ad
1705 168 1907 213 carnificinam
1917 195 1928 212 ,
1955 174 2013 205 Dei
2031 170 2103 206 vera
2123 174 2168 206 ad

1289 218 1633 262 Poenamsempiternam,
1661 223 1743 265 ,Quae
1763 231 1863 255 autem
1880 230 1938 263 per
1954 231 2047 254 totum
2057 223 2166 257 Orbem

1286 264 1553 315 finguligeffi’rint,
1579 283 1721 305 enarrare
1741 271 1904 313 impqffibile
1919 271 1966 312 est.
1993 275 2077 316 ,Quis
2087 279 2168 307 enim

1291 318 1471 352 voluminum
1481 331 1622 353 numerus
1633 328 1739 363 capiet,
1750 331 1814 354 tam
1835 321 1954 363 infinita
1963 347 1975 363 ,
2000 331 2066 356 tam
2075 328 2168 357 varia

1286 378 1396 409 genera
1406 371 1593 403 crudelitatis
1604 372 1617 404 ?
1643 375 1766 412 Accepta
1776 377 1855 405 enim
1866 372 2012 414 Potestate
2022 397 2031 412 ‚
2037 380 2095 415 pro
2098 370 2168 416 ficis·

1291 417 1416 452 moribus
1427 418 1550 463 quisque
1556 419 1647 463 sevit.
1676 422 1734 453 Alii
1739 429 1809 462 prae
1819 427 1915 454 nimia
1923 425 2088 457 timiditate
2092 422 2168 465 plus

1290 466 1446 511 aufisunt,
1470 471 1562 512 quam
1565 470 1736 512 jubebatur.
1774 473 1834 504 Alii
1845 470 1900 514 suo
1915 478 2038 516 proprio
2056 475 2170 506 adver·

1289 517 1354 549 sum
1356 520 1390 562 J
1391 517 1464 558 ustos
1484 521 1549 553 odio
1558 544 1569 560 ,
1595 522 1722 563 quidam
1737 522 1869 554 naturali
1886 529 1996 556 mentis
2011 523 2145 565 feritate
2159 546 2171 563 ‚

1289 568 1420 600 nonnulli
1427 578 1463 602 ut
1468 570 1623 611 placerent
1635 595 1645 610 ‚
1671 573 1706 605 Θ
1717 570 1770 603 hoc
1780 572 1866 612 officio
1876 572 2023 614 vtamfibi
2033 575 2078 607 ad
2083 575 2170 607 amoe

1288 629 1324 649 ra
1332 623 1513 652 invenirent.
1540 622 1639 663 Aliqui
1654 622 1700 654 ad
1715 622 1904 654 occidendum
1921 630 2095 665 praecipites
2118 635 2169 656 ex·-

1280 666 1432 707 stiterunt.
1467 671 1548 703 Sicut
1568 682 1646 704 unus
1664 677 1697 703 in
1719 670 1848 714 Phrygia
1866 695 1876 710 ‚
1913 679 1965 713 qui
1996 672 2171 717 universum

1282 719 1422 759 populum
1432 719 1496 751 cum
1505 718 1566 763 spfh
1582 727 1702 762 pariter
1726 722 1940 754 conventiculo
1960 729 2168 756 concremavit.

1286 768 1346 799 sed
1363 767 1408 800 bic
1431 773 1542 811 quanto
1558 769 1693 813 saevior‚
1718 774 1804 805 tanto
1825 773 1991 804 clementior
2003 773 2168 806 invenitur.

1286 817 1365 849 Illud
1371 820 1445 851 veris
1448 820 1598 860 peffimum
1603 833 1699 865 genus
1722 821 1782 862 est,
1809 828 1854 854 cui
1875 822 2038 855 clementia.»
2054 820 2171 864 species

1278 864 1364 909 falsa
1373 867 1536 909 blanditur.
1563 872 1617 905 Ille
1635 869 1767 914 saevior‚
1791 873 1842 905 ille
1848 878 1975 915 gravior
2000 871 2038 912 est
2059 876 2172 906 Carm-

1278 915 1338 957 fex
1350 940 1361 957 ,
1387 923 1438 960 qui
1450 926 1599 953 neminem
1611 921 1720 963 statuit
1740 923 1874 955 occidere.
1901 926 2008 964 Itaque
2025 924 2084 955 dict
2111 932 2172 955 non

1279 965 1371 1008 potest
1384 991 1395 1007 ‚
1419 967 1587 1013 huiusmodi
1598 973 1732 1016 Judices
1756 980 1873 1014 quanta
1891 974 1926 1007 (⁸2⁹
1943 975 2035 1015 quam
2054 978 2173 1016 gravia

1284 1026 1495 1052 tormentorum
1509 1031 1623 1064 genera
1644 1028 1880 1066 excogitaverint
1900 1047 1912 1063 ,
1938 1032 1972 1055 ut
1983 1024 2029 1055 ad
2035 1022 2171 1062 effiflc‘ium

1285 1065 1426 1108 Propofitt·
1437 1066 1490 1111 sut
1504 1077 1712 1111 pervenirent.
1757 1076 1831 1106 Hac
1850 1081 1952 1108 autem
1971 1084 2029 1105 non
2050 1074 2172 1105 tantum

1283 1116 1475 1159 ideosaciunt
1484 1142 1497 1158 ‚
1527 1128 1562 1151 ut
1576 1121 1704 1162 gloriari
1711 1122 1814 1161 pffnt,
1824 1123 1940 1155 nullum
1949 1126 2133 1156 innocentem
2135 1119 2172 1165 se

1279 1168 1438 1211 peremtfflr.
1466 1166 1672 1212 Nam&ipse
1693 1170 1802 1203 audivi
1824 1166 1966 1213 quosdam
1985 1175 2173 1214 glorianter,

1283 1223 1355 1260 quia
1377 1216 1601 1260 Administratio
1617 1218 1678 1262 sica
1701 1225 1734 1252 in
1753 1219 1810 1253 hac
1824 1227 1916 1263 parte
1918 1219 2019 1262 fuerit
2038 1227 2172 1255 incruen-

1283 1277 1325 1300 ta.
1351 1268 1412 1303 Sed
1430 1269 1465 1304 ὁ·
1487 1269 1616 1304 invicuae
1637 1270 1755 1312 muffet,
1781 1272 1819 1303 ne
1839 1279 1893 1303 aut
1909 1269 1970 1312 ipſs
1986 1276 2174 1312 vincantur,

1282 1326 1336 1351 aut
1346 1318 1390 1351 illi
1401 1323 1528 1351 virtutis
1536 1316 1604 1361 fitae
1610 1320 1738 1364 gloriam
1748 1319 1971 1363 consequantur.
2011 1323 2118 1364 Itaque
2134 1327 2173 1354 in

1282 1369 1484 1412 excogitandis
1493 1375 1653 1410 poenarum
1657 1369 1818 1414 generibus
1828 1393 1840 1410 ,
1869 1369 1948 1403 nihil
1957 1370 2063 1411 aliua,
2076 1369 2169 1413 qnam

1282 1418 1441 1452 vinariam
1453 1424 1631 1462 excogitant.
1658 1421 1760 1453 Sciunt
1771 1426 1851 1453 enim
1869 1429 2019 1453 certamen
2029 1422 2108 1454 illud
2117 1421 2171 1463 effe

1282 1469 1317 1502 (w
1331 1477 1476 1512 pugnam.
1505 1470 1575 1502 Vidi
1588 1480 1638 1513 ego
1649 1475 1682 1502 in
1694 1468 1837 1508 Bithynia
1855 1468 2035 1512 Praefidem,
2057 1472 2171 1514 gaudio

1282 1518 1460 1552 mirabiliter
1480 1519 1590 1551 elatum
1609 1543 1620 1559 ,
1646 1526 1792 1562 tanquam
1812 1519 2018 1553 Barbarorum
2040 1523 2170 1553 Gentem

1281 1571 1414 1611 aliquam
1430 1566 1584 1614 subegiffet
1596 1593 1608 1609 ‚
1634 1571 1715 1613 quod
1736 1581 1814 1609 unus
1831 1594 1843 1611 ‚
1869 1576 1922 1613 qui
1938 1577 1998 1612 per
2015 1570 2168 1603 biennium

1279 1630 1389 1665 magna
1399 1623 1515 1652 virtute
1537 1616 1706 1663 restiterat,
1726 1619 1870 1662 postremo
1888 1621 1989 1654 cedere
2011 1618 2096 1663 visus
2119 1620 2168 1660 est.

1280 1669 1474 1702 contendunt
1492 1674 1584 1712 igitur
1603 1679 1639 1706 ut
1660 1675 1786 1704 vincant
1797 1695 1807 1710 ,
1833 1672 1869 1704 ὁ·
1887 1668 2043 1712 exquisitos
2054 1671 2169 1704 dolores

1278 1718 1445 1760 corporibus
1458 1724 1626 1752 immittant
1637 1744 1649 1760 ‚
1674 1722 1710 1754 ὁ·
1721 1719 1799 1754 nibil
1806 1722 1893 1755 aliud
1907 1726 2050 1760 evitant,
2075 1722 2170 1761 quam

1279 1777 1313 1802 ut
1322 1769 1360 1802 ne*
1372 1774 1442 1802 torti
1453 1774 1627 1802 moriantur.
1655 1768 1755 1812 ,Quafi
1768 1772 1841 1802 vero
1863 1781 1942 1802 mors
1961 1769 2170 1803 tantummodo

1280 1817 1379 1851 beatos
1379 1816 1482 1858 faciat
1493 1841 1504 1857 ‚
1529 1828 1564 1850 ac
1574 1829 1633 1851 non
1642 1824 1735 1851 etiam
1760 1827 1935 1859 tormenta,
1957 1829 2029 1861 quae
2049 1820 2168 1861 quant&

1274 1865 1396 1907 fuerint
1410 1872 1559 1910 graviora
1580 1878 1590 1909 ;
1614 1871 1703 1901 tanto
1723 1870 1869 1909 Majorem
1889 1873 2018 1901 virtutis
2035 1869 2170 1912 gloriam

1275 1922 1413 1959 pariunt.
1438 1917 1487 1950 illi
1506 1926 1607 1952 autem
1627 1923 1778 1958 pertinaci
1790 1916 1922 1958 stultitia
1932 1916 2045 1958 jubent
2062 1929 2169 1951 curam

1280 1972 1369 2000 tortis
1394 1967 1552 2009 diligenter
1572 1965 1711 2000 adhiberi
1733 1989 1745 2007 ,
1782 1976 1817 2000 ut
1842 1968 1888 2000 ad
1909 1967 1983 2000 alios
2018 1973 2170 2001 cruciatus

1279 2014 1413 2049 membra
1433 2024 1614 2048 renoventur
1636 2039 1647 2055 ,
1673 2017 1708 2050 (5
1727 2023 1884 2058 reparetur
1908 2010 2007 2050 >novus·
2034 2018 2166 2061 sanguis·

1278 2067 1322 2099 ad
1333 2074 1468 2109 paenam.
1497 2069 1569 2103 Κατ
1579 2064 1616 2108 est
1628 2069 1776 2109 Deorum,
1803 2067 2057 2105 Damoniorum
2071 2065 2167 2111 Diffi-tb

1276 2118 1373 2158 plina.

1330 2167 1424 2201 Hinc
1434 2167 1590 2202 discimus
1601 2169 1695 2203 varia.
1723 2168 1836 2204 Primo
1849 2196 1860 2211 ‚
1887 2169 1976 2214 quod
1987 2170 2168 2214 Imperator

1280 2217 1510 2252 Diocletianus
1528 2220 1631 2253 fuerat
1652 2231 1722 2263 uno
1744 2220 1843 2260 loco,
1868 2221 1984 2265 utique
2006 2219 2042 2254 in
2063 2219 2169 2254 Nico-

1281 2266 1432 2301 mediensi
1446 2268 1591 2303 Civitate
1612 2269 1770 2304 recubans
1785 2270 1915 2311 bellua,
1942 2269 2033 2313 quod
2055 2277 2167 2304 totum

1280 2317 1448 2351 Mundum
1458 2318 1642 2362 impleverit
1655 2320 1813 2364 sanguine
1826 2333 1833 2352 :
1862 2319 2088 2354 Crudeliffima
2099 2330 2168 2362 per·

1280 2368 1457 2402 secutione.
1485 2368 1657 2410 Secundo,
1684 2368 1774 2413 quod
1797 2381 1865 2404 non
1887 2370 1924 2403 in
1943 2369 2047 2403 solam
2068 2367 2168 2403 Chri-

1280 2417 1461 2453 stianorum
1479 2419 1583 2453 vitam
1603 2419 1738 2453 saevierit
1751 2443 1762 2459 ‚
1789 2419 1842 2453 sed
1859 2420 1960 2454 etiarn
1972 2420 2008 2453 in
2020 2419 2166 2463 ipsorum

1277 2468 1345 2502 ossa
1356 2468 1538 2502 &cineresz
1565 2470 1634 2503 Eos
1652 2468 1785 2513 privarit
1807 2469 1975 2512 sepultura.
2005 2467 2167 2503 Credebat

1279 2517 1319 2552 ab
1332 2517 1400 2551 illis
1412 2518 1552 2553 affefflri
1562 2543 1574 2559 ,
1599 2529 1635 2553 ut
1646 2519 1688 2553 ad
1698 2531 1814 2554 eorum
1831 2518 2007 2563 Sepulchra
2026 2519 2046 2553 a
2067 2529 2167 2553 vene-

1278 2567 1423 2603 rantibus
1432 2567 1572 2612 Populis
1583 2579 1775 2604 venerentur
1787 2594 1798 2609 ,
1823 2581 1861 2603 ac
1875 2580 1943 2603 non
1967 2578 2005 2603 ut
2028 2568 2086 2612 ips:
2098 2579 2168 2612 per-

1279 2619 1426 2652 venirent
1438 2618 1479 2652 ad
1491 2619 1613 2653 Deum.
1641 2621 1694 2654 De
1715 2620 1786 2663 ipsis
1806 2620 1840 2653 δε
1862 2618 1993 2662 peffime
2011 2618 2167 2662 opinaba-

1278 2680 1339 2709 tur,
1351 2679 1388 2702 ac
1400 2668 1527 2711 insuper
1540 2668 1707 2703 invidebat
1717 2669 1859 2713 gloriam
1870 2669 2070 2712 Mart-yrum.
2088 2669 2168 2716 Qia.

1280 2718 1404 2752 invidia
1417 2717 1573 2752 laborasse
1585 2719 1618 2752 &
1629 2719 1712 2753 alios
1722 2720 1916 2761 Tyrannos,
1925 2719 2083 2753 testantur
2092 2729 2166 2763 gra-

1278 2768 1395 2802 viffimi
1405 2768 1704 2811 Scriptores.Etiam
1715 2767 1794 2803 hinc
1805 2768 1960 2803 discimus
1971 2769 2163 2803 sanctorum

1278 2819 1466 2861 Martyrum
1477 2819 1724 2852 invocationem
1737 2842 1748 2858 ‚
1769 2830 1808 2853 ac
1818 2820 1987 2854 Sacrarum
2000 2816 2163 2860 Reliquia-

1279 2879 1349 2902 rum
1370 2867 1497 2902 cultum
1517 2868 1580 2902 effe
1605 2869 1847 2912 amiqufflima,
1874 2868 1915 2902 ab
1938 2868 2012 2912 ipsis
2032 2866 2162 2901 inducta

1281 2917 1458 2961 Apostolis.
1502 2918 1624 2952 Tertio
1645 2918 1804 2952 discimus
1825 2918 1915 2962 quod
1938 2918 2163 2952 Romanarum

1280 2978 1359 3002 tunc
1370 2967 1623 3002 Provinciarum
1635 2968 1816 3010 Prefediura
1829 2969 1926 3002 fuerit
1937 2966 2095 3004 Officium
2106 2968 2164 3000 mi-

1279 3017 1555 3060 serabiliffimum;
1572 3019 1695 3052 etenim
1708 3017 1877 3053 hominem
1888 3016 2035 3061 adigebat
2046 3015 2087 3050 ad
2095 3028 2164 3050 cru-

1278 3068 1472 3102 delissimam
1483 3067 1683 3103 Innocentiae
1693 3069 1940 3103 Carnificinam.
1966 3064 2096 3112 Qarto
2116 3066 2165 3099 di-

1279 3119 1398 3152 scimus
1410 3142 1421 3158 ,
1433 3118 1523 3162 quod
1534 3117 1624 3152 vario
1635 3118 1784 3152 Praesides
1794 3142 1806 3158 ,
1822 3127 1859 3151 ut
1871 3115 2086 3150 Diocletiano
2097 3116 2165 3159 pla'-

1280 3178 1390 3203 cerent
1400 3194 1411 3210 ‚
1422 3169 1612 3203 excesserint
1622 3168 1813 3203 Edictorum
1826 3166 1957 3205 limita,
1966 3166 2000 3198 δε
2009 3166 2096 3200 varia
2109 3176 2166 3200 ex-

1279 3217 1497 3263 cogitaverint
1517 3230 1604 3252 nova
1626 3230 1745 3262 genera
1769 3225 2017 3252 tormentorum.
2044 3216 2090 3250 Et
2110 3227 2165 3250 nea

1280 3269 1346 3302 scio
1354 3269 1427 3312 quis
1435 3268 1580 3313 Phrygie
1590 3268 1698 3310 Preses
1709 3278 1825 3301 omnes
1835 3266 1870 3299 in
1883 3276 1982 3298 unam
1992 3265 2165 3300 Basilicam

1280 3317 1441 3353 adunatos
1449 3317 1653 3353 Christianos
1661 3317 1754 3350 simul
1762 3317 1796 3350 ὅ(
1804 3315 1900 3349 semel
1911 3314 2036 3348 exuffit.
2058 3315 2164 3362 Qinae·

1278 3368 1319 3401 to
1328 3368 1505 3408 discimus,
1530 3366 1620 3411 quod
1638 3366 1773 3409 quidam
1792 3364 1936 3399 Praefides
1955 3364 2166 3399 clementiam

1280 3418 1461 3452 simularint
1473 3442 1484 3458 ,
1508 3416 1717 3451 &neminem
1735 3414 1919 3449 occiderint
1931 3439 1942 3456 ‚
1967 3414 2021 3449 sed
2039 3414 2166 3449 diutius

1283 3467 1498 3507 crudelissime
1507 3466 1681 3509 torserint:
1706 3466 1749 3501 Et
1772 3464 1906 3510 quidem
1928 3475 1983 3511 per
1992 3464 2099 3510 plures
2109 3474 2168 3497 212-

2094 3518 2165 3548 nos<
