2346 3776
171 3435 303 3473 9408.-

403 104 498 152 360

332 178 520 221 Episcopus
545 201 556 217 ,
584 175 726 220 ideoque
760 175 832 219 jure
859 176 918 208 fiio
946 174 1063 207 Praeses
1090 197 1100 204 .
1126 172 1220 206 Errat

332 239 445 263 tamen
470 226 582 267 Elias,
607 227 643 260 ὅ(
663 238 739 261 cum
760 226 830 268 ipso
853 223 1090 257 Theodoretus
1112 246 1122 261 ,
1150 223 1221 256 Ma-

332 279 462 315 ximum
485 287 676 321 promotum
702 273 922 318 aTimotheo
937 287 947 306 .-
974 274 1110 307 Sanctus
1133 284 1222 306 nam-

332 339 397 371 que
420 327 601 372 Gregorius
629 329 663 362 in
687 320 833 360 carmine
857 323 899 358 de
926 324 994 357 ¹vita
1022 324 1077 356 sua
1103 322 1221 357 diserte

331 376 444 412 scribit
466 377 668 422 designatum
691 378 711 408 ὸ,
736 375 834 408 Petro
848 397 858 414 ,
886 372 1064 407 Timothei
1090 372 1223 407 Praeces·

283 451 286 453 -
329 429 403 464 sore
427 453 438 469 ,
463 429 499 470 ἂ.
519 427 561 461 ab
583 426 651 468 ejus
675 423 849 468 Episcopis‘
871 424 1036 458 frumenta
1065 425 1222 457 consueta

329 478 373 514 ad
386 477 529 523 Regiam
556 475 669 509 urbem
681 473 921 508 deducentibus
934 473 1143 508 ordinatum.
1171 474 1221 508 Hi
1269 475 1271 503 ἑ

329 527 498 566 omnino,
524 525 642 560 Petrus
667 524 839 567 praesertim
858 548 869 564 ,
895 523 1107 558 merebantur
1131 522 1223 558 darn-

329 578 505 613 nationem
527 599 539 615 ,
564 574 850 618 abjestionemque
876 573 917 619 ad
945 574 1047 609 laicos
1072 587 1079 607 :
1108 573 1156 610 At
1180 574 1222 608 de

329 636 466 668 mortuo
492 626 528 662 in
555 625 706 660 Ecclefiae
734 636 813 669 pace
841 648 852 664 ‚
878 625 915 660 r&
939 624 1005 668 jam
1030 624 1178 669 judicato
1199 625 1217 658 a

330 677 408 719 Deo
418 701 428 717 ,
456 675 566 710 noluit
580 675 736 719 synodus
747 674 895 719 judicare
908 699 915 706 .
1193 704 1199 708 ,

380 727 437 762 Ab
449 725 606 762 omnibus
627 726 741 768 itaque
764 724 969 768 synodaliter
992 723 1150 760 damnata
1174 724 1219 758 est

327 777 498 814 ordinatio
525 776 674 814 Maximi
700 800 712 817 ,
741 788 780 811 ac
806 776 1025 818 Episcopatus
1051 774 1221 820 Gregorio

327 828 544 866 confirmatus
558 852 569 868 ,
595 837 715 872 agente
737 826 915 869 praesertim
927 825 1069 859 Meletio
1082 824 1223 859 Patriare

329 878 393 914 cha
422 876 644 914 Antiocheno
669 901 680 917 ‚
707 876 794 919 apud
834 874 1067 909 Theodosium
1105 874 1223 919 Augu·

328 930 441 969 stum,
465 928 511 963 ob
532 928 717 971 praedictum
731 926 928 969 imperium,
954 927 1086 959 summae
1114 927 1221 959 austo-

326 980 456 1019 ritatis,
482 977 646 1021 tantaeque
662 976 842 1011 sanctitatis
857 1000 867 1016 ‚
895 986 931 1012 ut
955 975 1024 1019 ejus
1046 976 1064 1009 a
1078 976 1222 1011 Valente

331 1028 491 1074 Augusto
502 1027 548 1071 ob
569 1028 670 1063 fidem
692 1025 893 1061 catholicam
912 1026 1051 1071 relegati
1079 1027 1222 1071 effigiem

329 1081 396 1114 suis
416 1079 573 1123 annulis,
600 1077 750 1122 poculis,
769 1076 868 1111 lectis
891 1100 902 1116 ‚
927 1078 1032 1120 portis
1056 1101 1067 1117 ,
1096 1076 1223 1120 parieti·

329 1129 392 1165 bus
414 1154 424 1170 ,
454 1140 577 1165 nornen
606 1128 690 1169 aveto
722 1127 848 1162 cunetis
876 1127 990 1170 paffim
1015 1126 1223 1166 nascentibus

331 1181 541 1225 imponerent
565 1176 796 1218 Antiocheni,
824 1178 869 1220 ita
888 1178 974 1218 sese,
1002 1178 1050 1212 uti
1077 1177 1112 1211 in
1134 1177 1223 1211 illius

332 1231 508 1275 Panegyri
546 1229 670 1264 scribit>
696 1229 832 1263 Sanrstus
870 1227 1014 1270 Ioannes
1050 1227 1224 1271 Crysosto-

329 1293 405 1315 mus
418 1305 428 1321 ,
453 1281 495 1315 de
506 1279 575 1323 ejus
588 1279 735 1314 absentia
746 1277 956 1314 consolantes
970 1302 977 1310 .
1005 1278 1046 1312 Ei
1069 1277 1223 1312 adversus

330 1331 514 1367 Paulinum
540 1332 666 1374 semper
677 1327 876 1363 adhaeserant
898 1326 1079 1373 Gregorius
1102 1328 1138 1363 δε
1164 1328 1224 1362 Ba-

330 1383 439 1422 filius,
470 1381 614 1423 ideoque
628 1380 736 1414 vicem
750 1379 807 1413 ille
817 1378 955 1413 reddens
969 1402 979 1418 ‚
1005 1378 1154 1415 aBafilio
1175 1378 1224 1412 in-

329 1432 490 1469 choatum
503 1430 660 1476 Gregorii
673 1429 909 1474 Episcopatum
920 1428 1108 1468 constanter
1120 1429 1155 1463 in
1168 1428 1223 1470 Sy-

331 1483 427 1519 nodo
443 1481 594 1516 defendit
610 1507 617 1514 .

381 1533 430 1569 At
442 1532 607 1576 ejusvmors
619 1531 763 1566 turbavit
775 1530 889 1565 omnia
901 1555 911 1572 ,
939 1540 1039 1574 quam
1056 1529 1225 1565 solemnis-

329 1584 420 1626 simis
445 1582 640 1627 exequiis&
667 1583 825 1625 pomposa
839 1580 880 1619 ad
910 1581 1090 1616 Ecclesiam
1105 1579 1225 1615 Antio-

330 1633 473 1673 chenam
487 1632 701 1667 translatione
715 1627 886 1674 Augustus
898 1629 1111 1663 Theodosius
1122 1654 1131 1669 ,
1157 1641 1225 1663 ora-

331 1683 483 1718 tionibus
503 1680 747 1715 encomiasticis
765 1678 972 1712 honorarunt
996 1677 1131 1712 San-stus
1145 1677 1225 1712 Am-

329 1731 537 1779 phylochius
547 1730 723 1777 lconiensis
734 1730 917 1775 Episcopus
930 1752 940 1768 ‚
956 1729 990 1762 ὅς
1001 1729 1135 1762 sanstus
1149 1729 1226 1763 Gre-

331 1784 448 1831 gorius
462 1782 654 1826 NysscnuS.
677 1776 867 1817 inchoans:
897 1783 991 1815 Auxit
1015 1778 1098 1814 nobis
1126 1790 1225 1813 nume-

330 1835 400 1877 rum
423 1832 617 1875 Apostolorum
627 1842 724 1864 novus
749 1829 896 1872 Apostolus
911 1854 922 1870 ,
947 1838 1103 1872 coaptatus
1124 1835 1158 1862 in
1185 1843 1224 1862 or-

332 1887 435 1928 dinem
447 1882 660 1937 Apostolorum,
688 1881 783 1925 Hinc
797 1880 851 1926 agi
863 1889 1004 1924 coeptrim
1021 1879 1061 1922 de
1069 1880 1224 1925 eligendo

332 1928 512 1969 successore
526 1941 534 1966 ⁴.
563 1932 798 1967 Nazianzenus
807 1930 934 1964 nullum
946 1929 1139 1975 eligendum
1152 1942 1225 1965 cen-

334 1986 400 2021 suit
422 2009 433 2026 ,
459 1984 513 2019 sed
537 1983 673 2027 plenum
698 1982 936 2026 Episcopatum
959 1980 1226 2015 confirmandum

332 2035 509 2076 Paulino,
527 2033 686 2068 Ecclesiae
697 2033 792 2067 istius
801 2031 929 2066 diffidia
944 2030 1079 2066 tandem
1105 2031 1227 2066 exstin-

333 2085 489 2132 guenda,
517 2083 773 2127 faciendumque
784 2083 862 2117 satis
883 2083 982 2117 toties
991 2082 1058 2125 jam
1082 2081 1228 2126 repetitis

333 2135 502 2174 mandatis
513 2134 665 2168 Ecclefiae-
675 2134 854 2171 Romanae.
882 2132 931 2167 At
944 2134 1036 2176 supra
1051 2133 1225 2166 memorati

326 2185 481 2224 *findiilli
496 2208 507 2224 ,
533 2183 575 2218 ab
588 2182 783 2218 Eusebianis
794 2182 936 2226 promoti
950 2208 961 2223 ‚
983 2183 1138 2226 Episcopi
1150 2195 1226 2217 con-

334 2234 531 2272 stantiffime
541 2235 674 2269 volueru
681 2243 716 2266 nt
730 2233 908 2267 Paulinum
920 2234 938 2267 a
956 2234 1085 2267 Latinis
1097 2232 1227 2267 ordina-

334 2297 409 2324 tum
445 2284 545 2329 abjici
581 2308 591 2326 ,
628 2294 787 2327 tanquam
826 2283 1041 2328 opprobrium
1077 2284 1226 2317 Ecclesia·

337 2336 552 2377 Orientalis,
578 2334 665 2379 apud
689 2345 787 2378 quam
809 2344 906 2368 natus
929 2332 1080 2368 Christus
1109 2333 1227 2367 Domi·

337 2400 424 2427 nus,
450 2386 783 2430 ideoqueRomana,
809 2383 850 2418 de
862 2384 1004 2418 Petro&
1016 2383 1123 2417 Paulo
1136 2383 1228 2427 Apo-

337 2438 431 2473 stolis
441 2436 626 2483 glorianti,
651 2436 761 2480 quoad
774 2433 859 2468 nihil
880 2435 1062 2468 inferioris.
1090 2435 1226 2468 Resum-

337 2488 506 2532 pserejam
530 2487 656 2532 pridem
681 2486 852 2521 damnatas
874 2496 979 2530 nugas
1001 2485 1225 2519 Conventicu·

339 2539 365 2572 li
392 2536 696 2580 philippopolitani
720 2560 732 2576 ‚
769 2547 866 2580 atque
893 2536 941 2568 ita
966 2535 1148 2579 graviffime
1179 2536 1226 2569 of-

338 2588 449 2623 stnsus
470 2587 652 2631 Gregorius
675 2610 686 2625 ,
715 2596 783 2619 non
813 2585 945 2619 tantum
972 2585 1112 2628 Synodo
1134 2609 1145 2625 ,
1172 2585 1225 2619 sed

339 2639 489 2673 &domo
517 2635 869 2680 Episcopaliexceffit‚
895 2634 1071 2668 ostendens
1093 2637 1125 2668 se
1150 2635 1226 2678 ejus-

337 2687 475 2723 modiin
490 2686 696 2722 SanstiPetri
708 2684 885 2728 Privilegia
898 2683 1024 2726 injuriis
1034 2686 1223 2726 neutiquam

339 2739 588 2774 communicare
607 2761 618 2777 ,
644 2747 706 2771 nec
717 2733 797 2769 talia
821 2733 1056 2768 blaterantibus
1069 2735 1153 2768 velle
1163 2737 1226 2769 effe

341 2789 527 2833 collegam.

390 2838 563 2873 Perstitere
577 2837 626 2872 illi
643 2836 877 2881 ‚feceruntque
889 2861 899 2876 ,
925 2836 1015 2879 quod
1027 2834 1171 2870 scribunt
1184 2835 1224 2870 ad

340 2890 527 2927 Damasum
565 2887 767 2922 Pontificem
796 2900 803 2919 :
838 2886 973 2928 Ecclefiae
1009 2885 1116 2925 vetusti
1133 2898 1226 2926 imae,

340 2944 376 2975 Φ·
402 2942 474 2974 vere?
509 2937 674 2981 Apostollcae
709 2937 871 2970 Antiochia
897 2937 1165 2976 reverendiffimum
1192 2938 1226 2970 (Ὗ

341 2996 404 3025 Deo
424 2989 632 3031 dilet‘liffimum
659 2989 847 3021 Flavianum
870 2985 1009 3030 Episcopi
1040 2988 1120 3019 illius
1156 2989 1227 3019 Pro-

342 3046 454 3074 vinciae
479 3041 514 3074 ὠ·
539 3036 700 3080 Dtoeceseos
737 3039 904 3071 Orientalis
931 3044 965 3069 in
995 3048 1088 3069 unum
1122 3048 1227 3070 conve-

343 3096 458 3124 nientes
482 3114 493 3129 ‚
521 3099 582 3124 tota
614 3089 668 3122 illa
689 3086 816 3129 Ecclefia
843 3112 854 3128 ‚
879 3093 925 3120 uti
948 3091 1054 3119 Canon
1072 3086 1202 3128 postulat
1215 3111 1226 3127 ‚

340 3138 529 3183 suffragante
558 3164 569 3179 ‚
601 3141 636 3172 &-
670 3140 753 3172 velut
776 3150 834 3170 uno
862 3150 910 3171 ore
936 3143 1039 3170 virum
1070 3136 1226 3179 honorifice*

344 3190 530 3223 collaudante
554 3214 565 3229 ,
602 3187 782 3231 Episcopum
802 3189 981 3222 ordinarunt
1008 3213 1015 3219 .
1053 3189 1135 3231 ,Quae
1161 3192 1225 3229 qui-

346 3239 415 3272 dem
442 3240 588 3277 ordinatio
613 3245 757 3272 commum·
778 3239 890 3272 concilii
915 3235 1051 3280 confhnsu
1079 3237 1239 3291 approba-¹

345 3296 381 3321 ta
403 3286 442 3327 est
463 3312 470 3318 .
498 3289 545 3321 lta
583 3301 652 3322 non
673 3289 874 3323 erubuerunt
897 3288 1005 3331 palam
1033 3289 1202 3330 imponere
1218 3293 1240 3339 ,ι

346 3337 480 3371 Etenim
494 3336 676 3379 AEgyptios
689 3363 699 3378 ,
728 3338 873 3379 Arabes,
893 3339 926 3372 ὃς
939 3338 1080 3381 Cyprios
1104 3338 1239 3371 Roma-3

346 3399 396 3421 nae
421 3386 615 3420 Eccleflae&
636 3386 778 3421 Paulino
789 3390 978 3422 constanter
999 3388 1094 3422 fuisse
1120 3387 1239 3432 fidos‚j

344 3437 506 3479 testantur
527 3435 674 3469 Socrates
694 3437 726 3468 &
739 3437 968 3472 Zozomenus.
997 3438 1092 3471 Errat
1115 3439 1238 3479 Socra-¹

343 3498 391 3534 tes
411 3487 646 3531 Episcopaturn
667 3483 920 3525 Antiochenum
943 3488 960 3522 a
983 3488 1122 3531 Synodo
1149 3499 1228 3525 con-

1237 3529 1244 3572 ι
1262 3558 1264 3561 ,

569 86 858 141 (ΣᾸΝΟΝΕε
891 90 1193 137 Concuu
1227 90 1975 140 Consum-moponum

1286 173 1450 206 firmatum
1465 174 1633 215 Meletio,
1659 176 1846 223 Qou-sque
1868 174 2021 218 adfuit&
2047 182 2174 223 praesuit

1285 223 1466 267 Gregorius
1493 248 1504 264 ‚
1530 225 1708 261 Romanos
1735 228 1901 262 offendere
1928 229 2084 272 Synodus
2114 245 2176 266 no-

1286 273 1356 306 lens
1382 274 1518 318 reliquit
1560 275 1740 311 indecisam
1768 279 1983 322 quaestionem
2010 304 2022 320 ,
2061 281 2112 315 uti
2139 283 2178 316 li-

1285 334 1364 364 quet
1390 335 1432 358 ex
1473 325 1616 362 Canone
1641 327 1762 369 quinto
1788 352 1799 367 ,
1836 331 1924 372 pae'la
1954 329 2041 364 inter
2066 329 2178 366 Pauli-

1286 384 1366 406 num
1391 375 1617 409 &Meletium
1641 376 1725 410 inita
1746 388 1802 411 aut
1817 390 1979 424 concepta
1992 380 2110 415 volens
2122 393 2178 416 cu-

1283 423 1427 459 stodita.
1865 459 1867 461 .

1334 472 1422 510 Cum
1457 476 1522 509 suis
1547 476 1678 510 interim
1717 477 1892 522 AEgyptiis
1917 492 1955 515 ac
1981 481 2176 524 quibusdam

1283 523 1493 559 Maeedoniae
1519 526 1693 570 Episcopis
1718 528 1852 562 advenit
1879 529 2087 566 Timotheus
2114 532 2176 565 Pa-

1267 569 1424 609 ltriarcha
1450 576 1697 612 Alexandrinus
1722 602 1731 617 ,
1757 578 1790 611 ὃ(
1810 578 1963 613 Flaviani
1991 583 2178 624 promotio-

1283 636 1359 658 nem
1383 626 1418 659 &
1442 626 1596 670 Gregorii
1613 628 1905 662 confirmationem
1932 630 2050 664 acriter
2073 633 2178 675 impu-

1267 669 1389 719 {gnans
1417 699 1428 716 ,
1461 677 1666 720 offensusque
1691 678 1859 722 Gregorio
1884 678 1930 712 ob
1950 681 2086 715 tertium
2116 683 2178 717 Ca-

1285 736 1408 759 nonem
1435 751 1445 766 ,
1485 738 1552 770 quo
1587 727 1739 762 Ecclesiae
1767 728 2000 764 Alexandrina:
2042 731 2176 766 Privile-

1284 777 1379 820 gium
1415 778 1648 820 transcriptum
1687 779 1792 812 fuerat
1831 779 1865 812 in
1893 779 2178 825 Constantinopo-

1287 828 1424 861 litanam
1446 852 1453 858 .
1483 827 1524 860 ln
1547 828 1712 861 Flaviano
1734 840 1802 862 non
1828 831 2063 867 tantummodo
2097 830 2178 866 Pau-

1286 877 1391 911 linum
1416 900 1426 916 ‚
1465 887 1521 911 aut
1546 878 1636 911 suam
1675 878 1939 915 Alexandrinam
1973 893 2014 915 ac
2039 892 2176 916 omnem

1288 926 1490 971 AEgyptiam
1504 952 1515 967 ,
1540 927 1595 961 sed
1608 928 1756 972 &ipsam
1781 930 1968 964 Romanam
1982 943 2019 965 ac
2039 943 2177 966 omnem

1286 976 1540 1013 Occidentalem
1564 977 1763 1020 Ecclesiam,
1791 991 1860 1023 quae
1882 980 2026 1015 Paulino
2051 983 2177 1026 semper

1287 1028 1573 1063 communicarant
1587 1052 1598 1068 ,
1622 1028 1712 1064 dixit
1733 1029 1851 1072 injuria
1874 1031 2021 1074 affestas3
2050 1032 2178 1077 Grego-

1288 1079 1337 1112 rio
1360 1088 1470 1112 autem
1487 1102 1499 1119 ‚
1528 1077 1607 1112 licet
1634 1078 1778 1113 Maximi
1806 1079 1930 1122 Cynici
1959 1081 2177 1124 dejectionem
2226 1110 2231 1114 .

1289 1127 1438 1172 probaret
1467 1153 1478 1168 ,
1503 1127 1545 1161 ab
1569 1131 1770 1164 antecessore
1793 1140 1903 1164 tamen
1937 1131 1971 1165 ἃς
1998 1133 2095 1166 fratre
2115 1134 2176 1167 suo

1289 1179 1391 1213 Petro
1427 1177 1612 1213 discordare
1640 1180 1758 1214 nolens
1791 1204 1803 1221 ‚
1838 1179 1962 1223 objecit
1999 1182 2175 1217 Nieaenum

1289 1231 1323 1263 δε
1357 1229 1583 1265 Sardicensem
1609 1229 1651 1264 de
1687 1230 1927 1274 Episcoporum
1955 1231 2176 1267 translatione

1280 1281 1467 1314 >Canonem
1495 1304 1505 1319 ,
1531 1280 1687 1323 aliudque
1716 1292 1785 1315 non
1798 1281 1940 1324 reposuit
1965 1282 2172 1328 GregoriuS,

1290 1331 1390 1375 quam
1416 1330 1511 1364 illum
1538 1342 1608 1365 non
1635 1331 1698 1365 effe
1724 1331 1759 1364 in
1785 1332 1845 1364 usu
1873 1331 2022 1366 Ecclefiae
2055 1332 2176 1368 Oricu-

1290 1381 1364 1415 talis
1391 1406 1397 1413 .
1436 1381 1644 1424 Responsum
1680 1381 1754 1415 sane
1787 1381 1953 1426 Gregorio
1979 1393 2050 1416 non
2072 1380 2176 1426 plene

1289 1432 1430 1475 dignum
1468 1457 1475 1465 .
1515 1430 1681 1467 Adversus
1716 1431 1914 1466 Flavianum
1946 1431 2175 1477 *Gregoriutj

1290 1481 1437 1522 Arabes,
1464 1482 1581 1525 Cyprii
1596 1481 1891 1523 ‚&Macedones,
1918 1481 2175 1517 adversusacre-

1288 1532 1420 1577 gotium
1458 1543 1574 1565 ornnes
1613 1532 1836 1567 Eusebianam
1875 1533 1998 1576 lepram
2043 1532 2174 1568 olentes

1290 1582 1445 1626 Episcopi
1455 1580 1657 1616 adhaeserunt
1681 1581 1894 1622 Timotheo,
1923 1588 2022 1626 atque
2046 1583 2090 1616 ita
2101 1593 2175 1618 om-

1290 1643 1346 1666 nes
1366 1630 1454 1665 varie
1476 1631 1569 1666 divisi
1591 1642 1758 1675 coeperunt
1777 1643 1870 1666 more
1899 1632 2012 1675 parum
2040 1632 2172 1675 Episcov

1290 1681 1355 1725 pali
1391 1693 1429 1715 ac
1452 1681 1603 1723 synodali
1624 1683 1761 1724 turpiter
1782 1691 1894 1714 mente
1926 1682 1960 1715 ἂ
1990 1692 2048 1715 ore
2068 1681 2171 1726 digla—

1289 1732 1391 1765 diari.
1416 1731 1510 1765 Hinc
1530 1731 1579 1765 sui
1605 1731 1698 1764 causa
1721 1730 1825 1765 scindi
1854 1730 2031 1773 Ecclesiam
2055 1731 2172 1767 nolens

1290 1782 1436 1826 optimus
1458 1781 1655 1826 Gregorius,
1688 1792 1758 1814 non
1780 1780 1953 1815 dumtaxat
1981 1780 2172 1816 Constanti-

1290 1832 1525 1876 nopolitanum
1542 1857 1554 1873 ‚
1582 1831 1638 1866 sed
1658 1831 1694 1865 δε
1714 1856 1726 1871 ,
1753 1831 1788 1865 in
1811 1843 1911 1874 quem
1931 1831 2059 1876 regredi
2082 1838 2173 1874 pote·

1290 1893 1338 1916 rat
1353 1907 1364 1922 ,
1390 1882 1642 1916 Nazianzenum
1669 1882 1906 1926 Episcopatum
1920 1882 2038 1926 sponte
2057 1880 2172 1922 ceffic,

1290 1933 1436 1974 abiitque
1459 1932 1494 1966 in
1516 1931 1787 1976 Cappadociam,
1813 1931 1854 1966 ad
1881 1931 2087 1977 litigantium
2112 1930 2172 1975 Sy·

1291 1983 1398 2023 nodos
1418 1982 1574 2027 deinceps
1585 1994 1654 2017 non
1677 1983 1879 2017 reversurus.
1907 1981 1990 2030 Qo
2001 1977 2058 2017 a'lii
2085 1991 2172 2019 tran-

1290 2033 1391 2078 quille
1413 2033 1581 2074 viverent,
1607 2043 1766 2077 tanquam
1788 2043 1896 2067 novus
1916 2032 2016 2075 Jonas
2028 2032 2171 2076 seipsum

1290 2095 1357 2119 non
1371 2085 1406 2118 in
1430 2095 1539 2125 mate,
1568 2083 1622 2118 sed
1644 2084 1680 2118 in
1702 2082 1966 2127 contemplativae
1979 2081 2169 2117 solitudinis

1289 2135 1486 2169 tutissimum
1511 2144 1645 2178 portum
1667 2134 1823 2174 retraxit,
1851 2134 1885 2167 in
1907 2133 1985 2178 pagi
2009 2132 2169 2167 Arianze-

1290 2187 1323 2219 ni
1337 2194 1472 2229 paterno
1485 2196 1557 2218 rure
1565 2186 1666 2218 vitam
1678 2183 1833 2218 monachi
1846 2185 1973 2218 asturus
1984 2208 1995 2224 ,
2020 2192 2057 2217 ut
2069 2183 2106 2216 in
2116 2193 2170 2216 ca*

1289 2235 1403 2279 talogo
1415 2235 1525 2268 scribit
1543 2235 1678 2268 Sanetus
1689 2235 1920 2278 Hieronymus
1932 2258 1939 2265 .

1338 2286 1433 2318 Hinc
1457 2285 1533 2318 novi
1547 2294 1657 2318 motus
1678 2284 1720 2318 de
1731 2284 1845 2328 Regiae
1866 2283 2010 2317 civitatis
2035 2282 2171 2325 Episco-

1289 2345 1364 2378 patu
1379 2359 1390 2375 ,
1416 2335 1593 2379 appetitoa
1620 2334 1754 2368 multis.
1778 2333 1919 2376 Accepit
1947 2332 2081 2367 tandem
2103 2332 2169 2366 Ne·

1287 2386 1402 2420 &arius
1423 2409 1434 2425 ,
1470 2384 1594 2419 nobilis
1613 2383 1807 2418 Tharsensis
1829 2409 1840 2424 ,
1876 2382 2072 2417 Theodosio
2099 2382 2171 2416 An·

1286 2435 1382 2480 gusto
1407 2434 1449 2471 ab
1461 2435 1628 2477 Episcopo
1651 2435 1708 2467 suo
1720 2434 1875 2468 Diodoro
1894 2432 2168 2472 commendatus,

1285 2487 1326 2520 de
1347 2497 1414 2530 quo
1427 2485 1468 2519 ad
1489 2485 1670 2519 Damasum
1682 2483 1882 2517 Pontificem
1895 2484 2011 2517 litterae
2030 2481 2169 2526 synoda·
2199 2478 2202 2480 ’

1289 2538 1350 2570 les:
1379 2534 1515 2577 Ecclcst‘ae
1543 2533 1899 2576 constantinopolitam,
1926 2544 2027 2566 recens
2041 2557 2052 2573 ,
2076 2541 2110 2566 ut
2120 2536 2168 2565 ita

1286 2589 1383 2620 dicam
1397 2611 1407 2626 ,
1433 2582 1612 2627 aedificatae,
1637 2596 1785 2628 quamque
1795 2596 1834 2617 ex
1856 2583 2059 2617 haereticorum
2084 2580 2164 2625 blas-
2214 2604 2222 2609 -

1280 2637 1404 2679 phemia
1426 2660 1437 2677 ,
1463 2645 1611 2678 tanquam
1632 2647 1670 2669 ex
1690 2647 1737 2668 ore
1759 2636 1873 2674 leonis,
1895 2642 1951 2675 per
1973 2631 2168 2676 miscricordi-

1285 2700 1334 2720 am
1361 2690 1416 2719 Dei
1441 2694 1534 2727 nuper
1560 2691 1745 2727 eripuimus,
1770 2685 2058 2724 reverendiffimum‚
2090 2686 2168 2716 Deo·

1284 2748 1340 2780 que
1361 2736 1569 2776 dilebltffimum
1591 2735 1772 2769 Nec'larlum
1794 2741 1827 2768 in
1857 2735 1987 2767 Concilio
2002 2733 2162 2776 generali,

1284 2792 1429 2820 commum¹
1463 2792 1593 2819 omnium
1618 2784 1756 2828 consensu
1782 2810 1792 2825 ‚
1823 2783 1976 2827 praesente
2010 2781 2162 2824 Tbeodofio

1285 2842 1467 2880 Imperatore
1488 2834 1682 2880 religiofifflmo
1707 2861 1717 2876 ,
1743 2841 1835 2885 totfus
1847 2836 1973 2877 denique
1993 2835 2097 2872 clani,
2123 2841 2168 2865 to-

1285 2886 1352 2931 tius
1345 2898 1400 2930 que
1409 2892 1548 2921 civitatis
1554 2884 1709 2929 suffragiis
1716 2910 1731 2927 ,
1752 2883 1931 2928 Episcopum
1943 2883 2142 2926 constituimus
2156 2906 2169 2915 s

1286 2938 1382 2972 Solus
1403 2937 1584 2981 Gregorius
1608 2936 1840 2971 Nazianzenus
1873 2935 2050 2969 Ecclesiam
2077 2932 2168 2966 Conr-

1285 2987 1614 3031 stantinopolitanam
1626 2986 1786 3029 eripueret
1797 2996 1838 3019 ex
1852 2985 2053 3020 Atianorum
2066 2981 2167 3023 fauci-

1286 3037 1365 3079 bus,
1393 3038 1525 3080 &quasi
1549 3048 1670 3072 novam
1694 3036 1877 3079 plantarat,
1905 3032 2058 3070 cuicerte
2079 3031 2162 3064 hanc

1285 3099 1363 3122 cum
1386 3088 1587 3131 Episcopatu
1622 3086 1754 3122 laudem
1777 3098 1847 3120 non
1874 3084 2023 3129 oportuit
2057 3079 2163 3122 subse·

1286 3148 1373 3182 ptam
1388 3163 1395 3170 .

1334 3189 1415 3222 Huc
1437 3188 1565 3231 respicit
1586 3189 1720 3224 Sanctus
1743 3186 1936 3221 Ambrosius
1958 3208 1969 3224 ,
1994 3182 2034 3216 de
2057 3179 2162 3222 seipso

1284 3250 1326 3271 ex
1352 3238 1536 3282 Neophyto
1558 3239 1592 3272 in
1605 3238 1806 3281 Episcopum
1827 3237 1931 3270 elesto
1955 3231 2093 3266 scribens
2119 3227 2160 3261 ad
2181 3245 2312 3286 Epist*

1285 3289 1463 3323 Ecclesiam
1491 3289 1521 3322 V
1524 3289 1731 3322 ercellensem
1759 3301 1766 3320 ε
1804 3288 2027 3321 ominationem
2064 3291 2163 3312 meam

1284 3337 1423 3381 Episcopi
1457 3340 1664 3372 occidentales
1681 3339 1796 3380 judicio
1819 3361 1831 3378 ‚
1867 3332 2036 3368 orientales
2066 3335 2160 3365 etiam

1283 3392 1416 3431 exemplo
1436 3389 1623 3431 probarunt.
1652 3388 1785 3423 Nam&
1808 3382 1977 3419 NeffllrlUS
1988 3381 2051 3414 filit
2071 3379 2090 3413 ὁ
2110 3391 2161 3414 ⁰²²

1284 3439 1484 3473 techumeno
1515 3440 1654 3479 elesius,
1682 3438 1822 3478 ideoque
1833 3432 1911 3467 illia
1933 3430 2066 3465 laudato
2077 3430 2168 3464 Dio-

1283 3489 1366 3526 doro
1390 3491 1484 3533 datus
1507 3490 1666 3542 Cyriacus
1686 3511 1698 3533 2
1737 3484 1932 3525 Adanorum
1958 3481 2162 3525 Episcopus,

2034 3540 2111 3565 eum
