2346 3776
54 987 154 1017 Oratz.

55 1066 137 1098 Orat.
142 1074 177 1101 29
190 1064 396 1097 Divinitatem
411 1057 639 1117 circumftribat.
667 1060 773 1107 Qod
795 1060 884 1095 idem
894 1072 936 1094 ex
946 1058 1061 1095 eodem

55 1870 116 1902 Lib.
135 1879 162 1904 t

65 2747 178 2781 Homil-

642 124 1078 176 DrssnnTA-rio'
1128 124 1561 180 ΡκοσΞΜιΑιις.

190 221 222 247 m·
233 222 334 247 contra
346 236 357 252 ,
367 209 472 254 quibus
484 218 566 241 mens
577 211 696 248 impura
708 206 746 246 est
757 231 768 247 ‚
788 217 853 242 cum
863 204 940 244 nibil
948 208 1008 240 tale
1021 219 1059 241 ex

190 268 317 298 Divinis
327 257 550 302 Theologicisque
561 261 643 300 Viris
653 258 759 294 audire
771 265 882 299 queant
895 279 906 295 ,
927 259 1058 300 relegan-

190 316 223 346 di
232 313 305 346 mibi
317 311 458 344 videntur
467 310 512 341 ad
519 311 767 342 Caco-Daemones
780 330 791 347 ,
801 304 973 349 quibuftum
978 306 1058 347 fimi-

189 364 314 396 litudine
329 368 492 402 congruunt
501 384 511 398 ‚
537 367 571 390 ut
585 355 696 400 saltem
713 369 751 391 ex
771 368 870 391 eorum
879 357 1055 391 clamoribus

187 413 317 447 audiant
327 421 384 442 non
388 409 492 450 plures
504 408 555 449 esse
566 409 660 440 Filios
673 411 731 441 Dei
744 431 754 447 ,
762 405 821 449 sed
829 406 907 439 hunc
912 404 1007 448 fhlum
1021 410 1054 442 (τ

187 468 303 496 unicum
313 459 364 503 effe
375 459 488 495 Filium
502 462 566 491 Dei.
596 457 650 492 Ut
670 458 783 492 saltem
793 467 834 490 ex
847 457 1055 492 Doemonum

185 513 223 546 in
234 507 417 556 Evangelio
427 508 471 545 ad
480 507 649 548 Christum
661 507 850 542 Dominum
861 506 1058 543 clamoribus

184 560 385 598 erudiantur.

237 609 398 649 Arianarn
415 607 649 653 blasphemiam
667 607 807 651 exponit
822 607 946 643 ibidem
958 607 1060 643 Atha-

186 661 293 696 nafius
306 684 316 699 ‚
343 672 381 694 ac
392 659 544 704 adjungit
557 671 564 691 :
590 664 734 701 Impietas
745 664 824 691 enim
833 657 991 701 illiusmodi
1002 665 1059 701 opi-

185 711 322 746 nionibus
334 711 533 748 introducitur
543 733 554 749 ,
578 711 632 743 vel
642 710 743 751 potius
758 717 874 750 praeter
883 711 1058 751 Scripturas

179 766 213 808 J
214 759 380 803 udaifmus,
388 760 514 793 trahens
520 758 620 802 secum
631 766 709 792 inter
718 768 839 792 caeteros
848 764 970 793 comites
981 762 1060 792 Gen-

187 813 329 848 tilitatem,
339 835 350 850 ‚
360 812 436 842 adeo,
445 819 479 843 ut
491 816 542 851 qui
553 815 598 843 ita
603 808 731 852 sentiat,
744 808 933 849 Christianus
945 821 1001 842 non
1012 810 1060 856 de-

188 862 258 895 beat
266 860 421 902 appellari.
442 860 554 897 Etiam
566 859 602 893 in
615 858 837 905 Apologetica
848 858 890 894 de
900 860 964 893 suis
975 858 1060 903 apud

188 909 522 952 Constantinopolim
542 907 634 943 Auis
659 909 809 946 oratione
825 909 855 945 S.
880 909 1062 954 Gregorius

160 960 420 1020 Nazianzenus
443 958 516 992 Arii
529 958 766 1003 blasphemiam
787 959 929 1005 appellat
952 971 1063 996 novum

160 992 214 1056 J
216 1008 392 1052 udaismum
420 1009 464 1043 Et
474 1008 566 1043 addit
577 1011 729 1046 causam:
755 1012 837 1053 quod
847 1009 909 1054 solo
929 1014 1065 1054 Ingenito

188 1110 356 1155 principio
376 1109 492 1145 adserit
512 1111 548 1144 in
579 1111 730 1145 oratione
760 1111 802 1145 de
823 1111 1060 1155 Episcoporum

187 1159 441 1198 Constitutione
449 1184 459 1199 ,
485 1160 520 1194 &
530 1159 680 1205 adjungit
694 1161 920 1199 Arianismum
931 1159 994 1195 effe
1004 1159 1061 1193 Sa-

187 1209 398 1247 bellianismo
407 1209 508 1254 longe
518 1211 722 1254 nequiorem.
749 1211 806 1246 Est
825 1211 1008 1254 Iudaismus
1016 1208 1060 1246 ob

186 1260 268 1295 duas
275 1261 394 1294 causas.
422 1258 555 1299 Primo,
582 1261 660 1302 quia
673 1259 739 1293 Dei
764 1259 867 1296 Verbi
877 1271 954 1295 cum
965 1259 1063 1294 Patre

186 1308 535 1346 Contiibstantialitate
551 1308 687 1349 Judaice
694 1318 793 1353 negat
804 1309 838 1343 δε
849 1307 1060 1352 blasphemat.

184 1358 338 1397 Secundo
349 1382 361 1398 ‚
378 1358 455 1400 quia
466 1367 575 1395 veram
587 1357 811 1397 Divinitatem
824 1358 895 1393 solo
905 1359 1061 1404 Ingenito

184 1406 420 1447 circumscrIbit
427 1418 559 1448 ,reram
568 1407 791 1442 Divinitatem
802 1410 940 1444 affirmat
952 1410 1015 1444 effe
1026 1410 1061 1443 in

185 1459 286 1493 unica
295 1457 467 1493 dumtaxat
480 1456 622 1491 Persona
634 1482 645 1497 ‚
671 1468 769 1502 atque
781 1460 826 1493 ita
835 1459 880 1493 est
891 1460 995 1494 etiam
1009 1459 1063 1494 Sa-

185 1508 410 1548 bellianismus
420 1531 431 1549 ‚
441 1518 478 1541 ac
486 1506 735 1545 Sabellianismo
745 1509 892 1553 nequior.
907 1509 997 1543 Nam
1009 1509 1063 1542 Sa-

186 1557 304 1594 bellius
310 1557 481 1601 profitetur
490 1556 629 1592 eandem
635 1559 790 1592 omnium
799 1560 898 1593 trium
909 1558 1060 1594 Persona·
1083 1561 1084 1564 ’

184 1619 282 1650 rum,
291 1616 347 1642 aut
357 1605 467 1665 potius
478 1608 654 1643 nominum
665 1608 908 1650 Substantiam,
920 1609 1062 1667 ideoque

186 1652 288 1693 Arius
296 1658 369 1701 ejus
386 1658 550 1702 impietati
569 1657 753 1703 superaddit
771 1659 947 1710 Iudaicas
938 1672 973 1693 m
995 1659 1061 1693 Dei
1084 1699 1086 1701 Ι

186 1708 682 1749 VerbiConsubstantialitatem
690 1708 916 1754 blasphemias.
919 1702 1064 1744 Arianos

187 1761 251 1794 effe
271 1759 454 1801 judaeorum
472 1760 652 1795 imitatores
674 1759 784 1795 scribit
803 1772 841 1796 ac
862 1760 1063 1795 demonstrat
1089 1791 1090 1794 ,

187 1809 290 1843 etiam
299 1809 334 1841 in
345 1809 377 1847 A,
381 1809 576 1853 pologet1c1s
584 1821 644 1852 pro
654 1809 868 1846 S.Athanafio
881 1810 989 1846 Libris
1001 1811 1064 1845 Lu-

189 1859 270 1897 cifer
278 1857 486 1897 Calarita'nus
496 1859 684 1903 Episcopus.
706 1859 799 1894 Puri·
786 1862 870 1903 -puti
883 1860 1063 1894 Arianismi

187 1909 427 1945 resuscitatores
438 1909 671 1944 Eunomianos
679 1917 718 1944 ac
742 1910 859 1953 Judaeis
869 1912 932 1946 effe
942 1922 1065 1957 cogna-

187 1968 242 1994 tos
261 1957 377 1992 scribit
394 1960 431 1991 in
444 1956 559 2002 primo
578 1957 748 1995 adversum
767 1961 893 2004 Iudaeos
905 1962 1064 1995 Sermone
1086 1979 1089 1982 ·

187 2009 329 2048 etiams.
342 2009 485 2051 Joannes
494 2007 775 2051 Chrysostomus,
804 2011 838 2044 &
846 2010 902 2045 dat
912 2013 1062 2046 causam

187 2065 275 2093 Nam
293 2060 379 2101 quod]
389 2062 423 2104 J
424 2060 506 2093 udaei
539 2062 715 2093 CHRISTO.
747 2063 922 2096 DOMINO
952 2068 1063 2094 crimen

186 2110 381 2151 objiciebant;
407 2110 488 2143 idem
509 2115 662 2143 intentant
683 2122 797 2153 quoque
809 2115 947 2145 Anomaei.
976 2113 1066 2155 ‚Quid

186 2166 304 2196 crimini
313 2159 429 2195 dabant
441 2160 486 2192 illi
498 2161 514 2191 ἓ
525 2162 619 2203 ,Quod
629 2159 762 2200 Christus
773 2164 871 2196 Deum.
886 2165 1011 2195 Patrem
1019 2162 1064 2193 di-

187 2219 283 2252 ceret3
299 2220 334 2242 ac
340 2207 471 2252 ftipfilm
485 2213 545 2242 Deo
557 2210 831 2253 aequalem.faceret.
860 2214 899 2244 Id
909 2219 942 2244 in
953 2219 1067 2244 crimen-

188 2267 281 2296 etiam
291 2259 322 2291 bi
332 2259 459 2292 trahunt
471 2272 478 2291 z
506 2262 592 2304 ‚Quin
598 2262 700 2303 potius
712 2272 769 2294 non
780 2261 908 2296 trahunt
921 2274 929 2304 ·,
936 2260 963 2304 s
957 2263 998 2295 ed
1007 2265 1061 2293 Di·
1083 2266 1086 2267 ’

187 2309 268 2346 dum
277 2333 288 2349 2
314 2320 437 2352 quaeque
446 2316 472 2343 ei
489 2308 596 2352 sub-est
603 2334 614 2350 ‚
639 2313 660 2343 5
661 2318 824 2344 ententiam
849 2313 948 2346 delent
960 2337 970 2352 ,
995 2313 1062 2345 licet

188 2371 246 2393 non
267 2371 358 2395 manu
369 2383 379 2399 ,
400 2358 460 2402 sed
479 2366 651 2403 cogitatione
675 2362 709 2395 Θ
731 2367 836 2394 animo.
876 2361 1061 2395 Istiusmodi

187 2409 386 2454 Evangelica
395 2410 584 2444 testimonia
593 2412 737 2445 omnino
759 2411 934 2445 voluiffimt
953 2411 1061 2445 ablata

189 2459 222 2493 δι
235 2458 489 2494 ταίὶιῃΑάεοὶΙῙα
500 2459 651 2500 oderant,
664 2472 700 2494 ut
713 2472 781 2494 non
791 2461 980 2495 erubuerint
991 2472 1062 2506 gar-

188 2509 251 2542 rire
259 2507 349 2552 quod
361 2508 529 2544 Dominus
539 2509 574 2544 in
588 2511 660 2554 ipsis
674 2523 742 2544 non
767 2512 858 2544 suam
877 2511 954 2545 cum
965 2511 1061 2545 Patre

190 2557 572 2593 consubstantialitatem
585 2561 780 2603 praedicasset
792 2573 801 2603 3
815 2560 868 2594 sed
879 2562 897 2595 a
908 2562 999 2595 caecis
1011 2561 1060 2603 Ju-

189 2607 263 2643 daeis
274 2607 382 2642 fuisset
393 2607 478 2645 male
490 2607 681 2644 intellectus.
709 2609 758 2644 Ita
772 2609 992 2656 haerefisscogit
1006 2610 1062 2645 ho

190 2659 295 2692 mines
314 2659 462 2693 caecutire
473 2683 483 2698 ‚
509 2659 580 2694 imo
599 2660 633 2694 δε
658 2660 813 2695 insanire.>
835 2661 938 2695 Hanc
961 2662 1062 2705 ipsam

190 2719 308 2743 caecam
319 2708 479 2744 insaniam
491 2709 587 2743 nobis
597 2711 712 2750 refert,
738 2721 776 2743 ac
794 2711 934 2745 revincit
944 2711 979 2747 in
994 2712 1064 2745 Ho-

190 2758 292 2792 miliis
298 2758 390 2801 supra
397 2758 532 2800 Joannis
541 2759 762 2805 Evangelium
773 2760 952 2803 SJoannes
958 2760 1063 2805 Chry-

190 2807 360 2842 sostomus.
389 2807 508 2843 Arium
529 2810 736 2845 fuisseerrore
747 2810 885 2854 Judeum
896 2812 952 2845 alii
963 2812 1062 2846 etiam

191 2858 305 2893 Patres
317 2857 431 2901 paffim
438 2858 619 2897 adfirmant.

243 2908 378 2942 Sanetus
389 2906 583 2954 Athanasius
592 2910 685 2946 addit
706 2922 775 2945 non
789 2911 1000 2946 iblummodo
1013 2912 1064 2954 Ju-

193 2958 356 2994 daismum
365 2983 375 2998 ‚
397 2958 452 2992 sed
462 2959 561 2994 etiam
573 2961 810 2996 Gentilismum
821 2960 861 2996 ab
881 2961 967 2995 Ario
984 2963 1064 2995 resu-

195 3009 356 3043 scitatum.
377 3009 471 3042 Hinc
485 3010 607 3053 pergit:
634 3013 680 3043 Et
691 3010 835 3053 Apostolus
848 3014 1066 3054 quidemincre-

193 3066 251 3100 pat
261 3061 292 3090 E
294 3057 408 3091 thnicos
417 3083 430 3098 ‚¹
440 3060 519 3100 quod
527 3070 574 3092 res
581 3061 715 3094 conditas
727 3071 906 3095 ‘tenerentur
919 3086 929 3102 ,
941 3063 1044 3095 dicens
1056 3074 1062 3093 ε

195 3109 382 3145 Servierunt
396 3108 557 3142 Creaturae
568 3109 677 3152 potius
697 3111 796 3152 quam
817 3112 964 3146 Creatori
978 3125 989 3144 .·
1015 3111 1064 3151 Isti

196 3167 295 3192 autem
304 3182 320 3198 ,‚
340 3158 564 3201 cumtchristum
582 3158 634 3201 effe
652 3154 837 3193 creaturam
847 3167 1042 3202 pronuntient
1055 3186 1069 3201 >

198 3209 232 3241 Θ·
241 3210 284 3242 illi
297 3217 398 3242 tamen
411 3213 723 3251 tanquamCreaturae
735 3211 894 3254 Religionis
904 3212 983 3246 cultu
992 3222 1066 3243 cere-

197 3256 354 3300 moniisque
365 3256 542 3302 inserviant.
574 3260 665 3302 ,Quid
672 3256 816 3301 quaefhuab
829 3264 858 3295 E
861 3260 970 3293 thnicis
982 3260 1066 3301 diffe-

197 3316 267 3341 runt
280 3308 300 3339 ξ’
322 3308 461 3351 ,Quifieri
469 3307 561 3350 potest
573 3333 583 3348 ,
604 3308 634 3350 fi
639 3315 684 3341 ita
689 3307 826 3352 sentiunt
836 3321 891 3355 ‚nut
903 3322 959 3343 non
970 3311 1064 3344 verba

190 3357 283 3396 jame*
295 3359 521 3391 Paulovrecitata
537 3383 547 3399 ‚
574 3357 695 3402 ejusque
705 3358 988 3402 incusatioadipsos
995 3368 1078 3402 per--

197 3407 320 3438 tineat?
346 3408 390 3441 Et
410 3408 492 3441 infra
514 3409 653 3443 affirmat
679 3408 823 3443 Arianos
842 3410 904 3443 effe
916 3409 1082 3452 Iudaicos--

197 3466 379 3497 caupones,
406 3459 591 3501 quipurum
603 3459 795 3503 Evangelici
817 3460 995 3503 Dogmatis
1019 3462 1067 3494 vi-

197 3516 278 3539 num
296 3505 467 3541 foeculenta
489 3508 747 3551 blasphemarum
766 3510 969 3566 opinionum
982 3521 1083 3555 aquag

1121 208 1279 247 misceant
1289 208 1324 244 δε
1336 215 1547 251 corrumpant
1558 230 1570 246 ,
1596 214 1634 239 ac
1644 204 1766 251 pergit:
1795 213 1862 242 Nos
1874 204 1998 253 quidem¹

1113 260 1244 301 paucula
1263 257 1319 302 ista
1339 259 1384 290 ad
1399 263 1653 298 vituperationem
1678 257 1796 289 illorum
1813 258 1995 300 scripsimus.

1118 310 1211 353 ,Quod
1212 307 1243 351 fi
1248 316 1315 351 quis
1324 309 1432 351 Vhttiori
1451 307 1643 348 Refutatione
1666 312 1710 339 uti
1731 307 1807 339 velit
1834 332 1846 347 ‚
1871 317 2004 350 reperiet

1115 360 1200 401 {stam
1210 357 1340 400 baerefim
1349 369 1407 391 non
1418 359 1501 401 longe
1511 358 1550 390 ab
1563 356 1705 390 Etbnicis
1719 356 1907 397 disjunllam
1919 382 1930 397 ‚
1960 372 2006 392 re-

1114 411 1270 452 liquarum
1279 419 1380 445 tamen
1393 407 1562 451 Haeresaeon
1569 407 1746 449 postremam
1756 418 1790 439 ac
1805 406 1926 448 faecem.
1953 410 1999 439 Si-

1118 461 1238 502 quidem
1249 468 1356 500 caetere
1365 457 1492 501 baerefi’s
1505 467 1559 490 aut
1569 464 1647 491 circa
1661 462 1777 500 Corpus
1789 462 1911 490 Domini
1923 455 2000 500 ejus-

1118 521 1174 552 que
1184 509 1403 543 humanitatem
1414 520 1423 550 ;
1451 508 1498 541 bae
1509 510 1629 550 quidem
1637 509 1682 545 ad
1690 507 1777 548 istum
1783 509 1917 548 modum,
1929 508 2002 540 aliae

1120 558 1221 603 rursus
1232 561 1277 592 ad
1280 560 1364 592 illum
1374 560 1492 592 modum
1503 559 1659 591 mendaces
1670 558 1814 593 aberrant
1829 571 1836 590 ε
1864 561 1923 590 Aut
1934 569 2001 591 eum

1120 616 1151 642 in
1164 614 1279 651 Corpus
1289 608 1426 652 descendi
1447 620 1463 641 e
1477 612 1510 653 J
1514 609 1622 641 udaica
1639 608 1855 648 existimatione
1876 609 2006 649 penitusv

1118 668 1291 703 pernegant.
1319 662 1392 697 Haec
1398 669 1498 694 autem
1508 664 1637 692 omnium
1644 656 1708 700 sola
1730 665 1761 691 in
1780 656 1876 700 ipsam
1904 661 2007 691 Deita-

1122 720 1181 743 tem
1193 712 1332 753 impingit
1349 734 1359 753 ²
1369 721 1435 744 cum
1445 708 1573 743 Verbum
1586 720 1636 741 nec
1643 706 1738 751 semel
1747 709 1868 752 quidem
1881 708 1932 750 esse
1938 716 2008 749 per-

1112 767 1237 800 mittat,
1249 769 1303 793 aut
1312 763 1408 793 Deum
1419 762 1544 793 Patrem
1555 758 1684 799 existere.
1699 759 1744 794 Et
1758 757 1793 791 in
1808 758 1913 791 tertiae
1927 760 2010 793 Ora-

1122 810 1224 843 tionis
1235 810 1374 845 exordio
1385 809 1512 843 scribit:
1542 809 1738 850 ostendamus
1752 807 1883 841 Arianae
1902 818 2012 840 vecor-

1122 859 1180 893 diae
1192 859 1364 894 histriones
1377 871 1566 903 nequaquam
1590 856 1846 901 Christianismum
1864 854 1950 899 scire.
1976 859 2010 889 si

1123 916 1202 942 enim
1207 908 1357 952 fiiviffent
1371 934 1381 949 ‚
1402 922 1458 943 non
1464 908 1498 951 se
1509 907 1588 952 ipsos
1601 908 1772 951 inclufissent
1786 914 1871 940 intra
1878 911 1910 951 J
1913 908 2010 940 udae

1123 971 1192 992 rum
1202 960 1419 1002 infidelitatem.
1449 960 1493 997 Et
1502 959 1586 993 infra
1602 973 1610 992 ι
1621 960 1725 991 -Talia
1736 960 1774 991 de
1786 962 1843 990 Dei
1855 957 1950 991 Verbo
1964 958 2011 989 di-

1122 1021 1185 1043 cere
1198 1021 1256 1047 non
1277 1008 1316 1049 est
1335 1008 1570 1049 christianorum
1581 1034 1590 1049 ‚
1611 1007 1670 1051 sed
1691 1007 1897 1042 Ethnieorum.
1929 1008 2014 1041 Ora-

1123 1060 1225 1093 tionis
1242 1059 1335 1097 istius
1357 1059 1513 1101 praecipua
1537 1059 1683 1092 intentio
1703 1058 1748 1092 est
1760 1057 1986 1091 demonstrare
2001 1081 2012 1097 ,

1093 1115 1095 1118 “
1123 1108 1213 1152 quod
1228 1108 1346 1147 Ariani
1368 1120 1438 1144 non
1458 1109 1518 1141 sint
1540 1107 1744 1147 Christiani,
1772 1107 1827 1140 sed
1850 1106 1948 1148 Judaei
1973 1107 2008 1139 &

1122 1158 1272 1197 Gentiles
1292 1183 1303 1199 ‚
1329 1157 1401 1198 imo
1418 1157 1580 1193 ambobus
1605 1158 1786 1200 nequiores.
1826 1156 1941 1189 Etiam
1974 1156 2011 1188 in

1123 1219 1234 1252 quarta
1260 1210 1424 1244 Oratione
1456 1206 1594 1252 exponit
1625 1208 1770 1250 ipsorum
1800 1204 2004 1240 horrendum

1122 1260 1259 1304 Dogma
1271 1283 1282 1299 ‚
1297 1259 1331 1294 δε
1341 1257 1513 1293 concludit
1526 1270 1533 1289 :
1561 1262 1646 1291 Fieri
1655 1270 1714 1290 non
1725 1256 1819 1299 potest
1831 1281 1841 1296 ,
1853 1262 1928 1299 quin
1935 1257 2009 1298 plu-

1122 1322 1159 1342 ra
1169 1308 1308 1343 Numina
1328 1310 1519 1342 introducant
1536 1307 1570 1339 ob
1589 1306 1794 1349 diversitatem
1817 1313 1850 1352 in
1876 1315 2007 1339 natura-

1124 1371 1190 1391 rum
1202 1384 1212 1399 ‚
1239 1371 1315 1402 quas
1339 1366 1372 1392 in
1396 1357 1534 1401 Persbnis
1556 1362 1718 1391 Trinitatis
1743 1355 1928 1396 constituunt.
1958 1356 2007 1389 Et

1127 1409 1232 1445 statim
1243 1410 1326 1444 infra
1338 1407 1456 1443 Divini
1470 1407 1572 1446 Verbi
1585 1407 1912 1444 consubstantialem
1927 1407 2015 1439 Deo

1125 1459 1214 1494 Patri
1226 1470 1375 1494 naturam
1395 1458 1533 1502 exponit
1546 1481 1556 1497 ,
1584 1458 1619 1490 &
1638 1457 1861 1500 prosequitur:
1889 1458 1921 1489 si
1944 1456 2010 1489 tale

1125 1510 1252 1544 Verbum
1263 1521 1323 1542 non
1333 1507 1371 1549 est
1382 1534 1391 1548 ‚
1414 1506 1472 1551 sed
1481 1519 1518 1540 ex
1529 1518 1586 1539 non
1599 1508 1630 1539 E
1634 1516 1683 1540 nte
1695 1510 1765 1539 ΕΜ
1775 1505 1869 1548 evafit
1881 1531 1891 1546 ,
1914 1511 2007 1539 Crea-

1124 1570 1251 1603 turaque
1255 1559 1347 1602 falla
1357 1558 1396 1598 est
1405 1583 1414 1598 ,
1441 1560 1476 1591 &³
1489 1565 1560 1599 opus
1573 1558 1723 1599 quoddam
1734 1556 1842 1596 existat
1860 1570 1874 1598 ,·
1902 1558 2007 1590 Relin-

1125 1617 1227 1653 quitur
1240 1635 1250 1650 ‚
1278 1619 1309 1642 ut
1319 1610 1371 1642 vel
1381 1607 1483 1650 nonsit
1495 1619 1586 1641 verus
1599 1611 1681 1640 Deus
1700 1632 1711 1647 ,
1737 1606 1844 1648 cumfit
1856 1619 1895 1640 ex
1906 1618 2011 1641 nume-

1127 1672 1160 1693 ro
1170 1665 1387 1694 creaturarum
1388 1672 1413 1705 n
1438 1667 1491 1691 aut
1504 1657 1536 1699 fi
1546 1659 1661 1699 pudore
1672 1657 1888 1699 confussoneque
1902 1657 2011 1690 Frac‘ii

1120 1713 1144 1747 a
1156 1713 1254 1744 Sacris
1266 1713 1430 1752 scripturis
1440 1734 1450 1749 ‚
1462 1712 1559 1741 Deum
1571 1710 1654 1741 illum
1667 1709 1718 1751 effe
1729 1720 1838 1741 verum
1847 1709 2007 1751 confitean-

1124 1771 1195 1802 tur,
1222 1763 1375 1804 necessario
1381 1760 1420 1803 fit
1432 1768 1465 1792 ut
1476 1760 1532 1791 duo
1546 1756 1638 1800 fimul
1655 1765 1794 1794 Numina
1815 1756 1981 1802 agnoscant
1998 1782 2012 1798 ‚

1125 1813 1252 1846 alterum
1272 1816 1444 1844 Creatorem
1457 1834 1466 1849 ,
1492 1810 1621 1843 alterum
1639 1818 1772 1843 creatum
1798 1833 1809 1849 ,
1836 1807 2010 1852 duobusque

1122 1864 1261 1895 Dominis
1275 1859 1446 1904 inserviant
1458 1884 1468 1899 ‚
1486 1861 1574 1892 alteri
1588 1865 1717 1904 ingenito
1728 1885 1739 1901 ,
1758 1860 1848 1893 alteri
1853 1865 1960 1902 genito
1974 1860 2008 1892 (5

1124 1920 1229 1944 creato.
1258 1915 1304 1944 Et
1316 1920 1350 1943 ut
1360 1911 1438 1943 duas
1452 1910 1546 1943 Fides
1557 1908 1688 1944 habeant
1702 1934 1712 1949 ,
1739 1921 1834 1943 unam
1845 1916 1878 1942 in
1901 1919 2011 1943 verimi

1126 1965 1223 1995 Deum
1234 1986 1244 2002 ‚
1271 1964 1399 1994 alteram
1421 1966 1454 1992 in
1476 1960 1663 1992 condititium
1684 1961 1719 1993 (Ὺ
1731 1960 1835 2002 ᾖέἶαω
1855 1959 1894 1992 ab
1921 1958 1993 2001 ipsis
2005 1983 2017 1998 ‚

1124 2023 1212 2054 quem
1220 2010 1277 2053 ipſs
1283 2014 1378 2044 Deum
1389 2019 1505 2043 vocant.
1534 2007 1697 2051 Necessum
1709 2009 1747 2050 est
1759 2021 1870 2052 quoque
1905 2022 1952 2043 eos
1970 2016 2018 2042 ita

1123 2061 1282 2094 obcaecatos
1294 2085 1304 2100 ‚
1331 2071 1401 2092 cum,
1409 2061 1539 2093 adorant
1552 2064 1717 2091 increatum
1729 2084 1738 2099 ,
1761 2061 1938 2103 depugnare
1948 2061 2013 2091 cum

1123 2121 1241 2144 creato:
1269 2113 1315 2142 Et
1325 2121 1391 2144 cum
1402 2110 1521 2141 addunt
1524 2106 1558 2151 se
1570 2113 1731 2142 creatura»
1742 2133 1753 2148 ,
1767 2108 1908 2152 aversari
1921 2115 2017 2142 Crea-

1122 2170 1223 2195 torem·
1252 2165 1324 2193 Non
1337 2157 1604 2200 enitnfieripotest‚
1629 2159 1664 2190 ob
1685 2170 1751 2192 eam
1764 2183 1775 2199 ‚
1802 2171 1870 2201 quae
1889 2165 1921 2191 in
1949 2158 2017 2201 ipfis

1123 2211 1161 2251 est
1173 2236 1184 2251 ,
1212 2206 1623 2249 naturarum‘diverfitatem,
1637 2210 1671 2242 (τ
1681 2210 1827 2249 diffimiles
1840 2216 1873 2242 in
1883 2221 1938 2253 age
1956 2211 2017 2242 ndo

1124 2265 1209 2294 Vires
1223 2286 1234 2301 ,
1263 2272 1296 2295 ut
1306 2259 1382 2293 bunc
1392 2266 1425 2292 in
1437 2259 1485 2292 illo
1497 2282 1508 2298 ,
1535 2269 1588 2291 aut
1597 2259 1724 2292 illumin
1745 2259 1797 2292 hoc
1808 2257 1950 2303 agnoscas
1965 2262 2000 2294 (θ’

1123 2313 1241 2345 videas.
1268 2313 1463 2355 ,Quapropter
1474 2333 1489 2348 ,Α
1510 2310 1574 2341 cum
1595 2312 1700 2341 Ariani
1704 2308 1765 2351 sint
1775 2308 1920 2351 ejusmodi
1942 2307 2015 2352 sen«

1122 2369 1246 2402 tentiae,
1273 2367 1369 2393 vitari
1379 2361 1497 2392 omnino
1509 2371 1566 2391 non
1581 2358 1674 2399 potest
1687 2384 1697 2399 ‚
1724 2365 1796 2401 quin
1813 2360 1906 2401 plura
1943 2363 2014 2392 Nu-

1122 2418 1205 2444 mina
1214 2410 1372 2453 consocient
1387 2423 1393 2441 :
1420 2410 1461 2441 Id
1468 2415 1546 2442 enim
1550 2408 1678 2450 siwinus
1690 2421 1787 2442 eorum
1799 2433 1809 2448 ‚
1829 2416 1880 2451 qui
1893 2409 1931 2441 ab
1948 2420 2012 2441 uno

1123 2467 1185 2495 Deo
1195 2460 1364 2504 desciscunt.
1393 2465 1455 2492 Cur
1466 2465 1558 2503 igitur
1572 2462 1687 2499 Ariani,
1700 2471 1765 2492 cum
1777 2459 1827 2492 boc
1835 2457 1924 2502 sensu
1930 2458 2010 2500 fint,

1118 2511 1182 2555 fhse
1192 2524 1249 2544 non
1260 2513 1462 2543 adnumerant
1475 2509 1643 2543 Gentilibus
1656 2510 1672 2541 ,2
1698 2511 1729 2541 Si
1752 2510 1873 2551 quidem
1892 2509 1979 2542 ambo
1991 2534 2003 2549 ,

1122 2563 1213 2605 omifflt
1224 2566 1364 2595 Creatore
1380 2563 1441 2592 Deo
1453 2584 1462 2598 ‚
1474 2563 1632 2592 Creaturae
1643 2557 1814 2602 inserviant
1827 2573 1834 2592 z
1862 2562 1882 2592 5
1884 2560 1924 2592 ed
1932 2561 1976 2592 illi
1989 2584 2002 2600 ‚

1121 2614 1166 2644 ad
1174 2611 1444 2645 circumveniendos
1460 2608 1650 2651 simpliciores
1661 2634 1677 2650 ,.
1699 2609 1874 2644 vocabulum
1884 2612 1915 2641 E
1918 2609 2001 2642 tbm'a

1122 2674 1217 2695 corum
1222 2660 1449 2705 subterfugiunt
1462 2672 1469 2691 ι
1482 2662 1502 2693 5
1503 2660 1614 2693 imilem
1626 2668 1727 2693 tamen
1738 2662 1802 2693 cum
1813 2661 1873 2693 illis
1879 2657 2010 2701 senten-

1122 2719 1198 2745 tiam
1201 2711 1323 2753 fovent.
1344 2707 1632 2752 Etenimsopbifina
1641 2711 1720 2744 illud
1730 2734 1740 2749 ,
1753 2711 1835 2753 quod
1838 2707 1919 2752 soliti
1925 2707 1953 2751 s
1948 2718 2008 2742 unt

1122 2763 1218 2796 dicere
1244 2764 1323 2805 (non
1331 2760 1513 2803 proferimus
1525 2761 1581 2792 duo
1593 2762 1754 2803 Ingenita)
1780 2761 1816 2793 id
1837 2758 2010 2800 deprehen--

1123 2814 1235 2845 duntur
1247 2814 1292 2844 ad
1293 2811 1502 2853 simpliciorum
1512 2809 1702 2851 imposturam
1712 2811 1815 2844 dicere.
1841 2813 1928 2841 Nam
1938 2809 2004 2841 cum

1123 2869 1263 2904 inquiunt
1270 2860 1304 2904 se
1316 2873 1377 2893 non·
1383 2862 1441 2893 duo
1453 2864 1591 2903 Ingenita
1606 2859 1738 2899 statuere
1749 2885 1759 2900 ‚
1786 2860 1843 2891 duo
1862 2863 2013 2892 Numina

1123 2911 1301 2952 constituunt
1313 2937 1322 2950 ‚
1335 2922 1428 2953 eaque
1437 2907 1568 2953 diversae
1583 2918 1719 2943 naturae:
1749 2910 1884 2942 Alterum
1899 2915 2010 2942 increa-

1124 2972 1210 3000 tum,
1239 2963 1367 2994 alterum
1377 2969 1518 2993 creatum.
1539 2963 1571 3004 J
1574 2971 1624 2991 am
1638 2958 1802 3000 fiEthnici
1813 2964 1865 2991 uni
1876 2965 2012 2992 increato

1125 3010 1295 3054 inserviunt
1305 3037 1316 3052 ‚
1327 3013 1361 3045 (5
1373 3011 1475 3042 multis
1491 3016 1601 3043 creatis
1617 3020 1626 3049 3
1653 3007 1703 3047 Isti
1714 3018 1817 3042 autem
1824 3015 1876 3041 uni
1889 3013 2006 3042 Increa-

1125 3071 1154 3094 to
1166 3086 1176 3101 ‚
1203 3063 1236 3095 (y
1246 3063 1336 3094 alteri
1347 3068 1457 3096 creato
1467 3083 1477 3098 ‚
1503 3060 1540 3091 ne
1550 3065 1595 3090 ita
1607 3059 1726 3099 quidem
1736 3059 1892 3101 quidpiam
1910 3057 2013 3102 discri-

1125 3117 1216 3144 minis
1228 3117 1309 3145 inter
1321 3109 1400 3152 ipsw
1413 3111 1446 3143 &⁶
1456 3107 1602 3141 Ethnicos
1609 3107 1710 3149 fuerit
1719 3132 1736 3148 ,v
1754 3120 1820 3141 cum
1829 3114 1858 3141 is.
1870 3133 1881 3149 ‚
1903 3115 1957 3151 qui
1968 3109 2008 3142 ab

1125 3160 1191 3203 ipsis
1204 3170 1321 3193 creatus
1332 3157 1463 3202 censetur
1478 3182 1487 3197 ‚
1512 3169 1588 3190 unus
1592 3156 1632 3199 fit
1643 3169 1682 3191 ex
1695 3159 1888 3193 multitudine
1902 3162 2008 3192 Genti-

1125 3214 1199 3245 lium
1212 3214 1340 3243 Deorum
1349 3222 1364 3250 ,⁰
1389 3210 1424 3242 ὠ·
1435 3208 1553 3246 vicfffim
1571 3208 1704 3241 Gentiles
1733 3212 1787 3241 Dii
1809 3211 1934 3243 eandem
1945 3211 2009 3242 cum

1126 3261 1178 3301 isto
1189 3266 1276 3296 unico
1287 3269 1428 3292 naturam
1434 3258 1595 3299 pqffideant
1606 3281 1617 3298 ,
1643 3259 1807 3300 itidemque
1810 3258 1872 3300 fint
1882 3264 2010 3292 Creatu-

1127 3323 1179 3345 rae.
1208 3309 1331 3353 Miseri,
1350 3310 1385 3342 ὁ*
1396 3309 1630 3350 quammaximo
1641 3309 1752 3341 damno
1762 3309 1901 3342 mulc‘lati
1913 3334 1924 3349 ‚
1938 3310 2013 3342 dum

1128 3363 1166 3394 de
1177 3360 1292 3400 Christo
1302 3359 1380 3391 male
1386 3355 1523 3401 sentiunt
1537 3370 1544 3390 ι
1564 3359 1760 3392 Exciderunt
1771 3365 1850 3392 enim
1863 3362 1883 3391 a*
1896 3366 2011 3392 verita—

1129 3421 1158 3444 te
1170 3436 1180 3451 ‚
1208 3411 1242 3443 (5
1247 3413 1279 3454 J
1283 3410 1437 3442 udaeorum
1439 3409 1637 3449 proditionem
1656 3407 1872 3452 transcendunt
1885 3434 1895 3449 ‚
1921 3409 2011 3440 abne-

1123 3469 1235 3504 gantes
1251 3458 1414 3498 christum,
1426 3459 1460 3492 (θ’
1471 3469 1535 3491 cum
1548 3457 1690 3491 Etbnicis
1702 3459 1878 3492 volutantur
1894 3482 1903 3497 ,
1919 3462 2009 3489 Crea-

1130 3517 1209 3544 turis
1221 3507 1350 3552 diverfis
1343 3520 1399 3552 que
1412 3509 1600 3542 Numinibus
1612 3507 1820 3551 inservientes.
1919 3554 1964 3587 (u

1941 3566 1969 3588 ,u
1975 3566 2012 3589 m>
