2346 3776
330 110 379 143 20
774 73 1222 126 DISSERTATIO
1273 71 1356 126 PR
1377 90 1702 128 oasM1AL1s.

332 177 391 201 nen
396 166 514 206 primus
526 160 690 207 Episcopus
707 163 727 194 ἂ
743 157 860 203 sancqis
884 155 1019 199 Apostolis
1046 155 1214 195 constitutus

329 215 376 255 est.
405 213 687 256 Utiqueasancto
698 211 825 245 Marco.
852 206 980 241 Eadem
999 204 1096 240 verba
1116 203 1213 239 habet

329 265 366 304 in
377 265 436 297 suo
445 262 693 307 Martyrologio
708 258 891 295 Usuardus.
917 258 962 291 Et
972 257 1133 290 consonat
1145 256 1214 289 Ro-

328 325 466 353 manum
486 312 780 356 Martyrologium.
818 309 922 345 Hunc
940 307 1084 344 Lucium
1102 304 1212 339 laudat

329 364 457 402 sanstus
467 363 575 398 Lucas
587 364 622 397 in
634 361 734 397 Astis.

380 414 425 452 Et
436 413 502 448 haec
513 424 582 448 non
593 411 802 447 adversantur
820 405 1012 443 Patriarchae
1032 402 1211 448 Eutychio.

325 463 433 513 Qod
445 464 512 507 ejus
522 461 719 497 Chronicon
729 461 871 504 Ioannes
893 456 1049 494 Seldenus
1061 480 1072 496 ‚
1097 456 1213 499 utique

327 508 446 555 Homo
468 512 650 551 Calvinista
669 536 680 552 ,
707 509 848 555 ideoque
870 508 1111 554 Episcoporum
1132 506 1214 541 anti-

326 564 446 608 quitati
458 562 574 597 Hostis
597 561 815 607 implacabilis
827 583 838 600 ‚
864 558 966 598 infide
990 556 1192 592 transtulerit
1203 579 1213 595 ,

325 614 465 654 affirmat
476 612 625 648 laudatus
637 608 860 650 Abrahamus‚
873 610 990 643 nativae
999 609 1062 641 suae
1072 605 1213 647 Arabice

325 664 466 708 Linguae
478 663 692 707 peritiffimus.
704 661 862 696 Seldenus
872 659 978 694 vertit:
992 655 1087 700 Usque
1097 662 1130 688 in
1141 665 1213 688 tem-

324 766 454 808 AEgypti
465 761 639 807 Episcopus·
651 762 699 797 At
712 761 790 796 vero
799 759 962 794 Arabicus
972 753 1134 799 Eutychii
1145 764 1212 789 tex-

324 822 378 850 tus
389 813 488 849 habet
500 826 507 846 :
536 818 573 851 In
585 817 748 847 Provincia
757 814 894 856 AEgyptt.
922 805 1082 841 Seldenus
1092 805 1190 840 vertit
1205 817 1211 837 :

324 866 356 902 ,E
358 873 372 896 t
379 871 501 905 primus
505 862 574 905 fuit
584 863 631 897 hic
639 860 820 895 Patriarcha
833 858 1061 892 Alexandrinus
1078 862 1130 899 qui
1135 854 1214 897 fecit

325 912 498 957 Epifi‘opos,
520 911 568 946 At
578 911 655 946 vero
666 908 855 953 Eutychius
865 906 980 945 habet:
992 910 1039 939 Et
1049 906 1088 947 est
1091 912 1212 949 primus

325 962 508 1002 Patriarcba
518 967 571 1005 qui
580 968 614 994 in
634 961 823 996 Alexandria
837 957 917 1000 fecit
938 955 1108 1004 Episcopos.
1136 956 1213 989 Hos

321 1022 444 1046 errores
457 1009 665 1045 Abrahamus
685 1009 811 1045 detexit
833 1009 868 1042 in
887 1008 1058 1050 Restripto
1070 1005 1111 1041 ad
1123 1005 1213 1039 Con-

322 1061 535 1101 sultationem
547 1061 679 1095 Eruditi
697 1059 833 1103 Joannis
857 1057 997 1092 Morini.
1025 1055 1213 1100 Eutychius

321 1110 403 1156 ergo
415 1112 484 1145 vult
498 1108 706 1146 Demetrium
720 1110 814 1144 fuiffe
824 1109 968 1153 primum
979 1131 990 1148 ,
1015 1107 1073 1150 qui
1094 1118 1164 1141 non
1177 1106 1212 1139 in

321 1162 417 1196 omni
427 1160 632 1206 AEgyptiaca
643 1160 785 1194 Dioecefi
797 1184 808 1200 ,
834 1158 934 1193 sedin
960 1156 1028 1191 sola
1040 1156 1188 1201 AEgypti
1202 1179 1213 1195 ,

321 1210 365 1249 ad
377 1209 598 1249 Alexandrini
607 1208 805 1245 Patriarchae
818 1207 1105 1251 Metropoliticam
1117 1205 1214 1239 Pote-

321 1260 437 1298 statem
444 1260 597 1307 proxime
607 1259 775 1304 spectantis
788 1283 798 1299 ‚
824 1256 1002 1291 Provincia
1013 1255 1129 1290 crearit
1137 1255 1213 1298 Epi-

322 1311 474 1354 scopatus
484 1310 712 1355 Suffraganeos
723 1333 734 1349 ‚
761 1320 799 1345 ac
811 1307 994 1351 Episcopos
1006 1306 1216 1340 consecrave-·

322 1361 374 1394 rit.
403 1360 483 1407 Qia
491 1361 591 1402 etiarn
604 1360 640 1392 in
647 1358 680 1393 re
689 1369 814 1393 certum
837 1357 883 1392 est
905 1356 971 1390 labi
995 1353 1210 1399 Eutychium.

321 1410 459 1444 Etenim
468 1410 503 1443 in
513 1411 568 1444 sua
588 1406 797 1444 Bibliotheca
814 1406 956 1444 Photius
976 1405 1087 1440 laudat
1111 1406 1210 1441 sanffi

321 1457 492 1504 Pamphili
502 1459 662 1502 Martyris
673 1470 733 1503 pro
742 1458 892 1503 Origene
914 1455 1121 1500 Apologiam
1133 1479 1144 1495 ‚
1169 1466 1212 1489 ex

321 1509 390 1553 ipsi!
397 1510 540 1555 affirmat
549 1510 732 1555 Origenem
742 1533 754 1550 ‚
779 1507 953 1542 Demetrio
966 1502 1153 1547 Patriarche
1164 1504 1214 1539 di-

322 1559 546 1600 leffiffimum,
571 1560 666 1594 fuisse
675 1559 743 1592 fine
753 1557 821 1601 ejus
834 1556 1026 1592 dimissoriis
1051 1554 1171 1591 Literis
1194 1553 1212 1586 ὲ

322 1608 525 1651 Theotecno
538 1608 730 1644 Caesaraeenfi
737 1607 825 1651 apud
845 1606 1028 1641 Palestinos
1046 1605 1212 1652 Episcopo

323 1661 551 1699 consecratum
563 1660 598 1693 in
610 1658 840 1702 Presbyterum
850 1682 860 1698 ,
887 1667 984 1701 atque
996 1654 1210 1699 prosequitur:

189 1725 309 1764 13ng
327 1713 404 1744 Hinc
416 1714 565 1750 Demetrio
575 1721 657 1743 amor
667 1716 699 1742 in
709 1710 809 1742 odium
819 1713 915 1745 vertit
926 1733 936 1748 ,
960 1703 1121 1748 laudesque
1143 1715 1212 1747 mox

323 1772 390 1796 cum
400 1766 618 1803 vituperatione
629 1767 826 1793 commutatae.
854 1759 981 1798 synodus
1005 1753 1127 1797 insuper
1137 1756 1213 1795 Epi-

319 1809 472 1860 fioporum
480 1811 582 1848 coaHa
590 1811 625 1844 (⁰5
635 1809 875 1848 Presbyterorum
895 1806 1091 1850 quorumdam
1111 1812 1214 1836 contra

327 1865 483 1905 origenem
495 1884 506 1900 ,
530 1871 600 1902 quae
607 1884 619 1903 ,,
636 1869 678 1905 ιιιι
699 1857 879 1900 Pamphilus
898 1857 994 1898 refert
1016 1878 1028 1895 ,
1054 1857 1214 1886 Decretum

317 1910 396 1958 fecit
406 1933 418 1950 ‚
428 1911 615 1943 Alexandria
627 1909 747 1951 quidem
751 1908 926 1954 pellendum
939 1909 1107 1951 wigerum,
1118 1911 1212 1943 neque

324 1966 358 1993 in
367 1971 403 1994 ea
414 1958 532 2003 versari
542 1968 596 1996 aut
606 1960 705 1992 docere
710 1957 949 1999 permittendum
959 1979 969 1995 ‚
996 1953 1158 1990 sacerdotii
1166 1959 1213 1983 ta-

322 2021 392 2046 men
398 2011 546 2053 dignitate
557 2019 715 2049 nequaqua
720 2019 751 2039 m
756 2005 1006 2048 submovendum.
1033 2001 1143 2034 Verum
1156 2003 1212 2032 De-

323 2064 448 2096 metrius
459 2060 521 2091 und
531 2069 595 2089 cum
605 2058 715 2097 aliquot
727 2058 856 2099 AEgypti
867 2052 1024 2096 Episcopis
1044 2049 1213 2083 Sacerdotio

331 2119 444 2151 quoque
454 2108 537 2142 illum
547 2106 703 2148 abjudicat
712 2130 722 2145 ,
730 2103 981 2148 subscribentibus
995 2105 1088 2134 etiam
1100 2097 1211 2135 Edic‘lo

325 2150 393 2196 buit·
405 2183 416 2198 ‚
441 2165 581 2199 quotquot
590 2164 681 2188 antea
691 2161 719 2188 ei
725 2152 1024 2198 suffitagatifuffint.
1051 2146 1210 2183 Notanda

323 2209 402 2248 sunt
424 2206 490 2241 haec
511 2206 627 2240 verba:
655 2211 732 2239 cum
758 2205 870 2246 aliquot
889 2205 1017 2246 AEgypti
1043 2196 1208 2241 Episcopis-

326 2258 439 2292 Etiam
461 2255 546 2291 haec:
574 2258 729 2298 ,Quotquot
748 2264 839 2288 antea
861 2259 888 2289 ei
899 2251 1063 2296 suffragati
1076 2248 1210 2290 ficissent.

325 2306 492 2346 Altiffime
503 2305 647 2343 clamant
659 2306 695 2338 in
707 2305 806 2348 priori
828 2302 965 2347 Synodo
987 2299 1082 2334 fuiffe
1103 2295 1211 2330 multo

351 2357 435 2391 lures
445 2356 628 2400 Episcopos
639 2355 736 2398 quarn
747 2355 782 2388 in
795 2353 936 2388 secunda
951 2376 961 2392 ,
973 2347 1120 2393 adeoque
1131 2356 1211 2380 tunc

327 2369 428 2451 fonge
438 2406 543 2449 plures
553 2405 651 2448 quem
663 2416 726 2440 tres
738 2404 832 2438 fuisse
843 2405 878 2437 in
891 2403 958 2446 ipsa
974 2397 1122 2446 AEgypti
1134 2395 1212 2431 Pro-

327 2456 446 2492 vincia.
473 2455 598 2490 Etistic
609 2466 678 2488 non
692 2466 733 2489 ex
743 2453 908 2491 Demetrii
919 2451 1075 2487 Instituto
1097 2447 1191 2481 fuiffe
1203 2469 1213 2485 ,

327 2505 384 2539 sed
397 2504 439 2538 ab
451 2505 600 2549 antiquo.
613 2505 657 2538 Et
667 2504 709 2538 de
720 2504 873 2546 proximo
885 2500 1050 2536 Demetrii
1060 2497 1213 2534 Anteces-

329 2547 401 2595 sore
411 2555 542 2599 Iuliano
555 2553 663 2587 scribit
674 2553 842 2588 laudatum
866 2549 1088 2586 patriarchale
1108 2545 1213 2581 Chro-

330 2606 455 2646 nicon:
477 2603 539 2647 post
543 2607 576 2649 J
578 2605 710 2637 ultanum
729 2604 837 2642 nullus„
848 2600 1013 2644 Episcopus
1036 2608 1155 2630 manere
1163 2604 1216 2637 po-

330 2662 391 2695 tuit
401 2655 592 2692 Alexandria?
603 2678 614 2694 ,
634 2652 693 2697 sed
703 2654 779 2687 clam
789 2653 915 2688 exibant
925 2675 936 2692 ,
961 2652 995 2688 i&
1005 2646 1215 2694 constituebant

331 2706 503 2745 sacerdotes
525 2729 536 2745 ‚
561 2705 616 2742 seu
638 2704 820 2748 Episcopos
829 2727 840 2743 ,
866 2707 944 2735 omni
966 2702 1028 2734 loco.
1061 2697 1214 2731 Affirmat

331 2754 596 2791 tuncomniloco
609 2778 619 2794 ‚
645 2755 700 2790 seu
710 2754 804 2787 omni
815 2764 871 2795 per
883 2751 1076 2795 AEgyptum
1094 2746 1216 2783 Civita-

331 2806 359 2838 t'i
369 2804 462 2839 fuiffe
471 2806 564 2838 suum
575 2804 784 2852 Episcopum
811 2801 915 2841 Haud
925 2799 1024 2838 dubie
1034 2810 1075 2834 ex
1086 2796 1214 2833 institu-

333 2854 425 2887 tione
435 2854 535 2889 sansti
546 2853 663 2888 Marci,

385 2903 468 2949 Q‘ae
478 2904 596 2944 omnia,
603 2903 770 2948 insigniter
778 2902 1014 2937 confirmantur
1036 2899 1055 2933 ὲ
1074 2895 1216 2931 Philone

334 2952 446 2995 Judaeo
458 2976 468 2992 ³
488 2953 522 2985 in
533 2953 633 2987 Libro
646 2947 766 2988 de'vita
775 2953 1029 2998 contemplativa
1046 2975 1056 2991 ,
1066 2947 1149 2981 acin
1162 2946 1216 2979 Li-

334 2998 396 3041 bro
407 3026 417 3042 ‚
444 3003 537 3044 ‚Quod
547 3010 639 3035 omnis
646 3002 767 3044 probus.
795 3002 983 3047 Distinguit
996 2999 1143 3044 duplices
1160 2996 1216 3028 Es-

331 3052 412 3087 saeos
425 3063 431 3082 :
452 3051 548 3084 Alios
557 3053 663 3085 astivae
676 3053 757 3086 alios
768 3052 1030 3096 contemplativae
1041 3050 1114 3083 vitae
1122 3047 1215 3083 sesta-

334 3110 421 3134 tores
431 3125 441 3140 ,
466 3100 499 3133 ὅ(
511 3099 572 3134 hos
583 3111 678 3134 vocat
699 3102 934 3146 Therapeutas.
961 3102 1043 3138 Istos
1064 3100 1099 3133 in
1121 3096 1214 3140 Syria

334 3159 392 3187 aut
403 3149 508 3192 Judaea
520 3173 530 3190 ‚
543 3147 604 3183 hos
615 3152 677 3184 effe
688 3150 769 3190 dicit
786 3154 820 3185 in
832 3152 944 3186 multis
955 3150 1078 3186 Mundi
1092 3147 1214 3191 Regio-

337 3199 434 3232 nibus
445 3203 464 3240 ζ
481 3199 624 3233 maxime
642 3209 751 3233 tamen
775 3202 808 3234 in
829 3202 984 3247 AEgypto
1004 3226 1014 3241 ‚
1042 3197 1215 3243 praesertim

337 3248 460 3282 circum
473 3247 692 3283 Alexadriam
703 3249 743 3282 ad
755 3249 879 3288 Lacum
890 3250 1119 3287 Mareotidem-
1148 3247 1214 3279 EOS

337 3297 468 3343 probari
480 3309 518 3331 ac
531 3298 632 3341 recipi
641 3299 659 3331 ὲ
668 3299 786 3332 Graecis
798 3311 893 3342 atque
906 3302 1062 3336 Barbaris.
1076 3297 1216 3333 Eorum-

1278 157 1385 192 sertim
1397 158 1582 205 AEgyptios
1592 184 1602 200 ,
1614 159 1752 194 affirmat
1763 161 1797 194 in
1809 159 1986 194 illustrium
1995 159 2154 202 Virorum

1278 207 1440 254 Catalogo
1451 210 1582 244 Sanetus
1594 210 1824 253 Hieronymus
1836 222 1842 242 z
1855 210 1941 244 Philo
1944 215 1976 255 J
1978 213 2097 252 udaeus,
2103 225 2156 245 na-

1277 264 1354 293 tione
1363 262 1586 294 Alexandrinus
1598 283 1609 299 ‚
1635 261 1787 303 degenere
1798 262 1986 295 Sacerdotum
1999 287 2008 302 ‚
2018 263 2124 295 idcirco
2132 265 2155 295 ἂ

1275 307 1358 341 nobis
1368 316 1447 343 inter
1468 312 1631 351 Scriptores
1651 309 1856 352 Ecclefiasticos
1870 318 1996 352 ponitur
2007 336 2017 352 ,
2040 318 2111 354 quia
2122 314 2157 346 li-

1278 357 1363 393 brum
1373 361 1410 396 de
1415 366 1519 404 prima
1531 363 1627 395 Marci
1636 361 1668 390 E
1669 359 1839 404 vangelistae
1847 363 1934 402 apud
1941 363 2158 396 Alexandriam

1270 406 1401 450 scribens
1424 409 1550 453 Ecclesia
1561 435 1571 452 ‚
1597 416 1630 442 in
1653 408 1809 449 nostrorum
1824 411 1923 444 laude>
1934 411 2074 455 versatus
2100 413 2137 453 est
2147 437 2158 453 ,

1281 470 1338 491 non
1341 458 1434 503 soliun
1443 473 1490 495 eos
1500 461 1543 494 ibi
1551 485 1562 501 ‚
1582 458 1643 504 fi’d
1650 466 1682 493 i'n
1693 461 1795 494 multis
1802 472 1918 503 quoque
1929 465 2099 505 Provinciis
2106 464 2158 505 effe

1275 519 1521 552 commemorans,
1551 512 1585 547 ὁ·
1600 509 1772 544 habitacula
1781 522 1879 544 eorum
1895 513 1996 546 dicens
2019 513 2160 553 Monaste-

1275 566 1330 592 ria.
1357 562 1411 593 Ex
1423 573 1480 604 quo
1491 569 1620 609 apparet
1629 563 1720 596 talem
1733 567 1867 603 primam
1888 568 1921 595 in
1942 562 2091 604 Christum
2101 574 2159 596 cre-

1276 610 1411 644 dentium
1413 610 1502 655 fuiffe
1512 611 1670 655 Ecclesiam
1679 637 1689 653 ‚
1698 612 1803 654 quales
1815 620 1894 644 mone
1907 612 2041 646 Monachi
2052 613 2103 656 effe
2115 619 2161 645 m·-

1246 684 1250 702 a
1275 662 1550 704 tuntur&cupiunt
1561 687 1573 704 ,
1599 662 1721 697 utnihil
1740 658 1916 705 cujusquam
1924 686 1926 690 .
1929 669 2087 704 proprium
2098 662 2137 704 fit
2151 686 2161 702 ‚

321 722 399 759 pora
410 717 555 748 Demetrii
567 712 756 747 Patriarchae
778 712 876 744 nullus
897 718 963 743 erat
983 714 1016 740 in
1042 709 1211 739 Provinciis
1246 711 1249 721 ³

1275 711 1374 744 nullus
1393 716 1473 746 inter
1494 723 1540 746 eos
1563 714 1652 749 dives
1665 738 1675 754 ‚
1701 713 1802 746 nullus
1815 718 1942 753 pauper.
1971 713 2161 745 Patrimonia

1277 761 1426 803 egentibus
1438 764 1628 798 dividantur.
1663 767 1798 797 orationi
1816 769 1941 795 vacetur
1962 762 1998 795 ἐν
2008 758 2162 804 Psalmis-,

1275 810 1416 846 doctrina
1427 824 1540 855 quoque
1549 814 1584 850 ὑ·
1593 820 1781 848 continentiae
1792 826 1803 846 ι
1830 812 1947 857 ,Quales
1958 813 1992 845 cb·
2005 814 2105 844 Lucas
2118 823 2164 844 re-

1269 859 1340 901 fert
1342 864 1475 903 primum
1487 862 1686 908 Hierosohmae
1690 864 1779 907 fuisse
1789 864 1950 896 credentes.
1979 863 2076 903 Ajunt
2084 860 2163 893 bunc

1271 908 1328 953 fitb
1347 914 1580 958 cajicaligula
1589 918 1691 948 Romae
1708 915 1912 957 periclitatum
1923 936 1934 952 ,
1959 921 2015 955 quo
2027 916 2163 955 legatus

1271 966 1372 1004 gentis
1376 960 1443 1004 J’uae
1452 965 1550 1008 miffus
1555 963 1672 1007 fuerat,
1700 968 1779 997 Cum
1794 962 1931 1008 secunda
1951 969 2015 995 vice
2037 960 2164 1005 vemffie

1275 1012 1318 1042 ad
1324 1012 1486 1047 Claudium
1495 1037 1506 1055 ‚
1531 1020 1564 1048 in
1576 1016 1680 1049 eadem
1691 1015 1769 1048 Urbe
1777 1015 1906 1048 locutum
1914 1013 1967 1057 effi·
1987 1023 2054 1045 cum
2074 1013 2165 1044 Petro

1247 1097 1249 1099 ,
1277 1060 1400 1102 Ap⁰st⁰l⁰
1411 1085 1422 1101 2
1447 1062 1568 1110 (iusque
1577 1062 1705 1108 babuffi
1715 1070 1866 1098 amicitias
1885 1089 1895 1105 ,
1921 1065 1955 1097 Q?
1967 1063 2000 1095 ob
2010 1061 2087 1094 hanc
2096 1072 2166 1094 cau-

1270 1108 1339 1153 sam
1359 1117 1452 1145 etiam
1472 1115 1569 1147 Marci
1589 1136 1601 1153 ,
1627 1113 1903 1155 Discipulil’etri,
1928 1113 2014 1155 apud
2035 1112 2165 1145 Alexan-

1275 1162 1373 1194 driam
1388 1160 1550 1204 ferraturas
1570 1162 1681 1205 ornaffe
1701 1162 1845 1196 laudibus
1860 1161 1936 1204 suis.
1963 1162 2008 1195 Et
2021 1161 2163 1203 librum,

1275 1222 1371 1253 quem
1385 1210 1484 1245 Philo
1494 1210 1536 1245 de
1547 1211 1614 1244 vita
1624 1209 1885 1254 contemplativa
1897 1209 2167 1253 informe-idem

1246 1281 1247 1284 =
1276 1261 1504 1303 Hieronymus
1540 1259 1683 1303 appellat
1715 1259 1758 1293 de
1790 1261 1858 1293 vita
1884 1258 2165 1294 Christianorum,

1275 1309 1427 1354 Ejusdem
1438 1309 1514 1344 libri
1526 1309 1630 1345 multa
1643 1309 1850 1345 Caesaraeenfis
1863 1308 2023 1343 Eusebius
2029 1309 2167 1343 instruit

1275 1362 1334 1394 suae
1346 1360 1579 1395 Ecclefiasticae
1589 1359 1744 1393 Historiae
1757 1383 1767 1399 ‚
1794 1371 1832 1393 ac
1843 1358 1994 1402 adjunxit
2006 1371 2013 1390 :
2027 1363 2166 1392 Virorum

1274 1409 1467 1453 Ecclefiaftica
1477 1416 1582 1444 munia
1590 1409 1758 1443 obeuntium
1762 1410 1880 1453 gradus
1890 1434 1901 1449 ‚
1911 1409 2018 1451 quibus
2031 1410 2112 1442 alter
2123 1409 2167 1441 al-

1275 1467 1332 1494 teri
1337 1460 1466 1502 praestat
1475 1485 1485 1501 ,
1512 1463 1709 1493 Diaconorum
1718 1465 1790 1492 item
1803 1458 1963 1498 ministeria
1981 1482 1991 1499 ,
2014 1455 2166 1501 summ

1275 1512 1402 1553 denique
1413 1512 1633 1552 &primarium
1645 1512 1675 1541 E
1673 1516 1710 1551 pi
1706 1507 1847 1552 fiopatus
1869 1513 2014 1542 Honorem
2024 1507 2111 1541 Philo
2116 1509 2167 1541 sbi-

1275 1559 1672 1604 ligenter-prescribit.,2uod
1680 1562 1752 1593 vero
1766 1571 1823 1592 non
1827 1556 1855 1601 s
1848 1560 1925 1592 olum
1927 1565 2044 1601 primos
2049 1553 2166 1593 ‘Evan-

1246 1649 1248 1653 V
1271 1611 1374 1653 gelicae
1385 1610 1535 1646 Doc‘lrinae
1546 1611 1765 1644 Praedicatores
1778 1633 1789 1650 ,
1808 1610 1913 1643 verum
1924 1614 2016 1644 etiam
2025 1606 2169 1648 Instituta

1271 1666 1417 1702 principio
1427 1659 1465 1693 ab
1474 1659 1612 1702 apostolis
1622 1661 1739 1692 tradita
1747 1662 1826 1692 certo
1835 1657 2005 1703 cognoscens
2016 1656 2103 1690 Philo
2111 1656 2165 1700 ssa

1270 1707 1436 1752 scripserit,
1454 1715 1566 1743 nemim·
1577 1712 1694 1742 omnino
1704 1707 1853 1752 obscurum
1865 1706 2048 1752 ‘effispoterit
2060 1705 2164 1758 Quod

1275 1759 1381 1795 cuivis
1402 1770 1457 1802 per
1484 1759 1631 1803 AEgyptl
1657 1758 1862 1796 Praefeeuras
1884 1756 2045 1792 Ecclesiae
2069 1757 2167 1791 suum
2204 1784 2207 1787 a

1276 1808 1462 1842 Praefebtum
1475 1819 1511 1841 ac
1523 1809 1706 1842 Ductorem
1717 1830 1729 1847 ‚
1754 1808 1893 1850 suosque
1917 1804 2093 1839 Ministros
2109 1803 2166 1842 seu

1275 1857 1413 1891 clerum
1432 1855 1532 1890 Philo
1552 1854 1713 1891 adstribat
1734 1879 1745 1896 ,
1769 1863 1907 1889 omnem
1928 1854 2027 1890 istum
2040 1853 2164 1890 librum

1276 1906 1399 1951 legenti
1411 1905 1457 1941 est
1468 1906 1684 1950 exploratum.
1711 1906 1756 1937 Et
1774 1904 1872 1937 istum
1891 1903 2084 1949 Rraefefium
2099 1904 2166 1939 Eu·

1275 1956 1381 1989 sebius
1391 1956 1530 1991 affirmat
1541 1953 1634 1989 fuiffe
1646 1954 1846 1996 Episcopum
1859 1977 1874 1993 ‚
1897 1953 1997 1997 idque
2015 1964 2059 1988 ex
2070 1951 2165 1997 Apo·

1274 2005 1392 2038 stolico
1402 2004 1566 2041 Instituto.
1593 2002 1684 2048 Ergo
1696 2013 1822 2037 certum
1833 2003 1980 2044 videtur,
1992 2003 2083 2047 quod
2094 2004 2165 2037 san·

1275 2055 1342 2087 stus
1355 2053 1490 2088 Marcus
1502 2052 1636 2098 lingulis
1656 2052 1805 2102 AEgypti
1826 2053 1981 2090 Ecclefiis
1998 2055 2164 2088 consecra-

1275 2103 1357 2138 verit
1377 2104 1470 2138 suum
1493 2104 1701 2147 Episcopum.
1728 2104 1773 2137 Et
1793 2099 1858 2137 hoe
1882 2105 1969 2138 fasto
1982 2128 1992 2143 ‚
2020 2102 2103 2137 abiit
2125 2104 2162 2139 in

1275 2152 1356 2189 alias
1366 2152 1458 2187 istius
1470 2153 1624 2189 Dioecefis
1644 2153 1836 2188 Provincias
1849 2177 1861 2193 ,
1887 2153 1970 2189 illud
1992 2153 2099 2196 ipsum
2118 2154 2162 2186 fa-

1275 2205 1391 2237 eurus.
1419 2204 1472 2238 Sic
1482 2203 1631 2247 intellige
1642 2202 1811 2238 laudatum
1823 2201 2044 2251 Patriarchole
2056 2201 2163 2241 Chro-

1276 2251 1377 2287 nicon
1388 2277 1399 2293 ,
1425 2253 1458 2286 &
1468 2252 1533 2287 alla
1542 2252 1678 2287 adducta
1688 2252 1885 2287 testimonia.

1325 2301 1427 2346 Apud
1440 2301 1619 2339 Eusebium
1629 2303 1708 2341 item
1720 2313 1810 2337 extat
1823 2302 1972 2346 Epistola
1980 2327 1991 2343 ,
2012 2313 2079 2347 qua
2090 2303 2160 2336 sam

1276 2354 1343 2386 «stus
1353 2352 1535 2397 Dionysius
1547 2352 1755 2390 Alexandriae
1774 2351 1964 2387 Patriarcha
1983 2352 2090 2387 Fabio
2101 2351 2162 2385 ‘Pa-

1274 2401 1411 2446 triarche
1424 2402 1641 2439 Antiocheno
1652 2403 1792 2446 exponit
1804 2403 1893 2437 varia
1905 2404 1959 2446 sue
1966 2403 2160 2437 Dioeceseos

1274 2463 1315 2486 ex
1327 2453 1514 2496 nuperrimo
1527 2454 1625 2487 Decii
1635 2452 1842 2496 Imperatoris
1856 2452 1973 2486 Edicto
1985 2451 2164 2494 Martyria,

1274 2502 1307 2535 &
1319 2500 1384 2536 hoc
1394 2502 1440 2536 est
1453 2502 1576 2537 Unum
1588 2516 1595 2535 :
1625 2502 1811 2535 Cbaeraemon
1823 2501 1990 2545 Episcopus
2002 2507 2159 2541 civitatis,
2175 2502 2234 2538 Lib,
2257 2508 2282 2534 6.
2339 2524 2342 2527 .

1277 2563 1342 2593 quae
1350 2553 1460 2584 dicitur
1472 2554 1567 2587 Nilus
1581 2577 1591 2592 ‚
1616 2565 1681 2586 eum
1682 2555 1755 2594 jam
1762 2554 1854 2594 plene?
1859 2554 1991 2597 grandis
2008 2552 2076 2595 effit
2088 2575 2099 2590 ,
2124 2552 2160 2586 ζ’)
2175 2552 2235 2581 αιΡ·
2246 2553 2260 2580 3
2269 2556 2294 2583 i·
2343 2572 2346 2574 -

1277 2610 1367 2634 aetate
1382 2604 1476 2643 prope
1496 2600 1603 2636 e'xac‘h
1626 2627 1637 2642 ‚
1662 2604 1707 2635 ad
1727 2612 1855 2640 montem
1875 2602 1996 2640 Arabiae
2015 2601 2156 2645 confugit·

1277 2651 1416 2684 Videtur
1428 2663 1498 2685 non
1510 2661 1640 2688 tantum
1651 2653 1746 2687 annis
1757 2677 1768 2692 ‚
1794 2652 1850 2691 sed
1860 2653 1893 2686 &
1913 2652 2100 2695 Episcopali
2109 2650 2159 2684 di*

1275 2701 1403 2745 gnitate
1413 2701 1506 2735 fuisse
1518 2700 1853 2746 grandevus,ideoque
1866 2701 2012 2740 Heraclae
2024 2701 2158 2745 Episcoe

1277 2760 1389 2794 patum
1399 2752 1602 2785 anteceffiffe.
1631 2753 1752 2787 Forsan
1765 2753 1799 2786 ὅτ.
1819 2752 1995 2790 Demetrii.
2023 2751 2158 2793 insuper

1274 2800 1402 2835 videtur
1413 2811 1481 2834 non
1493 2802 1585 2836 fuisse
1607 2802 1729 2845 primus
1748 2801 1838 2836 istius
1858 2803 1999 2838 civitatis
2020 2800 2155 2843 Episto-

1276 2862 1342 2894 pus.
1356 2850 1517 2887 Eusebius
1531 2851 1643 2886 laudat
1652 2852 1685 2885 ἀ
1697 2851 1852 2896 Dionysii
1867 2852 1987 2891 librum
1996 2851 2038 2885 de
2045 2848 2153 2883 Poeni-
2171 2850 2259 2888 Cap-3
2267 2853 2292 2880 8-

1275 2901 1545 2944 tentia‚scriptum
1557 2902 1596 2936 ad
1613 2902 1790 2938 Cononem
1803 2903 2001 2951 Episcopum
2013 2900 2155 2933 Hermo-

1275 2951 1396 2994 poleos.
1426 2951 1608 2995 Epistolam
1620 2964 1751 2996 quoque
1772 2951 1813 2986 ad
1834 2953 2009 2990 Hieracem
2022 2949 2155 2991 Episco-

1275 3012 1351 3044 pum
1363 3001 1579 3039 Ecclefiarum
1593 3002 1862 3046 AEgyptffltiam
1874 3001 1974 3037 varias
1986 2996 2155 3032 Paschales

2172 2928 2231 2962 Lib.
2249 2939 2274 2963 7.

1277 3051 1458 3094 Epistolas:
1487 3055 1617 3092 Flavio,
1630 3055 1776 3093 Domitio,
1791 3053 1912 3095 Didymo
1924 3074 1935 3095 2
1955 3053 2155 3083 Hermammo-
2173 3048 2310 3084 Caum„
2338 3034 2346 3038 ,

1273 3107 1304 3133 ni
1316 3125 1325 3140 ‚
1339 3103 1374 3135 Θ
1383 3104 1456 3136 aliis
1483 3108 1515 3135 in
1526 3106 1656 3146 AEgypto
1656 3103 1820 3145 fratribus.
1847 3102 1926 3135 Hoc
1934 3099 1979 3132 est
1993 3123 2003 3138 ‚
2021 3098 2156 3142 Episco-
2180 3091 2220 3116 ‘3'

1273 3152 1329 3194 pis.
1359 3151 1546 3186 Istiusmodi
1562 3155 1652 3186 enim
1663 3154 1773 3188 literas
1792 3161 1861 3184 non
1883 3149 1943 3183 nifi
1967 3149 2006 3182 ad
2020 3148 2156 3191 Episco-

1274 3213 1333 3244 pos
1346 3201 1483 3239 scribere
1494 3204 1735 3237 consueverunt
1747 3198 1949 3236 Patriarchae.
1963 3198 2065 3245 Qod
2078 3197 2156 3232 A1e÷

1273 3251 1450 3285 xandrinus
1463 3252 1548 3295 ipsas
1556 3253 1598 3289 ad
1612 3252 1700 3291 solos
1710 3249 1944 3293 Metropolitas
1957 3273 1966 3288 ‚
1979 3247 2013 3281 hi
2026 3248 2068 3282 ad
2083 3250 2158 3282 suos

1273 3300 1576 3344 Comprovinciales
1597 3303 1762 3336 mitterent
1775 3324 1786 3341 2
1811 3309 1881 3332 non
1904 3298 2043 3331 obscure
2063 3298 2158 3331 colli÷

2170 2972 2290 3005 cae-16·
2340 2966 2346 3007 ζ

335 3347 413 3385 dem
431 3346 584 3381 describit
605 3347 718 3381 Mores
731 3371 740 3388 ‚
761 3349 886 3390 Studia,
920 3350 1156 3386 Ecclefiasticos
1177 3347 1216 3379 ri·
1255 3376 1257 3381 .
1271 3352 1360 3395 gitur
1372 3363 1414 3385 ex
1426 3353 1520 3386 tertia
1530 3352 1657 3386 decima
1681 3349 1827 3393 Epistola
1841 3350 1941 3382 sanffl
1958 3349 2067 3382 Sinefii
2084 3349 2159 3381 Me-.

337 3406 391 3431 tus
402 3422 414 3437 ,
433 3396 602 3437 Rediores,
627 3397 788 3431 Doctores
799 3422 811 3438 ‚
832 3399 1011 3434 Ministros¹
1046 3398 1149 3448 Qod
1160 3407 1214 3440 per
1271 3401 1432 3444 tropolitae
1443 3401 1660 3436 Ptolomenfis
1670 3401 1705 3433 in
1718 3398 2057 3442 Pentapoli.Affirmat
2067 3397 2155 3431 *hanc

336 3446 608 3491 contemplativos
620 3446 735 3485 Effaeos
747 3446 909 3499 intelligat
921 3448 1214 3495 Christianos‚prae·
1272 3450 1334 3486 effe
1358 3454 1499 3488 Patriam
1517 3453 1551 3491 (μ’
1570 3460 1702 3490 veterem
1721 3447 1962 3498 consuetudinem.
1998 3445 2158 3533 Extatc&

2118 3507 2157 3534 *a*
