2346 3776
44 1129 91 1150 22.
99 1118 170 1159 Jun..

41 1465 147 1503 eapa:

39 1579 145 1620 capa:

640 79 1098 138 DISSERTATIO
1147 79 1566 135 Pssoastms.

54 186 126 225 cap,
145 195 172 222 7-
189 169 364 206 mofiffimo
375 166 711 210 BritanniaeMartyre
720 165 831 201 scribit
842 166 878 200 in
890 165 996 209 primo
1007 165 1078 201 An·
1103 178 1105 181 ·

186 220 325 265 glicanae
335 219 491 255 Historiae
499 211 603 252 Libro
621 215 834 251 Venerabilis
854 215 943 250 Beda
957 230 963 248 :
989 218 1077 251 Alba-

187 278 249 304 nus>
258 274 401 316 Paganus
410 267 510 302 adhuc
517 291 528 307 ‚
534 267 793 309 'rumpet-fidorum
804 269 981 308 Principum
992 280 1076 302 man-

185 322 264 356 data
272 320 436 359 adversam
448 317 632 363 Christianos
637 316 788 361 saevmnt
797 343 808 358 ‚
829 318 978 351 clericum
987 330 1076 361 quen-

175 365 259 408 'daha
267 362 466 415 persecutores
483 367 656 413 fugientem
677 366 800 412 bospitio
823 373 939 416 recepit.
974 371 1077 412 ,Quem

170 415 450 457 ‘dumwattombus
464 416 614 453 continuis
623 430 659 452 ac
669 415 782 463 vigillis
794 419 848 451 diu
858 418 998 461 noc‘luque
1016 419 1075 460 stu-

181 472 253 507 dem
274 469 455 514 conspiceret
475 493 488 510 ,
500 488 502 491 f
517 467 620 512 subito
646 472 766 503 Divina
784 468 893 512 gratia
917 472 1047 511 repletus
1060 493 1071 510 ,

180 520 428 564 exemplumfidei
450 531 486 554 ac
500 525 633 562 pietatts
652 520 734 553 illius
752 526 844 561 caeptt
854 521 992 553 aemulari
1003 544 1014 561 ‚
1039 531 1075 553 ac

174 571 361 616 salutaribus
372 572 439 612 eJ'us
449 569 709 605 exhortationibus
714 570 868 611 paulatim
879 570 997 603 edoc‘lus
1009 594 1020 610 ,
1029 581 1073 604 re-

177 622 258 656 ltt‘lis
270 622 452 655 Idololatriae
464 620 595 655 tenebris
607 646 618 662 ‚
645 618 833 660 christianus
845 631 883 653 ex
894 626 1007 664 integro
1016 631 1075 653 cor-

178 674 216 706 de
220 671 327 714 fat‘lus
338 671 385 712 est.
412 676 549 714 Cumque
554 669 709 712 praefaetur
719 669 854 703 Clericus
874 671 989 712 aliquot
1011 671 1073 704 die-

178 722 235 756 bus
248 723 334 764 apud
340 733 406 756 eum
415 720 617 765 hospitaretur
628 744 639 760 ‚
645 727 791 762 pervenit
803 722 849 753 ad
854 732 945 753 aures
967 719 1076 761 nefan-

176 774 214 806 di
227 774 378 814 Principis
392 796 403 812 ,
428 770 624 814 Confeffircm
634 768 744 811 Christi
752 772 848 812 penes
859 770 1009 804 Albanum
1030 772 1074 803 la-

180 832 252 857 tere.
278 823 364 856 Unde
366 821 474 862 statim
477 820 560 862 juffie
569 821 681 854 milites
701 831 769 854 eum
793 821 965 865 diligentius
975 823 1076 864 inqui·
1100 859 1103 862 Α

179 884 255 907 rere.
282 873 348 916 ,Qut
367 872 432 904 cum
451 872 497 904 ad
515 876 670 915 tugurium
690 874 833 910 Martyris
842 872 1048 914 pervemffent
1061 894 1071 910 ‚

164 934 250 956 >¹mox
257 920 423 964 sesanam
443 921 579 954 Albanus
593 930 652 963 pro
670 918 784 964 hospite
805 933 842 956 ac
862 920 1002 965 Magistro
1019 919 1076 965 suo

170 970 271 1015 apfius
283 971 410 1013 babitu,
434 973 472 1005 td
488 970 528 1012 est
548 995 560 1011 ‚
584 974 733 1005 caracalla
753 996 764 1012 ,
779 983 851 1015 rqua
862 971 1044 1011 vestiebatur
1058 994 1069 1010 ‚

167 1023 308 1056 ‚indutus
321 1046 332 1062 ,
358 1022 506 1056 militibus
519 1020 679 1063 exhibun,
699 1030 790 1064 atque
801 1024 846 1056 ad
848 1027 880 1068 J
883 1023 999 1056 adicem
1006 1028 1075 1055 vin-

166 1071 419 1114 .8usperduc¹lus
429 1071 478 1114 est.
507 1073 552 1106 Et
563 1071 649 1106 istud
662 1071 730 1114 ejus
744 1073 876 1107 Factum
895 1072 1013 1116 probat
1033 1081 1071 1105 ac

180 1122 293 1158 laudat
305 1123 341 1156 in
362 1123 430 1158 suis
448 1123 635 1158 sanstotum
657 1122 846 1165 Martyrum
862 1122 984 1157 tabulis
1006 1120 1075 1154 Ro-

166 1200 171 1204 .
182 1184 282 1208 mana
294 1173 439 1207 Ecclesia
450 1186 461 1206 .·
487 1173 652 1209 Verulamii
661 1177 694 1205 in
705 1174 873 1210 Brltannta
885 1197 896 1213 ‚
916 1170 1018 1216 sanc‘i't
1027 1170 1074 1204 Al·

179 1223 252 1261 bani
266 1226 409 1261 Martyris
428 1247 441 1263 ,
465 1228 518 1265 qut·
541 1229 672 1263 tempore
695 1224 873 1257 Diocletiani
877 1230 936 1263 pro
961 1223 1074 1256 clerico

168 1271 292 1318 hospite
307 1297 317 1313 ,
343 1283 431 1314 quem
447 1270 642 1314 susbeperat,
662 1268 698 1312 se
715 1269 816 1313 ipsum
834 1272 962 1304 tradens
978 1295 989 1310 ‚
1007 1263 1072 1314 post
1096 1272 1099 1301 ἶ

172 1323 308 1363 ,verbera
318 1323 352 1355 &¹
363 1321 471 1354 acerba
482 1328 631 1358 tormenta
640 1325 739 1361 capito
756 1321 871 1362 plexus
882 1320 928 1361 est.
959 1320 1073 1356 Parrus
1097 1331 1100 1336 ’

168 1373 225 1412 (est
238 1372 272 1406 in
285 1371 454 1414 praesenti,
477 1368 521 1404 de
530 1380 596 1414 qua
612 1381 704 1403 nunc
725 1371 856 1416 agimus
877 1371 1073 1415 persecuti&

170 1432 231 1457 rue.
252 1421 302 1455 Et
314 1422 351 1455 in
363 1420 468 1458 Libro
478 1419 520 1455 ad
543 1419 740 1463 Scapulam,
766 1419 886 1455 Africae
904 1421 1073 1456 Pro-Con-

166 1471 283 1507 sulem
293 1496 313 1512 ‚›
331 1470 443 1506 scribit
455 1470 686 1505 Tertullianus
705 1482 714 1502 ι
750 1474 829 1504 Cum
850 1477 930 1505 omni
943 1470 1072 1515 saevitta

169 1521 276 1562 *vestra
286 1529 489 1560 concertamus
499 1546 510 1562 ,
534 1526 628 1557 etiam
638 1521 718 1554 ultro
727 1529 914 1567 erumpentes
927 1535 938 1556 .·
963 1522 1009 1556 Et
1021 1522 1072 1556 in-

177 1572 245 1607 fra:
273 1576 365 1606 Arius
377 1575 547 1605 Antoninus
555 1577 590 1604 in
611 1569 677 1612 Afiae
698 1571 766 1605 oum
777 1570 1003 1615 persequeretur
1024 1578 1072 1605 in*
1099 1600 1102 1611 .

168 1621 312 1664 stanter,
337 1634 439 1657 omnes
447 1623 528 1656 illius
538 1627 676 1655 civitatis
699 1619 956 1661 christia-nante
976 1621 1070 1655 tribu-

167 1675 261 1708 nalia
279 1675 348 1715 ejus
362 1671 399 1716 fi’
420 1684 513 1706 manu
515 1671 608 1713 fat‘la
626 1671 803 1705 obtulerunt.
831 1672 876 1706 Et
901 1672 959 1706 ille
981 1672 1070 1706 terri-

169 1731 359 1767 tuspaucos
371 1722 546 1758 dumtaxat
565 1721 643 1757 duci
666 1721 776 1765 justit,
802 1721 888 1757 alios
897 1722 1071 1757 dimittens

174 1780 215 1809 ac
234 1772 349 1808 dicens
366 1784 387 1805 ε,
400 1775 434 1806 51
454 1771 541 1806 vobis
556 1778 631 1805 mori
651 1771 767 1811 libeat,
792 1771 912 1809 habetis
933 1765 1076 1815 laqueoss

169 1821 283 1870 Qod
304 1821 475 1865 ipsumab
499 1820 646 1856 Urbicio
667 1820 824 1858 Praefeao
838 1822 938 1857 ,fuisse
958 1824 1071 1857 semet-

171 1873 262 1916 ipsos
270 1871 485 1907 offerentibus
495 1871 620 1906 dietum
631 1870 798 1907 scribitjn
814 1871 923 1914 'prima
941 1871 1070 1915 Apolo-

170 1922 229 1968 gia
239 1922 362 1957 sanans
374 1921 508 1964 Martyr
519 1921 672 1963 Iustinus.
699 1920 745 1957 Et
756 1920 991 1958 Tertullianus
1000 1933 1069 1966 per-

170 1973 223 2017 git
233 1971 276 2007 ad
286 1971 469 2016 scapulam:
496 1969 793 2012 Hocfiplacumtie*
809 1969 860 2005 bic
874 1971 944 2014 fieri
955 1996 977 2014 „
993 1973 1077 2015 qutd'

165 2022 266 2064 facies
277 2022 316 2056 de
325 2027 424 2055 tantis
433 2020 566 2055 nullibus
575 2019 727 2054 bominum
737 2044 749 2062 ‚
775 2028 821 2053 tot
831 2026 912 2054 virts
921 2033 957 2055 ac
960 2021 1063 2064 foemi-

171 2078 222 2108 uis
236 2091 248 2113 ·,
272 2077 369 2107 omnis
375 2069 471 2115 fixus
482 2095 494 2112 ,
511 2077 617 2107 ,omnis
628 2075 732 2106 aetatts
741 2095 752 2111 ,
773 2076 869 2104 omnis
879 2072 1044 2116 dignitatis
1052 2070 1076 2112 ‚'

169 2121 363 2164 offerenttbus
375 2119 414 2165 [ς
431 2121 490 2156 tibi
501 2121 527 2154 ἐ
562 2121 741 2158 Habemus
760 2121 866 2155 multa
878 2122 1064 2158 istiusmodi

169 2171 323 2217 exempla
343 2183 383 2206 ac
403 2172 603 2208 testimonia.
641 2172 687 2206 Et
707 2170 750 2207 ad
768 2171 884 2206 omnia
905 2172 974 2216 ipsa
984 2171 1076 2207 reste

170 2222 343 2266 respondet
354 2223 390 2256 in
401 2223 463 2257 suaa
474 2222 560 2267 fugae
571 2220 744 2266 Apologia
754 2221 903 2266 Magnus
914 2220 1064 2258 Athana-

171 2273 233 2307 ssus
245 2284 252 2304 :
280 2276 353 2306 Haec
366 2275 522 2306 Domina-a
533 2272 572 2306 de
573 2271 726 2316 fugiendo,
732 2273 888 2305 Mandata
896 2295 909 2313 ‚
936 2273 971 2306 (a
983 2274 1064 2306 Bea-

170 2328 197 2357 tt
207 2326 357 2362 Martyres
367 2321 548 2364 temporibus
563 2320 803 2367 Perficutionum
812 2319 1063 2364 observaverunt,

170 2374 318 2415 iidemque
326 2374 470 2415 quamdiu
476 2378 510 2405 tn
521 2371 648 2406 latebris
660 2380 750 2407 'erant
761 2396 772 2413 ‚
780 2397 782 2404 ,
788 2369 853 2415 Jbfh
863 2371 1061 2407 obdurabant.

170 2421 227 2455 ubi
238 2432 339 2456 autem
351 2428 472 2459 inventi
483 2423 573 2466 effent
584 2446 596 2463 ,
621 2426 803 2463 Martanum
812 2421 944 2460 obibant.
970 2425 1068 2468 ,Quod

165 2470 327 2515 fiqutdaem
336 2483 375 2507 ex
385 2478 430 2505 ets
436 2471 472 2516 se
493 2471 736 2516 Per-secutoribus
758 2473 903 2506 dedidere
914 2496 926 2513 ,
952 2484 1010 2506 non
1020 2482 1075 2507 te-.

171 2527 310 2556 meritare
318 2525 351 2556 eo
376 2521 574 2564 rapiebantur
588 2547 598 2563 ,
619 2521 784 2565 fedpaffim
794 2523 880 2563 apud
887 2533 987 2557 omnes
994 2531 1062 2565 pro-

167 2572 353 2614 fitebantur,
379 2574 526 2614 &Spiritu
547 2573 655 2605 Sam‘lo
675 2572 753 2606 hanc
770 2574 1063 2615 promptitudinem,

168 2620 277 2666 ficique
298 2623 473 2656 oblationem
491 2623 544 2665 effe
561 2621 739 2664 profec‘lam.
768 2621 873 2657 Unus
891 2621 946 2658 hic
969 2624 1063 2658 Divi-

172 2684 224 2707 nae
232 2673 344 2718 gratiae
353 2672 512 2717 impulsus
523 2673 634 2717 potuit
646 2672 741 2709 istam
752 2671 972 2710 Oblationem
990 2685 1062 2718 pur-

172 2733 259 2768 gare.

222 2773 268 2806 Et
293 2782 428 2806 ornnem
450 2769 537 2807 hanc
553 2773 750 2808 Dostrinam
770 2772 887 2817 probat
906 2771 962 2808 hic
983 2798 995 2814 ,
1028 2774 1062 2808 ὅ(

172 2822 348 2858 confirmat
360 2822 472 2858 multis
482 2823 608 2858 sanstus
617 2823 742 2862 Petrus.
770 2824 882 2858 Prima
897 2823 966 2867 ejus
977 2823 1062 2859 ratio

172 2873 220 2915 est
242 2897 254 2913 ‚
280 2871 371 2916 quod
396 2872 597 2915 Martyrium
615 2874 654 2907 fit
674 2874 778 2909 multa
801 2874 1063 2909 consideratione

172 2922 439 2967 parturiendum‚
458 2922 607 2967 ,ideoque
625 2935 698 2958 non
716 2924 942 2959 invadendum
962 2934 1063 2959 terne-

173 2973 206 3008 re
216 2997 227 3014 ,
246 2972 302 3007 sed
313 2978 441 3006 maturo
452 2972 590 3007 consilio
599 2973 831 3008 differendum.
857 2975 951 3009 Hinc
964 2975 1062 3009 infert

174 3023 223 3057 sui
234 3022 332 3067 ipsius
342 3022 507 3057 oblatores
517 3022 581 3057 esse
590 3022 708 3057 similes
719 3023 784 3059 illis
804 3049 817 3064 ‚
842 3025 901 3068 qui
912 3036 955 3059 ex
965 3025 1064 3059 inter-

175 3084 272 3117 rupto
283 3074 403 3108 somno
426 3072 621 3117 evigilantes
640 3073 708 3108 fine
729 3074 826 3109 firmo
845 3074 971 3117 judicio
993 3086 1063 3118 pro⁶

175 3133 272 3157 ruunt
283 3123 318 3156 in
332 3133 487 3167 pugnam.
515 3122 668 3157 Affirmat
679 3124 768 3167 quod
780 3126 811 3158 se
827 3124 949 3158 temere
967 3125 1063 3168 proji-

173 3172 264 3206 ciant
275 3174 310 3206 in
323 3184 471 3218 pugnam
485 3173 697 3213 maritimam,
708 3173 892 3208 obnoxiam
903 3174 1061 3209 flustuum

175 3222 326 3265 periculis
336 3234 373 3258 ac
385 3222 624 3264 submersionis.
650 3223 756 3271 Qod
767 3224 846 3258 istos
869 3225 985 3259 flustus
1002 3225 1060 3259 fibi

174 3270 346 3307 attrahant.
374 3272 524 3308 Secunda
547 3274 633 3308 ratio
650 3273 698 3308 est
717 3298 728 3313 ‚
752 3273 844 3318 quod
864 3275 944 3308 tales
961 3276 1061 3309 etiam

176 3322 244 3355 fuis
264 3322 431 3357 Fratribus
451 3323 629 3358 accendant
651 3323 810 3358 carbones
841 3335 1058 3368 peccatorum.

175 3371 312 3406 Etenim
322 3372 518 3409 exacerbant
540 3374 766 3417 Tyrannum,
791 3384 888 3416 atque
908 3378 954 3409 ita
972 3375 1060 3409 insti-

173 3430 257 3466 gant
269 3420 310 3455 ad
321 3423 424 3467 magis
433 3423 579 3468 urgenda
590 3426 646 3458 sua
667 3424 811 3459 crudelia
829 3423 943 3459 Ediua
954 3449 965 3465 ,
990 3436 1061 3469 quae
1084 3465 1086 3468 .

174 3482 285 3508 revera
296 3472 370 3509 sunt
381 3483 591 3518 peccatorum
600 3474 766 3513 carbones.
793 3474 856 3511 Per
863 3485 901 3511 ea
911 3475 1057 3512 enimin-

1961 112 2037 151 ποι)

1139 165 1225 199 firmi
1237 164 1366 200 FIdeles
1379 177 1448 202 non
1467 167 1544 215 raro
1563 162 1709 203 adinstar
1726 170 1821 214 paleae
1839 182 2036 211 exuruntur.

1138 215 1256 251 Tertia
1265 214 1350 251 ratio
1360 216 1406 250 est
1418 241 1429 257 ,
1455 216 1547 261 quod
1560 217 1641 253 tales
1649 229 1720 254 non
1732 221 1921 268 intelligant
1932 244 1946 268 ⁵
1970 236 2031 262 aut

1139 277 1208 300 non
1221 265 1393 301 attendant
1413 267 1454 302 ad
1477 268 1675 304 Orationem
1687 293 1698 310 ‚
1724 280 1790 313 qua
1809 273 1919 309 sumus
1935 288 2031 311 orare

1137 315 1210 359 juffi
1224 331 1235 349 :
1262 321 1316 350 Ne
1340 328 1394 350 nos
1417 320 1545 351 inducas
1566 325 1599 352 in
1620 326 1815 354 tentationem
1828 346 1839 361 ,
1859 321 1918 364 fied
1935 326 2030 360 libera

1137 377 1189 398 nos
1205 368 1225 398 ἆ
1236 368 1321 399 malo.
1349 367 1427 411 Juffi
1437 369 1549 403 sumus
1559 371 1781 406 tentationem
1799 382 1870 405 non
1893 376 2032 410 accerse-

1136 426 1178 449 re.
1209 416 1335 463 Quarta
1346 418 1432 452 ratio
1452 418 1520 460 est,
1547 420 1636 464 quod
1660 421 1741 455 tales
1763 433 1832 456 non
1858 422 2032 460 imitentur

1137 463 1308 500 Christum
1319 467 1529 510 Dominum,
1556 471 1614 514 qui
1636 469 1862 507 Persecutores
1880 473 2032 517 frequen-

1136 524 1184 550 ter
1194 516 1302 561 fugit,
1327 517 1412 552 &ab
1424 518 1541 562 ipsisse
1553 519 1726 556 abscondit
1738 546 1749 563 ‚
1774 522 1808 556 &
1830 534 1899 557 non
1917 524 1977 558 nisi
1989 523 2032 558 ab

1135 577 1258 606 armata
1268 578 1370 601 manu
1391 568 1524 603 invasus
1544 570 1579 603 &
1598 571 1867 606 circum-cinctus·
1880 573 2032 617 processit

1136 615 1202 649 illis
1214 615 1369 658 obviam,
1394 619 1428 652 δε
1449 619 1522 663 capi
1543 620 1580 653 se
1597 621 1751 663 permisit.
1779 622 1831 655 Ex
1850 634 1917 666 quo
1941 623 2032 659 vides

1135 666 1225 709 quod
1236 667 1381 712 Magnus
1392 669 1527 703 Basilius
1538 670 1677 705 afferens
1687 670 1729 705 ab
1742 672 1901 707 offerente
1922 675 1954 708 se
1965 675 2033 708 san-

1135 718 1187 750 ἂο
1197 716 1330 752 Gordio
1340 719 1434 755 fuisse
1455 719 1626 755 imitatum
1649 721 1861 763 Dominum,
1887 722 1943 758 hic
1960 725 1979 758 a
1999 724 2032 758 S.

1136 765 1234 801 Petro
1246 769 1436 813 corrigatur.
1463 770 1509 805 Et
1519 770 1609 805 reste.
1629 771 1761 818 Qinta
1772 773 1858 806 ratio
1868 772 1927 813 est,
1937 773 2030 817 quod

1134 816 1216 849 tales
1228 818 1499 864 nonIntelligant
1509 818 1575 855 hoc
1601 820 1748 856 Domini
1770 822 1927 857 verbum:
1954 826 2033 856 Tra-

1134 866 1207 899 dent
1227 876 1308 900 emm
1329 880 1386 902 vos
1403 879 1437 903 tn
1456 872 1599 905 conciliis
1619 873 1655 906 Θ
1675 874 1833 917 synagogis
1838 872 1919 915 suis.
1946 873 2030 908 Hoc

1134 915 1270 950 verbum
1282 918 1418 954 mandat
1429 929 1463 954 te
1473 932 1544 955 non
1555 921 1574 955 a
1583 923 1768 966 temet-ipso
1791 934 1943 968 oportere
1967 933 2032 958 tra-

1133 964 1190 1005 di,
1218 965 1274 1000 sed
1294 967 1337 1001 ab
1357 969 1438 1003 aliis.
1476 971 1551 1005 Nec
1572 971 1809 1017 atemet-ipso‚
1835 973 1891 1009 sed
1900 972 1943 1008 ab
1955 973 2031 1008 aliis

1132 1015 1323 1051 ducendum
1334 1018 1378 1053 ad
1396 1018 1587 1055 tribunalia.
1615 1022 1714 1057 Sexta
1734 1023 1823 1058 ratio
1842 1023 1912 1065 est,
1937 1021 2031 1068 quod

1133 1066 1214 1099 tales
1223 1077 1283 1100 nec
1294 1065 1361 1101 hoc
1382 1068 1529 1104 Domini
1552 1071 1687 1106 verbum
1708 1073 1923 1117 intelligant:
1950 1075 2030 1107 Cum

1133 1126 1189 1148 vos
1191 1114 1346 1158 persecuti
1349 1116 1473 1159 fuerint
1482 1125 1515 1152 in
1525 1124 1664 1154 civitate
1674 1120 1729 1160 rsta
1740 1146 1750 1161 ,
1755 1122 1859 1166 fugite
1869 1128 1903 1155 in
1916 1124 2023 1156 altam.

1133 1166 1279 1209 Septima
1292 1167 1376 1202 ratio
1388 1168 1435 1202 est
1447 1193 1457 1209 ‚
1465 1169 1556 1212 quod
1570 1170 1618 1203 sui
1630 1170 1793 1206 oblatores
1803 1171 1885 1207 dent
1896 1171 2031 1216 Tyran-

1125 1216 1185 1250 nis
1196 1216 1398 1259 scandalum,
1410 1220 1444 1253 ὃς
1456 1220 1543 1263 ipsos
1555 1220 1697 1255 incitent
1707 1221 1749 1255 ad
1761 1223 1794 1256 se
1804 1221 2030 1263 occidendos,

1134 1266 1274 1311 ideoque
1283 1268 1346 1302 sint
1356 1269 1464 1304 caussa
1487 1270 1613 1314 proprii
1635 1269 1821 1306 homicidii.
1849 1272 1918 1307 Eos
1937 1273 2030 1307 enim

1134 1317 1261 1350 faciunt
1272 1318 1462 1361 asperiores.
1488 1321 1614 1355 O‘stava
1633 1321 1719 1356 ratio
1742 1322 1788 1356 est
1811 1346 1822 1362 ,
1849 1322 1941 1366 quod
1961 1324 2031 1358 san-

1134 1367 1202 1400 stus
1213 1366 1398 1411 Stephanus
1409 1393 1420 1408 ‚
1447 1370 1572 1404 sanstus
1585 1370 1725 1413 Jacobus
1735 1371 1886 1406 Zebedaei
1899 1397 1910 1412 ‚
1937 1370 2032 1407 sfe-

1133 1426 1201 1451 trus
1209 1441 1220 1457 ‚
1247 1419 1276 1451 S.
1291 1417 1415 1453 Paulus
1426 1419 1551 1463 aliique
1561 1431 1678 1455 omnes
1688 1419 1845 1464 Apostoli
1851 1432 1957 1465 atque
1968 1422 2032 1456 Di-

1134 1467 1250 1511 scipuli
1263 1469 1522 1511 persecutionem
1536 1470 1682 1514 fugerint
1692 1495 1703 1511 ‚
1728 1471 1761 1504 δε
1783 1482 1853 1505 non
1866 1472 1924 1514 nisi
1940 1484 2030 1506 com-

1131 1516 1278 1566 prehensi
1290 1519 1442 1553 venerint
1450 1518 1492 1554 ad
1505 1520 1706 1563 Martyrium
1719 1545 1730 1562 ,
1751 1531 1851 1565 atque
1863 1522 1909 1556 ita
1920 1534 2031 1556 exem-

1132 1566 1188 1611 plo
1210 1566 1386 1603 docuerint
1398 1571 1446 1604 sui
1470 1570 1569 1613 ipfius
1588 1569 1809 1607 Oblationem
1829 1583 1900 1607 non
1921 1572 2028 1607 licere.

1133 1617 1176 1651 Et
1187 1617 1318 1659 adverte
1330 1619 1420 1663 quod
1433 1621 1562 1661 sanstus
1573 1620 1688 1655 Petrus
1699 1621 1790 1656 dicat
1812 1623 1960 1657 sanctum
1972 1625 2026 1660 Pe-

1130 1676 1212 1700 trum
1239 1668 1334 1703 fuisse
1355 1670 1550 1712 Apostolorum
1565 1678 1704 1712 primum
1728 1696 1740 1713 ‚
1772 1673 1806 1706 &
1818 1673 1934 1707 Romae
1957 1684 2029 1707 non

1130 1716 1303 1753 dumtaxat
1314 1719 1431 1754 vixiffe
1441 1745 1453 1762 ,
1478 1720 1534 1755 sed
1556 1720 1604 1754 ibi
1624 1722 1727 1756 etiam
1741 1722 1806 1756 esse
1817 1724 2027 1757 crucifixum.

1129 1767 1240 1810 Hujus
1249 1769 1296 1802 rei
1310 1771 1482 1805 veritatem
1492 1769 1591 1805 latius
1597 1770 1821 1807 demonstravi
1835 1773 1872 1807 in
1883 1771 2029 1808 Scholiis

1130 1817 1171 1852 ad
1183 1816 1467 1864 Praescriptionem
1476 1822 1629 1865 Septimii
1639 1822 1859 1857 Tertulliani.

1178 1867 1317 1903 Interim
1327 1868 1370 1904 de
1379 1868 1432 1904 his
1452 1871 1502 1905 sui
1522 1870 1745 1906 Oblatoribus
1766 1873 1873 1907 sancit
1899 1875 2028 1908 sanctus

1130 1915 1265 1957 Petrus:
1293 1917 1368 1962 Ipfis
1380 1931 1493 1963 quoque
1505 1924 1782 1956 communicandum
1792 1922 1830 1963 est
1843 1947 1854 1963 ,
1880 1932 1915 1957 ut
1928 1932 1984 1967 qut
1996 1930 2029 1958 m

1129 1973 1243 2001 nomine
1256 1967 1366 2009 Christi
1375 1972 1420 2003 ad
1428 1972 1464 2003 td
1474 1978 1601 2005 veniant
1608 1997 1620 2013 ,
1646 1971 1771 2014 etsiey’us
1785 1973 1880 2007 verba
1891 1985 1952 2007 non
1962 1981 2028 2010 ani-

1128 2018 1370 2053 madvertebant.
1399 2020 1640 2055 Constantinus
1654 2023 1930 2066 Harmenopulus
1939 2025 2028 2067 post-

1128 2066 1280 2109 quamde
1289 2067 1359 2102 illis
1370 2093 1382 2109 ,
1407 2070 1464 2113 qui
1476 2071 1571 2105 suum
1584 2071 1729 2115 Lapsum
1743 2084 1833 2107 novo
1843 2074 2026 2116 certamine
2054 2107 2058 2111 .

1126 2117 1314 2161 purgassent
1324 2142 1335 2159 ,
1360 2118 1489 2155 dixerat
1502 2144 1513 2160 ,
1537 2127 1571 2154 in
1581 2121 1716 2155 omnibus
1737 2124 1803 2156 cum
1810 2124 2026 2167 graculattone

1126 2173 1336 2201 communicent
1346 2193 1357 2209 ‚
1385 2170 1489 2216 pergit
1502 2170 1542 2205 ad
1556 2173 1743 2215 praesentem
1762 2173 1939 2208 Canonem
1952 2199 1963 2215 ,
1990 2175 2026 2208 δε

1126 2216 1245 2251 illidat
1258 2216 1323 2252 hoc
1335 2218 1584 2264 Compendium
1604 2222 1640 2256 δε
1662 2221 1824 2257 Scholion
1841 2236 1848 2255 ε
1876 2225 2024 2258 similiter
2060 2266 2065 2271 .

1125 2268 1161 2301 <5
1172 2273 1223 2310 qut·
1228 2266 1335 2310 sponte
1346 2270 1390 2302 ad
1397 2270 1532 2305 obeunda
1541 2278 1708 2306 certamina
1711 2280 1913 2315 perrexerint.
1943 2274 2025 2313 Uti-

1125 2329 1189 2361 que
1199 2318 1235 2352 in
1245 2319 1401 2353 omnibus
1413 2332 1491 2355 curn
1512 2322 1738 2367 gratulatione
1761 2324 2022 2365 communicent.

1126 2371 1212 2400 Nam
1227 2376 1285 2410 pro
1306 2368 1421 2410 Cbrtsto
1441 2372 1479 2404 td
1488 2371 1637 2413 faciunt,
1663 2373 1785 2415 tametsi
1790 2386 1847 2407 non
1855 2373 2023 2418 secundum

1124 2417 1275 2458 cbrtstum
1286 2443 1297 2459 ,
1324 2426 1377 2462 qui
1393 2419 1626 2463 persecutionem
1648 2424 2019 2468 Patientesfugirejuffit.

1125 2467 1269 2513 Proinde
1280 2469 1403 2510 Canon
1413 2473 1483 2518 agit
1494 2472 1535 2507 de
1545 2473 1614 2507 illis
1625 2497 1636 2513 ,
1662 2474 1721 2517 qui
1741 2485 1784 2508 ex
1803 2475 1854 2508 sui
1865 2473 2022 2509 Oblatio-

1125 2529 1165 2552 ne
1178 2521 1349 2555 evaserunt
1358 2521 1424 2556 sine
1441 2522 1559 2567 Lapsu'.
1587 2523 1632 2557 Et
1652 2523 1740 2568 ipsos
1764 2524 1869 2559 sancit
1891 2525 2022 2559 tractari

1123 2580 1165 2603 eo
1175 2569 1278 2604 modo
1290 2596 1301 2611 ‚
1327 2573 1557 2616 quoanterior
1574 2573 1698 2608 Canon
1722 2574 1912 2609 uastandos
1929 2574 2020 2618 Juffit

1125 2619 1198 2654 illos
1209 2644 1221 2660 ,
1246 2622 1303 2665 qui
1330 2622 1424 2665 Lapsi
1449 2634 1615 2658 certamen
1634 2625 1883 2668 resumpserant.
1920 2625 2020 2658 Man-

1123 2669 1178 2704 dat
1190 2670 1263 2714 ipsis
1271 2671 1380 2707 statim
1391 2673 1539 2718 impendi
1555 2674 1688 2718 plenam
1702 2674 1994 2709 Communionem
2007 2698 2020 2714 ,

1124 2721 1177 2754 seu
1191 2721 1435 2758 Perfestionem
1448 2748 1458 2764 ‚
1485 2735 1523 2758 ac
1536 2724 1795 2767 perfestiffimam
1809 2724 2019 2759 Reconcilia-

1124 2771 1260 2804 tionem.
1307 2774 1398 2820 Qia
1432 2776 1550 2817 nempe
1582 2775 1657 2808 licet
1683 2786 1725 2809 ex
1748 2774 1925 2808 indiscreto
1947 2798 1957 2814 ‚
1983 2774 2019 2808 dc

1125 2831 1193 2855 non
1204 2823 1385 2857 secundum
1397 2824 1568 2859 scientiam
1581 2848 1590 2864 ,
1620 2834 1730 2858 tamen
1749 2835 1790 2857 ex
1802 2825 1867 2858 Dei
1879 2825 1950 2858 zelo
1963 2823 2019 2858 de-

1123 2871 1290 2914 liquerunt
1309 2898 1320 2914 ‚
1347 2873 1488 2919 ideoque
1511 2874 1721 2909 merebantur
1745 2874 2017 2908 misericordiam.

1122 2919 1262 2956 Interim
1282 2923 1424 2957 omnino
1447 2934 1630 2967 peccarant.
1668 2925 1713 2958 Et
1724 2922 1859 2966 quidem
1871 2924 2019 2958 mortali-

1123 2982 1178 3005 ter.
1207 2972 1371 3018 Alioquin
1386 2973 1647 3009 communionis
1657 2973 1842 3008 redditione
1852 2985 1890 3008 ac
1903 2985 2018 3009 recon-

1123 3021 1292 3058 ciliatione
1303 3036 1370 3058 non
1396 3024 1619 3069 indiguissent.
1659 3024 1704 3057 Et
1720 3022 1801 3058 hinc
1815 3024 1906 3059 vides
1923 3023 2017 3068 quod

1123 3073 1208 3106 avita
1219 3074 1370 3108 Ecclefiae
1391 3074 1579 3118 Disciplina
1590 3072 1787 3118 quibusdam
1797 3074 1994 3109 mortalibus
2005 3098 2019 3115 ‚
2078 3091 2082 3095 ·

1123 3124 1156 3157 δε
1167 3123 1302 3165 quidem
1313 3124 1457 3158 externis
1469 3133 1568 3167 atque
1588 3123 1731 3158 notoriis
1742 3149 1752 3165 ‚
1778 3126 1920 3168 peccatis
1943 3124 2019 3158 nul-

1124 3174 1188 3207 lam
1202 3174 1392 3216 imposuerit
1404 3174 1685 3214 Satisfattionem,
1711 3174 1767 3209 sed
1792 3175 1860 3209 sola
1883 3175 2019 3214 statim,

1122 3225 1155 3258 ὅς
1172 3223 1307 3277 quidem
1325 3223 1550 3269 perfectissima
1563 3247 1574 3266 ‚
1602 3224 1894 3261 Reconciliatione
1914 3224 2018 3261 dona-

1130 3284 1219 3309 vent.

1928 3519 2013 3556 CA-
