2346 3776
658 122 1104 175 D1ssERTAT10
1152 121 1580 175 prosumus>
1984 143 2010 193 9*

204 218 276 262 erge
280 205 529 260 piefflp'lu'ris
529 207 651 251 faciens
662 205 682 248 ‚⁴
696 210 789 251 qucim
798 205 946 254 aspeffum
964 209 1076 250 Paren-

205 276 273 300 tum
283 289 298 307 ,
312 263 533 299 *dexandriam
543 259 691 293 contendit
700 283 711 299 ‚
736 259 873 301 docetque
884 258 964 291 illius
975 259 1076 291 Eccle-

196 316 250 358 fiae
259 307 434 358 Bpfiopum
441 335 452 351 ,
479 311 594 354 utique
603 319 714 343 recens
723 308 912 343 ordinatum
922 307 1075 342 Sanstum

202 362 417 399 Athanasium
429 386 441 402 ‚
467 361 557 394 Indos
568 365 705 393 maxima
715 360 783 392 duci
803 360 966 401 cupiditate
979 364 1075 400 perci-

193 414 301 458 flmdi
318 413 440 446 luminis
461 415 586 444 Divinae
604 415 781 455 cognitionis.
817 409 930 457 Quam
950 406 1074 442 AEdefii

195 468 235 498 {c
244 462 427 497 Frumentii
436 461 596 497 diversam
607 461 642 494 in
652 459 758 495 reditu
768 469 913 494 mentem
935 459 1073 493 insinuat

191 513 293 548 etiam
304 512 450 548 Socrates
461 537 472 554 ‚
499 512 534 546 δε
545 511 631 546 clare
640 508 737 546 tradit
748 510 904 544 Hermias
913 508 1073 544 Zozome-

193 573 263 596 nus.
301 564 430 598 Omnes
450 562 612 597 affirmant
639 561 871 595 Frumentium
902 560 920 593 a
954 560 1071 594 Sancto

194 609 376 648 Athanasio
396 613 490 648 fuisse
511 621 656 648 creatum
666 635 676 652 ,
702 622 739 645 ac
760 610 890 645 missum
903 610 971 644 istis
982 608 1072 644 Indis

192 662 339 706 primum
349 664 551 707 Episcopum
562 687 574 704 ,
598 661 670 696 istic
679 661 858 695 coruscasse
868 661 1002 695 summis
1012 659 1070 692 mi-

190 712 313 747 raculis
323 737 334 753 ,
361 714 394 747 δε
402 713 532 759 eximiis
552 712 780 747 conversarum
797 712 982 746 animarum
1005 710 1073 742 fru-

192 761 296 798 ‹stibus
305 787 317 803 ,
342 772 440 806 atque
449 762 495 797 ita
507 760 702 807 Apostolica
713 770 860 806 tempora
870 772 926 806 per
935 760 1003 803 ejus
1014 759 1073 793 vir-

191 811 440 846 turesrevixiffe.
466 811 592 846 Eadem
601 812 715 846 omnia
727 812 901 846 confirmat
913 811 949 844 in
962 811 1017 844 sua
1031 808 1071 843 ad

191 859 449 895 Ecclesiasticam
456 861 591 896 Eusebii
601 862 810 897 Caesaraeensis
822 861 1006 895 Historiam
1021 871 1071 903 ap-

190 909 329 954 pendice
338 912 492 946 Ruffinus
503 911 688 955 Presbyter,
698 921 796 957 atque
806 911 958 956 adjungit
971 924 977 943 :
991 913 1072 953 ,Quae

58 935 121 967 Lib.
133 946 156 965 1.

57 983 123 1015 cap·
132 985 159 1012 9·
190 963 243 992 nos
253 960 383 1004 itagesta
394 985 406 1002 ‚
431 973 489 995 non
500 968 632 1004 opinione
651 964 756 1007 vulgi,
778 960 836 1005 Jed
856 960 917 1005 ipso
936 958 1071 1001 AEdefio,

192 1012 260 1048 Tyri
271 1011 453 1050 -Presbytero
466 1011 742 1054 postmodumfac‘lo
754 1038 764 1054 ,
789 1019 841 1055 qui
853 1016 1022 1046 Frumentis
1030 1019 1072 1042 co-

191 1069 252 1094 mes
258 1061 459 1103 priusfioerat
469 1086 480 1102 ‚
505 1061 652 1103 referente
663 1068 858 1107 cognovimus.

56 1129 120 1162 'Ab‘
151 1135 167 1162 8
244 1110 290 1145 Et
303 1109 383 1146 hinc
394 1112 483 1147 lucet
495 1110 727 1156 Nicephorum
737 1112 910 1146 Calixtum
927 1136 938 1152 ,
963 1107 1069 1152 quill-

55 1178 120 1210 cap,
128 1154 177 1209 35:
192 1159 360 1196 lustratam
376 1162 395 1195 a
416 1162 536 1196 Sancto
557 1162 752 1196 Frumentio
772 1161 904 1195 Indiam
930 1159 1066 1194 affirmat

186 1210 283 1244 fiiisse
292 1210 437 1245 Felicem
450 1210 625 1250 Arabiam,
651 1222 689 1245 ac
700 1210 818 1244 Sabam
836 1212 900 1243 effe
920 1211 989 1252 ejus
999 1207 1069 1242 Me-

185 1260 347 1303 tropolim
369 1284 381 1300 ,
406 1259 576 1303 insigniter
596 1257 800 1291 hallucinari.
837 1257 956 1300 Neque
978 1258 1033 1291 eni

183 1310 320 1343 sanstus
329 1307 482 1341 Thomas
492 1315 550 1340 aut
559 1306 692 1340 Sanstus
705 1305 956 1350 Bartholomeus
965 1308 999 1340 in
1010 1308 1070 1341 Fe-

184 1357 241 1392 lici
253 1354 376 1391 Arabia
389 1356 673 1401 prndicarunt,sed
685 1358 720 1390 in
731 1357 897 1391 Orientali
909 1357 980 1401 post
992 1357 1066 1391 Per-

147 1412 149 1415 '
184 1405 283 1441 fidem
305 1406 409 1440 India.
458 1406 555 1442 Certe
575 1407 732 1451 antiquos
752 1416 849 1451 atque
866 1407 1065 1442 deformatos

183 1456 292 1491 Sancti
303 1454 447 1491 Thomae
455 1455 660 1498 Christianos
675 1456 785 1491 noster
797 1456 973 1491 Confrater
990 1455 1066 1491 Ale-

183 1506 258 1541 xius
266 1506 459 1547 Menenius,
486 1506 667 1542 Orientalis
675 1505 778 1541 Indiae
800 1518 906 1541 novus
925 1505 1065 1550 Aposto-

183 1555 235 1590 lus
244 1579 256 1596 ‚
267 1548 421 1591 ndn'istic
431 1581 442 1597 ‚
456 1556 510 1592 sed
523 1555 577 1591 hic
588 1557 716 1591 invenit
729 1581 739 1597 ,
765 1557 906 1591 correxit
917 1581 928 1597 ‚
947 1568 985 1591 ac
996 1555 1065 1590 red-

181 1604 270 1640 didit
281 1607 440 1641 Romanae
451 1606 612 1643 Ecclefiae.
639 1608 683 1642 Et
695 1607 789 1642 Felix
799 1605 923 1642 Arabia
935 1618 1003 1640 non
1018 1606 1063 1640 est

182 1656 321 1691 interior
331 1666 430 1701 atque
439 1664 582 1691 extrema
593 1656 700 1697 India,
712 1668 771 1691 nec
783 1657 942 1692 incolitur
951 1657 970 1690 a
982 1657 1063 1691 mul-

183 1706 227 1740 tis
235 1705 433 1742 diversarum
445 1707 632 1752 linguarum
643 1706 797 1753 gentibus
807 1732 818 1748 ‚
838 1719 898 1742 nec
909 1705 995 1742 Indo
1007 1707 1063 1740 flu-

183 1756 288 1796 mini,
313 1757 332 1790 a
342 1769 409 1800 quo
421 1756 516 1792 India
527 1769 651 1792 nomen
664 1756 762 1792 habet
774 1783 783 1798 ‚
808 1758 854 1792 est
867 1759 982 1792 vicina.
997 1757 1062 1791 Cu-

185 1805 291 1839 :iosus
299 1806 473 1850 Meropius
485 1807 591 1842 voluit
601 1806 710 1841 videre
720 1807 820 1842 Indos
831 1833 840 1848 ‚
869 1819 1010 1852 quorum
1022 1807 1063 1843 ad

185 1854 418 1899 Imperatorem
438 1855 697 1891 Constantinum
720 1858 938 1902 Legationem
949 1858 1064 1891 descri-

186 1902 235 1938 bit
247 1905 284 1938 in
293 1904 383 1939 illius
393 1905 459 1938 vita
472 1904 684 1940 Caesar’aeenfis
696 1907 874 1947 Eusebius,
900 1909 934 1942 ὃς
953 1907 1065 1950 adjun-

51 1970 114 2003 nh·
134 1981 167 2008 4·
183 1954 235 2000 git
245 1953 287 1988 de
298 1955 442 1998 ipsorum
459 1953 578 1989 donis:
615 1959 652 1988 In
673 1957 733 1988 illis
753 1966 841 1989 erant
858 1965 956 1990 omnia
970 1960 1064 2000 prope?

47 2020 114 2050 cap.
124 2023 168 2049 50·
183 2005 444 2044 clarissimarumac
456 2003 716 2047 pretiosissimarum
728 2017 914 2050 gemmarum
930 2018 1043 2051 genera
1053 2033 1063 2047 ,

184 2059 354 2088 animantia
362 2060 453 2089 etiam
463 2064 526 2088 tota
547 2065 660 2089 natura
680 2055 719 2089 ab
743 2055 820 2099 bisce*
836 2055 938 2096 nostris
958 2056 1064 2101 difire-

178 2110 299 2147 pantio.
328 2104 396 2140 Uti
407 2105 584 2140 Britannos
595 2106 636 2140 ad
643 2105 774 2142 ultimas
786 2107 980 2141 Occidentis
995 2131 1004 2147 ,
1016 2107 1060 2141 ita

183 2152 284 2189 hosce
293 2154 394 2189 Indos
401 2156 539 2190 affirmat
548 2156 622 2190 sitos
630 2155 671 2190 ad
678 2167 837 2191 extremas
847 2168 919 2191 oras
927 2157 1063 2192 orientis

183 2204 277 2238 Solis.
302 2204 417 2240 Palam
426 2205 576 2250 depingit
587 2206 791 2241 Orientalem
804 2207 942 2241 Indiam.
971 2208 1015 2240 Et
1027 2207 1061 2241 in

139 2277 142 2283 ι
183 2254 329 2288 Felicem
339 2253 496 2290 Arabiam
508 2266 577 2289 non
588 2256 748 2299 quadrant
769 2255 836 2291 haec
854 2258 982 2292 Ruffini
996 2268 1063 2291 ver·-

184 2303 225 2338 ba
238 2317 245 2336 :
272 2308 309 2337 In
319 2312 360 2338 'ea
373 2304 512 2347 divifione
520 2305 609 2339 orbis
621 2315 709 2340 terrae
721 2331 731 2347 ,
758 2319 826 2350 quae
834 2308 880 2340 ad
889 2310 1062 2349 praedican-

183 2355 257 2387 dum
278 2357 333 2388 Dei
353 2355 479 2388 verbum
492 2354 573 2398 sorte
587 2364 644 2397 per
665 2356 807 2398 Apostolos
830 2357 976 2391 celebrata
997 2357 1036 2398 est
1051 2382 1060 2397 ‚

183 2403 303 2438 fflmae
313 2404 463 2446 Parthia,
489 2405 634 2442 Mattbaeo
645 2406 807 2449 AEthiopia
825 2433 835 2448 ,
873 2414 900 2441 ei
918 2409 1060 2447 adiacens

185 2458 299 2486 citerior
310 2456 399 2487 India
410 2454 613 2497 Bartholomeo
619 2458 727 2490 dicitur
738 2459 861 2490 decreta.
875 2461 959 2492 Inter
970 2469 1061 2500 quam

189 2502 404 2546 Parthumque
414 2506 513 2538 media
522 2531 532 2546 ,
554 2504 614 2548 sed
619 2508 701 2550 longe
723 2514 843 2540 interior
863 2508 961 2541 trac‘lu
973 2509 1061 2541 India

185 2553 304 2586 ulterior
307 2556 411 2595 jacet,
436 2556 537 2589 multis
549 2562 645 2589 variis
656 2558 765 2599 linguis
776 2559 810 2591 Θ
815 2558 955 2600 gentibus
979 2557 1062 2590 habl-

186 2611 254 2636 tata
265 2627 276 2643 ‚
300 2615 392 2646 quam
415 2606 499 2638 velut
514 2606 597 2649 longe*
615 2615 756 2639 remotam
780 2608 877 2640 nullus
899 2606 1060 2649 Apostolicae

180 2653 406 2693 praedteanoms
418 2666 519 2688 vomer
536 2657 717 2698 impresserat
728 2681 738 2696 ,
764 2669 831 2699 quae
845 2666 945 2690 tamen
955 2666 1061 2699 tempo-

185 2701 268 2735 ribus
282 2703 462 2743 constantini
470 2703 590 2748 semina
595 2707 668 2749 fidei
673 2712 776 2747 prima
779 2706 916 2750 suftepit.
955 2711 1062 2741 Metro·
1094 2708 1096 2714 ‘

185 2752 275 2784 dorus
286 2754 407 2794 quidam
412 2753 600 2798 philosophus
614 2781 624 2796 ,
637 2754 883 2798 inspiciendorum
894 2758 1017 2791 locorum
1029 2760 1062 2792 (π

186 2801 265 2833 orbis
271 2801 479 2844 perscrutandi
484 2812 590 2849 gratia
603 2831 612 2846 ,
638 2807 803 2840 ulteriorem
813 2809 920 2841 dicitur
941 2809 1062 2840 Indt'am

181 2852 355 2895 penetraffe.
370 2855 466 2894 Cujus
477 2857 607 2898 exemplo
617 2863 769 2890 invitatus
780 2861 928 2898 Meropius
940 2859 1063 2900 quidam

189 2904 289 2939 Tyrius
302 2900 491 2945 Philosophus
505 2929 514 2944 ,
525 2907 581 2940 (arc.
608 2907 693 2955 Qis
707 2919 775 2942 non
783 2907 891 2942 videat
902 2906 988 2941 hanc
997 2920 1064 2942 om-

190 2949 274 2985 nino
285 2951 347 2985 esse
357 2953 550 2988 orientalem
558 2956 685 2991 Indiam
696 2958 712 2989 ἒ
737 2956 823 2992 certe
835 2957 977 2992 Felicem
986 2958 1065 2992 Ara-

194 3000 283 3034 biam
297 3025 307 3041 ,
334 3001 410 3036 licet
424 3003 577 3038 Romano
589 3006 729 3049 Imperio
742 3018 922 3051 numquam
939 3008 1065 3042 subfue-

194 3051 236 3084 rit
246 3075 257 3091 ‚
282 3054 397 3086 omnes
408 3053 560 3087 novimus
569 3066 634 3088 non
646 3059 707 3091 esse
717 3057 800 3092 adeo
809 3067 979 3092 remotam:
994 3058 1065 3092 Nec

196 3101 318 3143 primus
329 3102 429 3145 ipsam
441 3102 458 3135 ἑ
470 3103 631 3137 Romanis
640 3107 764 3142 acceffit
775 3107 997 3148 Metrodorus,
1008 3120 1065 3142 nec

198 3150 356 3185 secundus
368 3153 546 3196 Meropius.
573 3154 635 3187 lsta
645 3154 690 3188 est
703 3156 800 3200 igitur
812 3158 906 3192 India
918 3183 927 3198 ,
953 3158 994 3192 de
1005 3170 1067 3201 qua

200 3199 406 3236 Caesaraeenfis
416 3202 573 3237 Eusebius
583 3203 692 3238 scribit
704 3205 737 3238 in
751 3206 920 3241 Chronico
937 3221 943 3240 :
964 3211 1068 3249 Traja-

204 3260 258 3283 nus
267 3257 469 3293 Imperator-in
481 3260 558 3285 mari
569 3254 657 3286 rubro
667 3254 776 3297 claffi’m
796 3256 920 3296 instituit
930 3283 940 3298 ‚
966 3269 1000 3292 ut
1013 3267 1068 3300 per

205 3303 368 3334 eaemIndiae
374 3302 451 3344 fines
462 3302 600 3341 vastaret.
628 3304 671 3337 Et
683 3305 717 3337 in
730 3306 956 3347 quaestionibus
965 3308 1005 3342 ad
1019 3309 1069 3342 Li-

61 3236 167 3264 Armot.

69 3284 79 3302 ι
86 3277 131 3303 06.

67 3351 175 3391 Qiaest.
206 3348 298 3384 brum
307 3352 439 3386 tertium
451 3353 582 3398 Regum
589 3353 698 3388 scribit
709 3353 940 3391 Theodoretus
952 3370 958 3388 :
985 3360 1073 3401 ,Quid

64 3401 80 3429 3
87 3402 111 3420 2·
207 3397 245 3437 est
253 3400 383 3441 sophera
394 3403 410 3434 ,ἕ
437 3401 474 3442 est
484 3405 624 3445 quaealam
636 3410 713 3448 regio
723 3407 819 3439 Indice
827 3431 836 3446 ‚
846 3418 935 3447 quam
946 3410 1069 3451 Geogra-

200 3447 258 3489 phi
274 3456 423 3485 nominant
441 3464 563 3485 auream
588 3463 708 3487 terram.
738 3456 846 3490 Etiam
859 3456 1013 3491 Salomon
1036 3459 1068 3491 &

206 3495 356 3549 Josaphat
378 3524 387 3539 ,
422 3502 635 3538 Hebraeorum
658 3505 764 3550 Reges
786 3530 795 3546 ‚
829 3504 1011 3542 hahuerunt
1034 3509 1066 3542 in

303 3548 416 3591 Differt.
428 3553 550 3585 Prooem.
563 3556 640 3586 Tom.
651 3558 675 3586 Ι.

1120 201 1217 240 ἰη-πὶ
1228 205 1325 240 rubro
1335 205 1464 242 classem
1477 231 1488 248 ‚
1515 219 1585 251 quae
1595 206 1630 240 in
1641 203 1749 250 Ophir
1759 206 1826 243 ibat
1837 234 1847 250 ,
1865 200 2008 256 portatu-

1133 267 1167 290 ra
1179 267 1293 290 aurum
1306 281 1318 297 ‚
1340 257 1375 290 ὅ(
1386 268 1455 290 non
1468 257 1525 291 nisi
1545 257 1616 300 post
1636 257 1817 291 triennium
1834 262 2010 296 reverteba-

1132 316 1192 340 tur.
1206 305 1315 351 Ophir
1324 306 1465 341 omnino
1476 308 1540 340 fuit
1551 308 1720 342 orientalis
1730 307 1825 341 India
1837 332 1847 348 ‚
1859 310 1899 343 ad
1911 316 2010 352 ‘quam

1134 367 1175 390 ex
1185 356 1284 392 rubro
1293 357 1375 391 mari
1385 357 1568 391 etiamnum
1578 356 1677 392 hodie
1688 358 1868 403 navigatur.
1895 359 1937 392 Et
1951 360 2011 394 hac

1134 406 1186 439 via
1198 407 1299 440 etiam
1309 407 1443 441 Sandius
1453 406 1624 442 Pantaenus
1635 408 1726 442 ivisse
1736 419 1778 442 ex
1796 408 1952 454 AEgypto
1974 411 2009 443 in

1133 455 1278 496 Indiam!
1287 457 1320 490 &
1327 469 1370 491 ex
1380 454 1441 491 hae
1452 457 1487 491 in
1499 457 1591 492 illam
1603 458 1699 502 poffit
1710 459 1843 493 Sanetus
1854 460 2011 494 Frumen-

1135 506 1199 540 ti'us
1210 506 1365 541 redivisse.

1180 557 1313 591 Sanetus
1322 558 1349 591 F
1350 559 1532 592 rumentius
1541 567 1609 592 erat
1624 559 1710 602 apud
1723 559 1856 602 Tyrum
1868 586 1878 602 ,
1900 561 2011 603 primae

1131 604 1299 641 Phaeniciae
1310 606 1351 641 ad
1368 608 1565 642 orientalem
1577 608 1752 643 Dioecesim
1765 611 1933 645 manifeste
1945 613 2011 655 spe-

1131 658 1246 691 stantis
1256 658 1476 701 Metropolim
1487 683 1498 699 ‚
1518 669 1613 692 natus
1625 669 1722 703 atque
1733 670 1863 695 renatus
1875 674 1886 693 :
1898 661 2011 709 Qiare

1131 706 1232 750 igitur
1242 708 1407 743 Interioris
1420 709 1522 743 lndiae
1530 709 1733 753 plantaturus
1746 710 1923 745 Ecclesiam
1935 735 1945 749 ‚
1972 723 2011 745 ac

1131 755 1186 799 ipfi
1200 757 1400 802 Episcopum
1411 756 1444 793 &
1458 759 1594 793 Clerum
1607 760 1827 802 postulaturus
1836 786 1847 801 ,
1874 771 1943 793 non
1962 772 2013 794 ac-

1130 805 1219 840 cessit
1228 807 1269 841 ad
1281 810 1435 843 Sanctum
1456 810 1641 844 Eustatium
1667 808 1856 844 Antiochiae
1877 809 2013 844 Patriar-

1130 852 1227 889 cham
1239 881 1249 896 ‚
1261 858 1315 891 sed
1327 858 1432 892 divifit
1445 860 1476 892 se
1487 859 1504 892 a
1515 861 1611 894 fratre
1624 858 1761 894 AEdefio
1776 884 1785 899 ,
1796 860 1882 894 solus
1892 861 2015 904 ingres-

1130 906 1182 939 sus
1192 905 1237 940 est
1248 906 1347 942 aliam
1358 908 1457 942 tantis
1470 922 1507 943 ac
1519 920 1570 943 tot
1582 910 1735 953 periculis
1756 910 1897 945 obnoxii
1918 910 2014 943 itine-

1130 955 1173 989 ris
1182 957 1287 998 viam,
1313 958 1348 991 &
1358 958 1484 992 acceffit
1494 959 1535 992 ad
1548 960 1701 994 Sanstum
1712 958 1951 994 Athanasium?
1978 961 2012 994 &

1128 1005 1216 1040 certe
1226 1005 1361 1042 Persidis
1372 1031 1383 1047 ,
1408 1008 1463 1041 cui
1474 1008 1568 1041 India
1580 1009 1717 1051 adjacet,
1729 1010 1872 1044 Ecclesia
1886 1012 2010 1053 semper

1129 1056 1266 1099 respexit
1276 1069 1314 1090 ac
1326 1067 1476 1091 venerata
1485 1057 1531 1092 est
1543 1057 1797 1094 Patriarchalem
1809 1058 2012 1095 cathedram

1129 1104 1323 1141 Antiochiae.
1352 1107 1550 1151 Respondeo
1562 1109 1717 1152 antiquos
1728 1109 1877 1143 Ecclefiae
1898 1109 2010 1143 Patres

1127 1155 1212 1190 circa
1224 1167 1325 1190 novas
1337 1157 1554 1192 Barbarorum
1575 1157 1734 1192 Ecclefias
1754 1160 1885 1192 servasse
1899 1160 2010 1203 Regu-

1127 1204 1193 1239 lam
1207 1230 1216 1245 ,
1227 1218 1327 1250 quam
1337 1208 1372 1240 in
1384 1206 1546 1243 Africano
1557 1207 1684 1243 Codice
1695 1208 1808 1242 laudat
1822 1207 1877 1242 hic
1889 1220 2010 1243 canon:

1129 1256 1264 1289 Plenario
1276 1257 1403 1290 Concilio
1409 1257 1592 1297 constitutum
1603 1258 1641 1297 est
1652 1283 1662 1298 ,
1687 1268 1721 1291 ut
1742 1270 1933 1301 quaecumque
1955 1262 2015 1291 Ec-

1126 1304 1213 1346 cless‘ae
1222 1313 1254 1339 in
1269 1306 1392 1347 Dloecefi
1396 1307 1559 1347 constituta·
1564 1307 1639 1351 sunt
1641 1307 1740 1348 fac‘lae
1752 1308 1912 1342 Catholicae
1933 1334 1943 1349 ‚
1971 1310 2016 1342 ad

1126 1366 1177 1387 eas
1188 1356 1361 1390 Catbedras
1366 1363 1561 1398 pertineant,
1577 1366 1636 1399 per
1649 1370 1777 1399 quarum
1789 1362 1819 1391 E
1817 1357 1952 1401 piftopos
1960 1359 2015 1400 fa-

1126 1405 1204 1438 Hum
1223 1406 1261 1447 est
1272 1431 1282 1447 ,
1308 1416 1341 1440 ut
1364 1406 1525 1440 catholica.-
1543 1412 1660 1440 Um'tati
1679 1415 1935 1454 communicarent.
1977 1410 2016 1442 ln

1127 1455 1335 1492 redeuntibus
1355 1467 1397 1489 ex
1416 1456 1518 1501 longa
1541 1455 1646 1491 haerefi
1666 1456 1823 1491 Ecclesiis
1834 1481 1845 1497 ,
1871 1458 2017 1491 circum-

1125 1505 1237 1549 scripta
1249 1507 1345 1541 variis
1355 1505 1606 1540 conditionibus
1618 1532 1628 1546 ‚
1640 1507 1675 1540 in
1686 1507 1894 1541 venientibus
1911 1508 1929 1541 ἐ
1940 1508 2015 1541 Bar-

1125 1554 1219 1590 bariae
1227 1568 1266 1591 ac
1276 1556 1475 1601 paganismo
1486 1556 1528 1591 ad
1540 1555 1709 1590 Christum
1730 1557 1922 1602 regionibus
1950 1558 2015 1602 ple-

1127 1606 1165 1640 ne
1175 1607 1299 1651 semper
1308 1618 1345 1641 ac
1357 1605 1503 1641 absolute
1517 1607 1581 1640 fuit
1592 1608 1713 1641 servata
1725 1607 1784 1640 ista
1798 1608 1928 1653 Regula
1944 1633 1954 1648 ,
1966 1607 2016 1642 id-

1124 1658 1227 1700 eoque
1237 1658 1392 1691 conversa
1402 1668 1456 1700 per
1468 1657 1623 1691 Sanctum
1635 1657 1824 1699 Pantenum
1837 1657 1931 1692 India
1949 1659 2015 1701 spe-

1123 1708 1205 1741 ἀπο
1217 1707 1330 1742 debuit
1342 1706 1383 1741 ad
1395 1705 1596 1741 Cathedram
1618 1707 1651 1740 &
1675 1707 1852 1741 Dioecefim
1863 1706 2009 1741 Alexan-

1122 1756 1355 1792 drinam.1dem
1367 1757 1543 1792 Pantaenus
1553 1757 1594 1791 ad
1605 1756 1750 1799 ejusdem
1762 1757 1844 1791 sedis
1852 1757 2011 1792 obedien-

1123 1807 1203 1842 tiam
1222 1808 1366 1843 omnino
1385 1807 1536 1850 perduxit
1559 1807 1687 1841 vicinos
1709 1806 1795 1840 filios
1810 1808 2008 1844 'Sanstorum

1124 1856 1355 1892 Bartholomaei
1376 1870 1414 1891 ac
1438 1856 1590 1891 Thomae.
1622 1858 1664 1890 Et
1686 1857 1754 1899 ejus
1778 1867 1861 1900 opus
1876 1882 1885 1897 ,
1911 1869 2010 1901 atque

1122 1906 1286 1942 laudatam
1298 1907 1462 1951 Regulam
1476 1917 1611 1940 noverat
1622 1907 1724 1939 laicus
1737 1905 1844 1940 adhuc
1856 1908 2014 1941 Frumen-

1122 1958 1195 1991 tius:
1209 1959 1301 1992 Hinc
1313 1957 1383 1991 non
1394 1954 1614 1990 Antiochiam
1627 1955 1754 1989 accessit
1769 1980 1779 1995 ,
1793 1956 1846 1990 sed
1863 1955 2013 1990 Alexan-

1121 2007 1225 2041 driam
1238 2032 1248 2046 ,
1275 2016 1373 2048 atque
1385 2005 1454 2039 illic
1466 2006 1485 2039 ὲ.
1496 2005 1614 2038 Sansto
1629 2004 1810 2039 Athanasio
1820 2006 1864 2040 est
1877 2007 1913 2039 in
1937 2007 2013 2049 Epi-

1123 2057 1256 2100 scopum
1268 2056 1480 2090 consecratus.
1500 2054 1571 2088 Cur
1583 2054 1719 2088 Persidis
1733 2054 1874 2088 Ecclesia
1887 2055 1927 2089 ad
1941 2055 2011 2090 An·
2037 2078 2039 2080 ·

1122 2106 1311 2141 tiochenam
1323 2103 1524 2140 Cathedram
1535 2106 1653 2149 speaet
1664 2130 1676 2147 ‚
1707 2105 1765 2138 suo
1778 2104 1853 2139 loco
1866 2117 2010 2151 expone·

1123 2166 1182 2190 tur.

1172 2207 1216 2240 Et
1229 2206 1287 2240 ista
1300 2208 1367 2241 Eva
1373 2206 1500 2252 ngelica
1512 2217 1567 2251 per
1578 2207 1711 2242 Sanstos
1722 2206 2008 2251 Bartholomeum,

1121 2255 1499 2298 Thomam,Pantaenum
1508 2282 1518 2298 ‚
1529 2268 1566 2291 ac
1577 2259 1604 2291 F
1607 2259 1806 2293 sumentium
1818 2260 1899 2293 fasta
1913 2259 2009 2293 Plan-

1120 2308 1202 2341 tatio
1213 2307 1270 2341 diu
1284 2307 1453 2351 permansit
1467 2307 1550 2341 salva.
1560 2308 1595 2342 ὃ(
1605 2308 1739 2354 integra.
1755 2309 1891 2343 Etenim
1904 2309 1938 2342 in
1953 2308 2008 2342 Li-

1121 2357 1185 2391 bris
1196 2356 1237 2391 de
1244 2358 1403 2391 consensu
1428 2358 1712 2402 Evangelistarum
1735 2358 1846 2392 scribit
1870 2359 2004 2392 Sanetus

1122 2407 1326 2451 Augustinus
1338 2407 1513 2441 Ecclesiam
1524 2409 1582 2441 suo
1595 2417 1741 2451 tempore
1754 2409 1846 2442 fuisse
1860 2407 1945 2442 adeo
1956 2408 2005 2442 di*
2023 2420 2081 2451 Lib,
2108 2431 2129 2451 L

1120 2457 1252 2492 [atatam
1265 2482 1275 2498 ‚
1295 2466 1328 2491 ut
1339 2458 1452 2502 longius
1474 2469 1566 2499 quam
1578 2462 1704 2491 Romam·
1712 2463 1833 2500 Imperii
1840 2461 1872 2502 J
1875 2470 1931 2491 ura
1943 2468 2004 2491 ten·
2022 2471 2047 2492 c.
2058 2474 2062 2490 1
2071 2472 2084 2497 3
2094 2475 2121 2490 ι.

1121 2509 1244 2548 duntur,
1255 2506 1345 2551 usque
1354 2509 1398 2540 ad
1406 2505 1518 2551 Persas
1529 2509 1563 2541 &⁵
1575 2509 1664 2540 Indos
1678 2532 1687 2547 ,
1698 2507 1831 2551 aliasque
1842 2508 2003 2541 Barbaras

1115 2567 1241 2603 gentes,
1251 2557 1401 2599 funiculos
1408 2564 1584 2601 porrigeret.
1614 2558 1658 2592 Et
1672 2559 1706 2591 in
1719 2569 1833 2602 quarta
1848 2558 2003 2592 Homilia

1120 2608 1160 2642 de
1173 2609 1288 2643 Sansta
1301 2606 1471 2651 Prophetae
1482 2607 1642 2642 Samuelis
1653 2618 1756 2642 matre
1767 2606 1869 2642 Anna
1893 2609 2005 2641 scribit

1122 2660 1252 2693 Sanetus
1263 2658 1404 2701 Joannes
1418 2656 1673 2700 Chrysostomns
1688 2671 1693 2689 :
1710 2663 1770 2699 Hec
1780 2659 1884 2691 mulier
1897 2658 2004 2699 ubique

1118 2715 1251 2752 gentium
1262 2720 1339 2741 nunc
1346 2709 1541 2750 praedicatur.
1553 2711 1599 2740 Et
1601 2707 1666 2749 five
1680 2714 1712 2740 in
1721 2708 1866 2747 schytiam
1873 2708 1976 2749 profici
1974 2705 2005 2749 s-

1121 2765 1211 2799 caris,
1215 2758 1279 2801 five
1290 2765 1322 2791 in
1334 2761 1498 2802 AEgyptum
1507 2757 1587 2799 ‚five
1598 2763 1631 2791 in
1643 2760 1762 2791 Indiam
1770 2783 1779 2797 ‚
1799 2757 1864 2798 five
1874 2759 1917 2789 ad
1925 2755 2006 2799 ipsos

1123 2809 1199 2842 orbis
1211 2815 1364 2849 terminos,
1372 2820 1470 2841 omnes
1481 2809 1590 2840 audies
1601 2810 1666 2848 ejus
1681 2808 1835 2849 benefat‘la
1846 2809 2008 2839 decantan-

1124 2869 1176 2892 tes.
1185 2858 1289 2907 Qod
1302 2859 1417 2902 nempe
1427 2868 1542 2891 omnes
1555 2857 1617 2891 illae
1627 2868 1743 2902 gentes
1753 2867 1832 2890 tunc
1850 2855 2007 2890 haberent

1128 2910 1195 2942 suas
1206 2908 1370 2943 Ecclesias.
1400 2909 1511 2941 Etiam
1525 2908 1560 2940 in
1572 2907 1724 2941 Homilia
1736 2931 1746 2946 ,
1758 2917 1822 2949 qua
1833 2905 2005 2940 Sacrarum

1128 2959 1307 2993 Literarum
1320 2959 1494 2992 lessionem
1505 2956 1702 2991 demonstrat
1716 2955 1830 2990 utilem
1843 2967 1880 2990 ac
1899 2958 2006 2990 neces-

1129 3009 1244 3043 sariam
1251 3035 1262 3050 ,
1273 3008 1383 3042 scribit
1396 3007 1484 3042 idem
1498 3007 1578 3050 Joan
1589 3017 1656 3039 nes:
1668 3008 1689 3038 5
1690 3012 1739 3038 ive
1748 3007 1793 3038 ad
1799 3007 1891 3038 Indos
1903 3015 1933 3039 te
1942 3017 2007 3038 con-

1121 3059 1211 3101 feras
1222 3084 1231 3099 ‚
1244 3070 1315 3101 quos
1327 3063 1432 3092 Oriens
1443 3060 1464 3090 5
1464 3058 1492 3090 ol
1495 3063 1612 3098 prlmus
1625 3053 1751 3098 adspicit
1761 3080 1771 3095 ,
1791 3054 1856 3096 five
1865 3057 1910 3088 ad
1917 3061 2005 3089 Ocea-

1129 3121 1198 3142 num
1209 3118 1237 3141 te
1247 3108 1381 3149 conferas
1394 3132 1404 3147 ,
1423 3107 1488 3148 five
1497 3108 1541 3138 ad
1562 3108 1759 3139 Britannicas
1782 3106 1851 3138 illas
1864 3103 1982 3148 Insulas
1994 3131 2004 3146 ‚

1123 3159 1186 3201 five
1199 3164 1231 3191 in
1241 3161 1400 3190 Euxinum
1412 3160 1540 3189 Pontum
1551 3161 1677 3198 naviges
1688 3180 1699 3196 ,
1719 3154 1783 3196 five
1805 3157 1850 3187 ad
1858 3155 2004 3195 australes

1130 3212 1238 3242 Partes
1258 3207 1348 3240 abeas
1369 3232 1379 3246 ,
1404 3217 1502 3238 omnes
1523 3204 1628 3247 ubique
1650 3207 1754 3238 audies
1777 3206 1814 3238 de
1833 3212 1872 3238 iis
1894 3218 1962 3248 quae
1973 3212 2005 3238 in

1129 3262 1289 3299 Scripturis
1303 3255 1376 3298 sunt
1397 3280 1407 3295 ,
1437 3253 1683 3297 philosophantes.
1724 3255 1805 3288 Non
1826 3256 1891 3289 sine
1910 3268 1968 3289 cau
1974 3257 2004 3289 sa

1129 3308 1257 3342 Indiam
1269 3305 1417 3350 adjungit
1427 3304 1580 3350 AEgypto
1595 3317 1603 3336 ε
1631 3304 1733 3353 Qod
1747 3307 1863 3348 nempe
1876 3306 1931 3339 illa
1942 3306 2005 3347 spe-

1132 3361 1227 3392 staret
1239 3356 1278 3390 ad
1293 3354 1381 3389 hunc
1391 3354 1658 3389 patriarchatum.
1688 3356 1731 3388 Et
1744 3353 1822 3388 hinc
1832 3355 1873 3389 de
1892 3354 2007 3388 Ther,-

1132 3408 1221 3451 philo
1234 3407 1304 3439 istic
1317 3403 1502 3439 Patriarcha
1513 3430 1522 3445 ,
1549 3404 1638 3448 quod
1662 3405 1702 3439 ad
1720 3405 1946 3439 celebrandam
1968 3406 2006 3437 in

1133 3458 1235 3491 hortis
1246 3455 1444 3490 Ruffinianis
1455 3454 1627 3498 Synodum
1635 3480 1645 3495 ‚
1670 3456 1703 3488 δε
1714 3454 2004 3502 condemnandum

1134 3507 1201 3542 istic
1213 3508 1365 3542 Sanctum
1378 3505 1538 3549 Ioannem
1548 3503 1822 3547 Chrysostomum
1835 3528 1846 3544 ,
1858 3516 1924 3538 non
1938 3514 2008 3536 tan-

1630 3555 1656 3587 B
1936 3562 2008 3586 tum
