2346 3776
54 2202 122 2239 Lib.
141 2214 167 2234 2.

57 2253 122 2286 cap.
130 2255 177 2277 20.

648 115 1084 172 DISs'ERTATm
1135 117 1563 171 PRoOEM1AL1s.

196 217 278 259 'quod
293 205 458 250 Alexandro
476 215 588 242 mortuo
607 210 827 249 quinquaginta
847 211 971 245 quatuor
992 206 1068 245 Epi-

194 264 295 309 scopi,
318 269 369 306 qui
376 258 516 303 partibus
529 257 694 292 Alexandri
715 256 750 288 (9⁹
776 252 1043 294 Meletiifavebant
1055 277 1065 292 ,

196 327 236 349 ex
247 312 392 360 Thebaide
399 311 433 343 Θ
442 310 558 351 reliqua
580 310 709 351 AEgypto
729 310 762 338 in
781 313 872 339 unum
892 302 981 336 coac‘li
996 314 1068 335 com-

194 368 372 399 municarint
382 366 460 393 inter
466 357 501 402 se
512 360 550 394 de
560 356 704 400 Episcopo
713 356 851 393 creando,
862 354 897 387 Θ
907 354 977 385 dato
980 355 998 393 j
1002 365 1066 386 ure-

188 412 322 456 „furando
332 408 532 444 communibus
533 406 676 451 suffragii
685 402 886 448 consenserint
897 403 935 436 de
947 414 1003 435 uno
1015 404 1064 436 eli-

188 462 296 507 gendo,
308 467 360 503 qui
371 458 506 501 Ecclefiae
513 459 728 492 Alexandrina·
731 453 934 498 gubernacula
934 451 962 495 s
955 465 973 485 u
971 452 1062 495 scipe-

188 520 250 552 ret,
255 509 314 554 βό
310 509 428 554 septem
436 520 548 549 eorum,
558 510 668 542 violato
667 505 884 549 jurejurando,
894 512 996 536 contra
1007 515 1062 536 om-

189 565 276 594 nium
282 562 466 596 voluntatem
473 583 484 601 ‚
510 560 586 593 clam
596 553 786 597 Athanasium
797 553 976 597 Episcopum
987 554 1064 586 ordi-

190 611 269 653 mffe
279 635 290 651 ‚
313 613 474 654 &propter
481 620 547 644 eam
555 607 674 652 causam
685 605 791 639 multos
802 614 867 638 tum
879 617 916 639 ex
929 604 1041 645 Populo
1053 627 1062 642 ‚

189 669 256 694 tum
265 672 303 694 ex
314 663 401 696 clero
411 664 539 706 AEgypti
550 660 652 702 vitasse
661 659 727 698 ejus
740 661 986 689 communionem.
998 653 1063 687 De-

189 710 321 755 sumpsst
329 710 388 754 hec
399 711 608 746 Zozomenus
618 720 660 743 ex
670 706 898 741 Alexandrina
912 702 1063 747 Synodo‚

190 772 231 794 ac
239 760 307 803 ejus
315 758 562 805 proAthanafio
585 757 808 802 Apolegitlcis
824 755 946 790 literis:
969 751 1065 797 Euse-

186 808 274 844 *bians
282 809 442 854 aJunrpaf}
449 809 561 844 obitum
570 807 710 851 Episcopi
720 808 901 847 Alexandri,
912 816 977 838 cum
982 813 1061 847 pau-

187 859 285 899 ciffimi
293 860 380 904 effent
389 885 401 902 ,
411 866 464 903 qui
474 857 626 899 Athanasii
635 864 812 892 mentionem
815 856 957 898 facerent
968 878 978 894 ‚
1001 852 1057 897 sex

185 917 245 945 aut
258 907 374 952 J‘eptem
386 908 546 953 Epifi·opos
561 910 740 942 Clanculum
760 909 795 942 (a
813 913 846 940 in
865 908 923 940 loco
942 902 1060 947 obscuro

186 969 256 995 eum
265 964 297 992 in
308 957 471 1003 Praesulem
480 962 596 1004 elegisse.
609 959 655 993 Et
664 959 750 993 infra
762 970 769 990 ε
783 955 910 1000 Prorsus
922 957 971 997 eju
972 951 1059 997 sdem

185 1014 342 1044 vanitatis
346 1008 421 1053 fiant
429 1019 495 1044 cum
499 1008 770 1056 superioribusque
780 1001 1063 1051 nuncftnguntfuifi

183 1056 233 1106 fe,
236 1057 347 1102 scilicet
356 1066 389 1093 in
398 1059 554 1103 Athanafii
559 1066 683 1094 introitu
689 1058 864 1103 seditiones,
875 1057 971 1090 ludus
982 1080 994 1096 ,
1007 1056 1062 1086 Po-

184 1109 325 1155 pulorum
334 1112 575 1152 lamentationes,
584 1111 667 1153 indig
671 1109 878 1150 neser-entium
890 1107 971 1140 illius
981 1114 1061 1138 crea-

187 1164 304 1192 tionem.
332 1160 428 1210 Qin
438 1160 568 1203 aliquot
577 1159 754 1193 Meletiani
764 1183 775 1198 ,
789 1157 854 1192 hoc
864 1156 922 1196 est,
931 1154 1058 1199 aliquot

187 1207 208 1243 ὲ
215 1208 356 1243 Meletio
362 1209 403 1244 ad
424 1210 571 1244 Matrem
592 1207 805 1244 Catholicam
827 1206 940 1239 reversi
958 1217 996 1239 ac
1007 1214 1062 1247 per

187 1256 363 1293 Nicaenam
381 1258 556 1301 Synodum
575 1255 780 1290 reconciliati
799 1254 956 1298 Episcopi
976 1253 1019 1288 ad
1032 1253 1061 1286 S.

189 1304 363 1341 Athanasii
372 1307 574 1343 creationem
584 1303 810 1339 concurrerint
820 1329 831 1345 ,
850 1303 906 1337 vix
918 1303 963 1337 est
972 1303 1063 1337 dubi-

185 1354 386 1390 tandum.At
396 1355 487 1400 quod
495 1355 557 1390 soli
565 1354 711 1398 ipsorum
723 1354 821 1398 pauci
832 1354 929 1388 illum
937 1364 1063 1388 creave-

188 1404 256 1438 rint
267 1430 278 1445 ‚
298 1407 345 1444 est
365 1405 642 1451 impudentiffima
665 1403 787 1439 fabula.
817 1404 911 1438 Hinc
927 1404 1062 1438 interim

188 1453 291 1495 lucet,
300 1457 390 1500 quod
402 1456 522 1491 Ariani
534 1457 635 1499 usque
644 1464 726 1488 tunc
739 1455 862 1488 fuerint
872 1453 1063 1487 Meletianis

188 1504 410 1541 inimicissimi.
438 1506 550 1541 Etiam
562 1504 753 1540 Meletianis
763 1504 912 1538 adversus
923 1501 1063 1537 Patriar·

188 1551 318 1589 chalem
326 1555 529 1591 Cathedram
539 1555 646 1590 adhuc
656 1553 899 1590 rebellantibus.
927 1553 1019 1591 Nam
1029 1553 1063 1587 ἀ

189 1601 252 1640 hos
262 1605 375 1640 invafit
384 1606 443 1641 ista
453 1605 578 1641 Ariana
588 1605 766 1641 calumnia.

238 1654 417 1692 Inimicitia
425 1657 556 1693 duravit
565 1659 667 1700 usque
685 1654 728 1691 ad
747 1664 892 1690 mortem
917 1654 1060 1689 Meletii.

190 1705 261 1741 Hic
271 1708 361 1741 enim
373 1707 534 1743 Arianam
546 1706 686 1742 haerefim
696 1705 894 1751 perpetuo&
914 1706 1065 1739 constan-

191 1765 241 1790 ter
250 1757 314 1791 fuit
323 1760 483 1793 aversatus
494 1784 504 1799 ‚
529 1758 677 1803 adeoque
692 1758 726 1792 &
748 1768 885 1791 omnem
903 1755 1063 1791 Arianam

190 1804 625 1842 Communionem.Novum
634 1807 836 1848 Alexandrie
842 1806 1065 1841 patriarcham

191 1853 407 1891 Athanasium
418 1858 577 1892 Eusebius
589 1856 853 1892 Nicomedienfis
866 1857 1047 1901 Episcopus
1055 1880 1065 1895 ‚

190 1903 359 1949 Bithyniae
366 1907 584 1951 Metropolita
595 1932 605 1948 ‚
622 1909 656 1944 ὃς
668 1907 800 1941 Arianae
807 1907 959 1941 fastionis
971 1906 1067 1952 figni-

192 1955 242 1990 fer
251 1980 263 1996 ,
288 1957 385 1992 variis
407 1957 517 1992 modis
536 1968 651 2003 urgere
666 1958 761 2001 caepit
780 1957 815 1991 δε
834 1966 979 2001 premere
991 1981 1002 1998 ‚
1029 1966 1066 1990 ut

190 2004 313 2041 Nicaeae
321 2007 516 2042 damnatum
527 2006 662 2048 Arium,
669 2019 768 2052 quem
779 2006 861 2042 reste
870 2008 937 2051 jam
948 2007 1065 2041 sentire

190 2056 528 2103 affierebatsseponeret
536 2059 574 2093 in
582 2059 870 2094 Communionem
878 2059 911 2092 δε
917 2056 1065 2102 gradum.

191 2103 321 2142 Verum
332 2107 388 2150 hi,
413 2108 492 2144 licet
502 2108 602 2143 validi
615 2133 626 2150 ‚
637 2109 727 2143 venti
739 2108 867 2154 pulsatu
872 2118 906 2142 nt
916 2108 1066 2141 Domum

190 2155 384 2193 aedificatam
393 2159 429 2194 in
439 2160 619 2194 firmiffima
641 2158 747 2194 Petra.
775 2158 889 2203 Pergit
911 2158 1068 2192 Hermias

193 2206 418 2244 Zozomenus:
447 2214 529 2243 Dum
547 2209 611 2244 haec
626 2219 774 2254 geruntur
785 2235 796 2250 ,
822 2214 965 2242 contentio
989 2213 1068 2240 inter

193 2260 353 2303 AEgyptios
372 2261 411 2294 ab
431 2266 519 2294 initio
536 2267 682 2294 concitata
701 2260 816 2304 longius
838 2270 964 2292 manare
973 2263 1067 2298 coepit.

192 2313 281 2342 Nam
289 2321 471 2355 quamquam
480 2317 514 2344 in
534 2316 666 2344 Nicaena
682 2311 790 2350 synodo
809 2313 924 2342 Ariana
944 2306 1068 2348 Haeresi‘s

189 2357 314 2403 prorsus
325 2363 522 2396 condemnata
524 2361 593 2403 fuit
606 2386 616 2401 ,
642 2362 677 2396 (9
687 2363 843 2395 Meletiani
854 2357 1068 2393 conditionibus

192 2410 255 2443 illis
265 2435 276 2452 ,
302 2423 379 2453 quas
387 2411 483 2455 supra
490 2417 723 2445 memoravimus
734 2435 744 2451 ‚
770 2417 803 2444 in
824 2408 984 2449 Ecclesiam
994 2418 1070 2440 νει-ευ

189 2464 243 2501 ΡΗ
252 2483 264 2499 ,
288 2462 323 2494 et
335 2463 472 2495 Meterius
485 2463 654 2495 Alexandro
664 2468 697 2495 in
708 2464 874 2505 AEgyptum
885 2456 1002 2500 reverso
1012 2459 1069 2489 Ec-

195 2508 293 2550 clefias
305 2534 315 2550 ‚
341 2522 419 2554 quas
427 2517 528 2553 inique
538 2513 692 2555 occupasset
705 2536 715 2551 ‚
727 2512 866 2544 reddidit
878 2534 887 2549 ,
909 2507 1027 2551 ipseque
1038 2513 1070 2539 in

198 2561 271 2598 Lyco
280 2569 404 2595 aetatem
413 2563 495 2605 degit
504 2586 515 2602 ‚
541 2571 642 2594 tamen
654 2573 712 2594 non
719 2562 811 2593 multo
817 2559 893 2602 post,
902 2570 967 2592 cum
978 2566 1046 2591 erat
1056 2558 1072 2589 ἑ

197 2614 268 2642 vita
275 2615 460 2654 migraturus
474 2636 484 2652 ,
494 2623 588 2646 unum
599 2614 616 2645 ἒ
619 2610 647 2654 s
640 2618 688 2645 uis
691 2609 902 2653 familiaribus
911 2612 944 2654 J
946 2619 1072 2640 oannem

197 2662 300 2692 contri?
312 2660 469 2695 Decretum
480 2667 603 2695 Nicaeni
614 2662 737 2694 Concilii
748 2667 780 2693 in
787 2659 876 2704 ficum
886 2661 978 2692 locum
983 2656 1073 2700 suffl’·

198 2714 239 2741 cit
252 2732 263 2748 ‚
281 2708 376 2752 ficque
384 2711 525 2754 Ecclefias
538 2713 634 2745 denuo
643 2710 840 2745 conturbandi
851 2709 951 2742 audior
963 2709 997 2741 (ἓν
1006 2718 1075 2740 cau-

195 2756 235 2801 sa
245 2765 355 2792 extitit.
382 2764 486 2795 Ariani
496 2759 598 2796 autem
609 2787 619 2803 ,
646 2773 712 2795 cum
724 2762 902 2794 Meletianos
922 2764 1074 2792 cernerent

199 2819 296 2842 novas
306 2821 355 2843 res
367 2812 462 2844 moliri
474 2836 485 2852 ,
510 2811 567 2854 ipsi
573 2823 685 2855 quoque
697 2810 842 2852 Ecclefias
853 2809 975 2842 turbare
987 2815 1075 2849 coepe·

199 2867 282 2891 runt.
310 2864 398 2892 Nam
418 2867 465 2894 uti
474 2868 507 2894 in
516 2861 658 2906 ejusmodi
665 2860 843 2895 tumultibus
848 2858 924 2902 solet
934 2862 1054 2891 evenire
1066 2879 1076 2894 ,

199 2909 254 2941 alii
266 2909 434 2943 laudabant
445 2914 508 2944 Arii
520 2918 682 2954 opinionem
694 2936 704 2952 ‚
714 2912 768 2945 alii
779 2909 928 2943 ducebant
938 2918 1057 2950 aequum
1066 2930 1076 2946 ‚

199 2959 263 2992 uta
277 2959 392 2992 Meletio
403 2962 534 2993 ordinati
557 2964 726 2997 sacerdotes
741 2960 899 3004 praeeffent
919 2957 1052 2999 Ecclesiis
1067 2980 1077 2996 ,

199 3006 387 3051 ipsorumque
401 3010 544 3052 partibus
563 3010 597 3053 fi·
617 3011 796 3046 addicebant
805 3034 817 3050 ‚
843 3011 878 3044 δ’
897 3018 1078 3052 quamquam

201 3062 308 3091 Ariani
319 3071 354 3092 ac
367 3061 523 3094 Meletiani
532 3070 604 3093 ante
613 3067 691 3095 inter
695 3061 730 3105 se
740 3061 928 3104 diffltntsffi'nt
940 3082 952 3098 ‚
977 3067 1078 3090 tamen

198 3119 266 3141 cum
286 3110 429 3143 viderent
450 3112 670 3144 multitudinem
689 3114 734 3144 ad
758 3119 868 3152 partes
890 3109 1079 3140 sacerdotum

200 3158 366 3193 catholice
389 3160 524 3202 Ecclefiae
544 3162 579 3193 de
584 3160 692 3196 flediere
710 3185 720 3200 ,
746 3172 812 3193 eam
832 3167 938 3200 rapere
957 3164 990 3190 in
999 3163 1079 3190 invi-

200 3209 285 3241 diam
297 3233 307 3249 ,
334 3216 478 3244 amicitiae
483 3210 606 3252 foedera
610 3212 740 3254 jungere
755 3217 834 3243 inter
851 3207 885 3251 se
897 3232 906 3247 ‚
931 3218 1079 3240 commune

201 3258 300 3291 odium
311 3265 344 3291 in
356 3261 477 3293 Clerum
490 3262 727 3294 Alexandrinum
733 3259 882 3303 sufiipere
892 3282 903 3298 ,
917 3255 1080 3299 promiscue

202 3308 262 3339 illis
274 3331 284 3347 ,
310 3313 412 3342 contra*
423 3323 495 3353 quos
508 3310 715 3354 disceptabant
725 3334 736 3350 ‚
762 3315 888 3342 crimina
900 3307 1013 3349 inferre
1026 3330 1036 3345 ‚
1046 3307 1080 3339 01⁶2·

198 3354 263 3398 fi‘se
270 3362 370 3392 mutuo
380 3360 540 3402 defendere
542 3360 728 3400 studuerunt.
750 3358 845 3403 Usque
856 3360 888 3391 εδ
899 3382 910 3398 ,
922 3366 956 3390 ut
961 3365 1080 3399 progre-

205 3406 303 3439 diente
313 3418 440 3458 tempore
451 3414 555 3443 Ariani
570 3435 580 3450 ‚
597 3412 664 3444 licet
675 3422 742 3444 cum
753 3411 923 3442 Meletianis
934 3408 971 3439 de
982 3406 1079 3440 Eccle-

198 3453 313 3498 fiarum
323 3460 461 3492 Prinoatu
481 3462 668 3505 decertarent
679 3486 689 3502 ,
717 3463 736 3493 ἃ
754 3456 903 3502 plerisque
925 3459 1078 3490 Meletiam'

205 3510 428 3541 nominarentur
441 3533 452 3549 ‚
473 3509 532 3552 sed
540 3520 643 3544 tamen
653 3512 779 3546 eandem
789 3534 800 3553 ,
825 3520 917 3555 quam
928 3510 1033 3551 Arius,
1042 3507 1079 3541 de

250 3582 252 3585 -
309 3556 422 3599 Dtffi’rt.
436 3561 559 3593 Prooem.
571 3563 686 3595 Tomt.

1135 205 1194 236 Deo
1217 210 1380 246 opinionem
1398 213 1497 237 tenere
1513 215 1571 236 non
1593 201 1761 244 dest‘sterent.
1799 209 1844 239 Et
1864 213 2004 248 quamvis

1128 260 1244 296 utrique
1256 253 1344 297 suam
1356 253 1579 296 controversiam
1590 254 1629 286 ab
1646 251 1709 296 sese
1730 258 1830 287 mutuo
1848 255 2005 297 disceptari

1129 304 1162 336 Θ
1173 306 1301 343 iudicari
1310 303 1478 347 recusarent
1488 329 1498 344 ‚
1525 313 1625 337 tamen
1646 313 1750 337 contra
1762 310 1890 336 omnium
1901 311 2006 345 opinio-

1129 364 1195 386 nem
1205 360 1237 386 in
1246 361 1408 387 communis
1421 353 1584 394 fimultatis
1606 363 1709 388 contra
1730 353 1914 386 Orthodoxos
1921 353 1945 395 s
1940 343 2009 386 ocie-⁵

1129 412 1193 436 tate
1203 415 1260 437 non
1275 410 1368 438 inviti
1386 403 1588 447 consenserunt
1599 428 1610 444 ,
1633 403 1793 448 singulique
1809 400 1938 445 ipsorum
1957 414 2007 435 ex-

1122 453 1320 496 pellaruntse
1325 453 1420 494 facile?
1433 478 1443 494 ,
1470 467 1537 496 quae
1541 454 1597 495 fibi
1607 460 1639 486 in
1650 461 1763 496 optatis
1773 463 1860 488 erant
1876 477 1887 493 ,
1913 450 2007 494 conse-

1126 513 1250 537 cuturos.
1278 507 1417 545 Tempore
1439 514 1542 538 autem
1555 506 1732 545 procedente
1753 505 1908 537 Meletiani
1919 501 2005 534 habi-

1126 563 1190 587 tum
1200 558 1305 587 Ariani
1317 556 1464 598 dogmatis
1477 566 1514 588 ex
1526 552 1724 596 disputatione
1745 566 1811 587 cum
1830 555 1889 587 illis
1902 552 2008 584 habita

1127 604 1205 637 nam
1217 629 1226 644 ‚
1254 606 1358 638 eadem
1368 616 1434 638 cum
1444 609 1566 637 Arianis
1588 605 1626 636 de
1645 607 1706 636 Deo
1724 602 1837 647 sentire
1850 611 2006 645 caeperunt.

1127 658 1204 687 Hinc
1212 665 1261 687 res
1275 658 1396 689 Arianae
1406 648 1450 688 ad
1451 661 1584 697 priorem
1594 654 1756 687 tumultum
1764 652 1791 696 s
1784 663 1838 686 unt
1850 655 1945 687 denuo
1958 653 2009 686 de·

1126 706 1246 738 volutae.
1535 736 1538 738 μ

1176 754 1229 788 Ex
1238 753 1326 790 hisce
1337 754 1443 790 verbiS
1453 755 1650 791 addiscimus
1660 753 1760 798 plura.
1773 751 1901 792 Primo,
1919 749 2010 795 quod

1125 803 1282 839 Meletius
1304 806 1415 841 Nicaea
1430 805 1669 841 Alexandriam
1694 803 1796 838 redux
1823 801 2010 845 synodalia.

1125 852 1265 889 Decreta
1275 855 1434 891 obediens
1442 857 1476 889 in
1486 855 1617 899 plenam
1625 855 1859 890 executionem
1870 851 2006 890 miserit,

1124 903 1159 937 &
1168 905 1222 938 sua
1234 906 1350 939 omnia
1361 904 1543 940 submiserit
1555 906 1584 940 S.
1594 902 1786 940 Patriarchae
1799 900 2002 937 Alexandro.

1125 952 1290 994 Secundo,
1300 956 1390 999 quod
1402 955 1604 990 Alexandria
1615 955 1730 990 abierit
1741 952 1959 997 Lycopolim,
1970 951 2004 984 δεῖ

1124 1003 1236 1049 aliquo
1248 1008 1396 1049 tempore
1407 1005 1478 1039 istic
1489 1007 1619 1049 quietus
1627 1005 1754 1039 vixerit.
1765 1002 1902 1041 Tertio,
1912 1000 2006 1045 quod

1124 1063 1179 1096 per
1188 1057 1298 1090 nescio
1309 1066 1392 1100 quos
1402 1057 1438 1088 in
1449 1054 1530 1090 boni
1541 1057 1648 1099 operis
1661 1053 1896 1099 poenitentiam
1907 1052 2011 1085 trans-

1124 1105 1229 1139 versus
1240 1105 1446 1150 resumpserit
1456 1104 1671 1140 rebellionem
1681 1104 1716 1137 δε
1729 1102 1873 1136 Schisma
1883 1126 1893 1141 ‚
1905 1111 2008 1144 atque

1123 1152 1268 1191 itasuum
1280 1166 1521 1200 congerronem
1534 1155 1697 1197 Joannem
1720 1153 1842 1187 creavit
1864 1150 1923 1184 fibi
1938 1152 2012 1184 suc-¹

1123 1204 1285 1240 cessorem.
1314 1205 1445 1250 Nempe
1466 1217 1508 1239 ne
1521 1217 1576 1249 per
1585 1205 1652 1248 ejus
1663 1213 1802 1238 mortem
1817 1199 2008 1247 Schismati-

1124 1264 1160 1287 ca
1169 1254 1306 1290 rebellio
1316 1256 1469 1291 deficeret
1479 1268 1517 1290 ac
1529 1255 1721 1290 moreretur.
1735 1252 1792 1286 An
1804 1253 1910 1295 ipsum
1927 1262 2009 1285 con-

1123 1302 1294 1340 secraverit
1306 1306 1507 1350 Episcopum
1519 1330 1529 1345 ,
1556 1317 1601 1340 an.
1609 1304 1782 1339 dumtaxat
1803 1301 1942 1347 elegerit
1964 1312 2011 1334 ac=

1124 1353 1337 1400 designaverit
1348 1381 1359 1396 ,
1372 1368 1441 1390 non
1453 1357 1581 1398 possum
1593 1364 1698 1389 certus
1708 1354 1874 1388 affirmare.
1897 1349 2008 1397 Qid-

1125 1405 1202 1447 quid
1215 1408 1327 1441 fecerit
1337 1431 1347 1446 ,
1374 1407 1451 1440 iecit
1464 1406 1579 1439 contra
1590 1403 1805 1447 Apostolicos
1825 1403 1985 1435 Canones
1998 1425 2010 1441 ‚

1124 1465 1160 1487 ac
1172 1457 1344 1499 praesertim
1356 1465 1473 1489 contra
1484 1455 1517 1487 N
1521 1456 1658 1488 icaenum
1668 1453 1709 1487 de
1720 1453 1789 1496 ipso
1800 1452 1983 1485 Decretum
1997 1473 2009 1489 ,

1123 1504 1156 1537 &
1165 1516 1281 1540 contra
1291 1508 1456 1550 propriam
1478 1504 1717 1548 professionem.
1756 1499 1890 1548 Qarto
1912 1500 2010 1534 disci-

1124 1566 1196 1588 mus
1207 1581 1218 1597 ,
1244 1555 1334 1600 quod
1351 1553 1528 1590 Meletiani
1545 1554 1689 1588 Arianos
1713 1553 1748 1586 &
1768 1553 1913 1595 ipsorum
1926 1562 2011 1584 erro-

1126 1616 1192 1640 rem
1203 1606 1262 1641 diu
1274 1607 1397 1640 fuerint
1410 1606 1597 1640 constanter
1608 1603 1753 1639 aversati.
1766 1599 2006 1655 Qinto,quod

1126 1657 1196 1691 vice
1214 1658 1303 1691 versa
1328 1656 1446 1691 Ariani
1468 1656 1590 1691 fuerint
1610 1653 1761 1689 detestati
1786 1651 2008 1686 Meletianam

1126 1706 1348 1743 rebellionem.
1360 1708 1450 1742 Nam
1466 1701 1800 1742 Pseudo-patriarchae
1811 1702 2011 1746 Gregorius,

1126 1758 1292 1805 Georgius
1301 1784 1311 1800 ,
1322 1770 1359 1793 ac
1372 1758 1495 1794 Lucius
1505 1783 1515 1798 ‚
1543 1757 1619 1792 licet
1631 1752 1821 1800 nequiffime
1833 1750 1950 1786 Ariani
1966 1751 2013 1784 es-

1126 1809 1197 1844 sent
1207 1834 1219 1850 ,
1245 1811 1306 1844 suae
1316 1820 1427 1844 tamen
1439 1807 1609 1844 Cathedrae
1619 1806 1821 1852 dignitatem
1832 1804 1908 1836 sunt
1926 1800 2012 1835 zelo·

1126 1859 1241 1894 fiffime
1251 1862 1358 1894 tutati.
1385 1859 1484 1894 Sexto
1494 1858 1648 1892 discimus
1658 1883 1669 1898 ,
1682 1855 1772 1900 quod
1786 1853 1884 1889 ambo
1904 1852 1937 1886 hi
1950 1863 2013 1886 tur-

1127 1907 1219 1944 bines
1229 1909 1298 1953 pari
1308 1907 1416 1953 typho
1425 1909 1618 1949 laborarint,
1630 1908 1665 1941 &
1676 1907 1756 1940 alter
1768 1905 1809 1939 ab
1821 1904 1923 1937 altero
1937 1914 2009 1936 cor-

1127 1959 1190 2004 rigi
1203 1960 1348 1994 noluerit
1359 1984 1369 2000 ‚
1380 1967 1436 1994 aut
1448 1958 1592 2003 judicari.
1620 1954 1782 2000 Septimo,
1794 1953 1883 1998 quod
1900 1953 2009 1986 Hero-

1127 2008 1203 2042 dem
1212 2021 1249 2043 ac
1259 2009 1404 2043 Pilatum
1416 2007 1544 2053 egerint
1566 2007 1716 2041 adversus
1740 1999 2009 2039 CHRISTUM

1128 2059 1315 2094 Dominum
1327 2072 1334 2091 ε
1361 2058 1464 2107 Qod
1477 2059 1554 2092 licet
1566 2057 1668 2091 effent
1678 2054 1775 2098 jurati
1787 2052 1896 2086 hostes
1907 2052 1947 2087 ad
1960 2051 2009 2084 in-

1128 2109 1253 2150 vicem,
1279 2109 1371 2143 fimul
1386 2119 1497 2143 tamen
1509 2106 1766 2150 conspiraverint
1781 2102 1931 2138 adversus
1951 2102 2016 2136 Ca-

1128 2158 1289 2194 tholicam
1300 2157 1478 2193 Ecclesiam
1500 2182 1511 2198 ‚
1536 2159 1569 2191 &
1580 2168 1650 2192 non
1661 2154 1841 2189 amicitiam
1853 2162 1909 2186 aut
1924 2163 2016 2187 com·-

1129 2210 1323 2244 munionem
1334 2209 1499 2249 iniverint‚
1512 2207 1566 2242 sed
1578 2206 1808 2242 confusionem
1818 2203 1852 2237 &
1863 2202 2015 2245 conjura-

1129 2260 1264 2306 tionem.
1291 2258 1437 2299 Οᾶανὸ,
1455 2258 1547 2302 ,φιοά
1560 2258 1596 2292 in
1608 2257 1667 2290 ista
1689 2255 1884 2289 confusione
1895 2251 2015 2286 Ariani

1129 2311 1250 2344 fuerint
1263 2311 1413 2344 fortiores
1425 2332 1435 2348 ,
1456 2309 1489 2342 &
1511 2307 1714 2341 Meletianos
1731 2304 1865 2339 tandem
1881 2302 2013 2336 seduxe-

1131 2361 1196 2393 rint
1206 2361 1240 2394 in
1258 2361 1348 2394 suam
1373 2357 1618 2401 blasphemiam.
1647 2354 1752 2389 Nono
1765 2379 1775 2395 ‚
1802 2352 1894 2397 quod
1916 2353 2014 2386 istam

1129 2410 1391 2452 conjurationem
1399 2420 1468 2442 non
1479 2408 1546 2451 ipse
1557 2406 1715 2441 Meletius
1727 2403 1870 2442 inivetit,
1885 2402 1938 2435 sed
1945 2402 2015 2445 ejus

1130 2460 1286 2495 successor
1297 2460 1447 2503 Ioannes.
1475 2455 1618 2491 Decimo
1631 2480 1640 2496 ‚
1651 2454 1740 2499 quod
1752 2455 1813 2488 ista
1825 2452 2015 2495 conjuratio

1132 2511 1215 2554 ipsos
1227 2509 1389 2544 seduxerit
1400 2510 1436 2543 in
1444 2506 1606 2542 horrenda
1616 2506 1776 2540 facinora.

1180 2562 1259 2609 Qe
1267 2561 1381 2595 omnia
1392 2559 1568 2594 confirmat
1578 2568 1620 2590 ex
1629 2555 1833 2599 propriorum
1841 2553 2019 2588 oculorum.

1133 2611 1324 2644 testimonio
1334 2636 1345 2651 ‚
1371 2621 1408 2643 ac
1418 2621 1460 2643 ex
1471 2606 1599 2651 propria
1611 2605 1808 2648 experientia
1823 2604 1852 2637 S.
1869 2602 2014 2636 Athana-

1133 2662 1202 2694 ssus.
1228 2661 1268 2693 In
1292 2659 1432 2694 secunda
1452 2657 1622 2700 Apologia
1646 2654 1712 2688 haec
1736 2653 1847 2688 scribit
1860 2665 1866 2684 :
1894 2657 2014 2685 Interea

1134 2713 1206 2744 dum
1217 2710 1281 2743 haec
1290 2717 1393 2752 utique
1410 2707 1469 2752 sua
1489 2704 1637 2749 adversus
1650 2706 1886 2738 Alexandrinam
1903 2700 2014 2733 Cathe-

1136 2762 1225 2793 dram
1230 2758 1421 2804 fthismatica
1426 2758 1568 2800 facinora
1584 2780 1594 2795 ‚
1622 2764 1719 2799 ageret
1741 2755 1878 2786 Meletius
1889 2777 1899 2792 ,
1925 2756 2017 2783 etiam

1139 2815 1253 2844 Ariana
1266 2809 1379 2851 haerefis
1390 2806 1510 2849 emerfit.
1538 2810 1689 2839 Caeterum
1711 2808 1840 2836 Nicaena
1863 2807 1895 2833 in
1911 2801 2018 2839 synodo

1138 2861 1329 2894 anathemate
1339 2861 1485 2892 damnata
1497 2856 1535 2896 est
1548 2880 1559 2896 ‚
1585 2857 1618 2889 (θ’
1630 2858 1734 2886 Ariani
1744 2852 1843 2893 rejelii
1850 2850 1932 2894 sunt.
1953 2853 2016 2882 Me-

1139 2912 1245 2944 letiani
1256 2920 1355 2943 autem
1365 2911 1463 2951 aliquo
1472 2908 1554 2940 modo
1567 2909 1675 2945 recepti
1680 2901 1754 2945 sunt
1766 2916 1776 2935 .-
1803 2905 1911 2943 Neque
1922 2897 2017 2941 neces-

1133 2960 1203 3003 sum
1214 2959 1251 3000 (θ
1262 2969 1295 2993 ut
1318 2962 1383 3000 eJ'us
1403 2964 1447 2992 rei
1466 2954 1583 2999 causam
1606 2956 1710 2986 dicam.
1739 2953 1877 2985 Necdum
1885 2956 2017 2992 quinque

1139 3010 1252 3055 menses
1258 3016 1472 3052 praeterierant
1486 3031 1496 3047 ‚
1514 3016 1578 3039 cum
1590 3004 1692 3036 beatus
1702 3002 1870 3036 Alexander
1892 3009 2017 3033 mortem

1139 3061 1222 3093 obiit.
1255 3061 1406 3094 meletiam·
1417 3067 1517 3091 autem
1529 3079 1539 3094 ,
1564 3065 1636 3095 quos
1647 3053 1681 3086 et
1690 3058 1801 3095 quietos
1812 3053 1953 3094 &gratos
1964 3051 2015 3092 effe

1140 3115 1267 3151 oportuit
1279 3133 1290 3148 ‚
1302 3111 1382 3151 quod
1389 3108 1487 3149 aliquo
1497 3104 1607 3148 fitltem
1617 3103 1699 3135 modo
1707 3108 1815 3144 recepti
1829 3102 1925 3143 efflent,
1937 3109 2015 3132 more

1139 3171 1244 3193 canum
1255 3170 1312 3191 non
1323 3160 1406 3191 obliti
1418 3161 1547 3189 vomitus
1554 3152 1604 3196 sui
1613 3178 1624 3193 ‚
1649 3150 1767 3195 rursum
1785 3150 1928 3193 Ecclefias
1944 3158 2015 3190 per-

1140 3209 1261 3243 turbare
1271 3216 1428 3250 coeperunt.
1456 3202 1603 3248 Eusebius
1615 3208 1709 3247 igitur
1723 3227 1733 3242 ‚
1751 3203 1785 3236 N
1789 3201 2014 3240 icomedienfis

1141 3260 1318 3303 Episcopus
1329 3283 1340 3298 ‚
1361 3263 1563 3300 propugnator
1574 3257 1697 3285 Arianae
1709 3252 1858 3295 Haereseos
1870 3276 1880 3292 ‚
1893 3252 1937 3282 ad
1946 3252 2012 3282 illos

1139 3311 1244 3342 literas
1256 3309 1377 3350 dat,per
1390 3316 1466 3349 quas
1475 3304 1616 3347 promiffls
1622 3301 1792 3345 societatem
1805 3305 1839 3336 (v
1849 3307 2013 3334 amicitiam

1139 3360 1302 3391 clanculum
1312 3362 1371 3390 init
1380 3382 1390 3397 ‚
1401 3367 1437 3389 ac
1443 3355 1496 3397 fibi
1506 3361 1635 3388 invicem
1656 3353 1744 3386 rebus
1755 3355 1880 3396 agendis
1894 3359 2011 3391 tempus

1139 3408 1325 3447 constituunt.
1354 3409 1560 3450 ,Qua-propter
1573 3404 1706 3446 primum
1717 3404 1761 3435 ad
1770 3415 1822 3435 nos
1835 3404 1939 3435 literas
1950 3399 2013 3432 bor-

1139 3464 1267 3491 tatorias
1282 3455 1387 3500 scribit
1403 3458 1440 3489 de
1464 3460 1532 3489 Ario
1554 3454 1717 3495 recipiendo
1738 3476 1747 3491 ‚
1769 3451 1829 3495 sed
1844 3459 1889 3485 ita
1910 3460 1943 3482 ut
1949 3448 2013 3488 fine

1139 3511 1254 3553 scripto
1271 3514 1441 3545 minaretur
1458 3530 1471 3549 ‚
1495 3509 1621 3547 Scriptis
1631 3512 1732 3536 autem
1733 3500 1860 3545 specim
1880 3504 2012 3593 rogaan

1561 3555 1588 3588 F
1639 3564 1661 3591 2
1905 3557 1973 3592 prae
1989 3560 2022 3582 ec
