2346 3776
231 1101 330 1135 Haeres.

229 1147 330 1180 68-c.3.

180 2335 186 2347 ‚
234 2302 333 2335 nb...

235 2352 298 2382 cap.
308 2324 351 2371 ἐκ,

250 3353 311 3387 Lib,
340 3364 363 3385 ιτ

250 3402 312 3430 cap.
320 3387 354 3430 3‘3

371 130 422 175 '40

367 242 416 275 sio
429 266 440 282 ,
465 242 569 286 quiin
584 240 731 284 Epistola
743 239 784 273 ad
797 241 870 273 suos
880 236 1069 273 Monachos
1080 248 1248 271 enumerat

366 293 456 329 varia
467 291 727 327 Meletianorum
738 289 988 328 facinora,inter
997 298 1062 334 que
1073 287 1118 320 est
1129 288 1163 321 &
1171 286 1246 321 hoc:

367 346 442 375 Non
452 341 491 384 est
499 339 684 385 sperandum
694 364 705 380 ‚
731 348 766 372 ut
784 337 983 379 Anti-Christo
1000 335 1163 376 Melesttani
1184 337 1248 379 refi-

359 390 456 435 stant.
471 396 507 424 N
508 403 544 424 on
554 393 614 424 illis
624 401 699 422 cura
709 388 750 430 est
759 395 902 422 vernaus
911 412 922 429 ,
933 398 1025 431 neque
1036 391 1062 419 C
1065 390 1160 420 HRIS
1162 389 1248 420 TUM

366 442 514 486 abnegare
524 448 603 474 inter
615 440 698 472 mala
717 448 885 472 numerant.
913 443 986 471 Non
1007 443 1087 471 enlm
1098 437 1247 481 finceriter

367 493 413 524 ad
421 495 478 524 Dei
490 490 618 524 verbum
629 490 805 533 accefferunt
818 513 829 530 ,
849 487 909 533 sed
916 491 961 521 ad
970 494 1068 520 omm‘a
1090 497 1246 531 tamquam

368 540 596 579 Chamaleontes
609 539 881 582 transformantur,
889 537 1008 582 semper
1020 542 1193 572 mercenarii
1205 549 1248 570 eo-

366 602 433 625 rum
445 616 454 630 ‚
477 595 529 633 qul
540 588 668 633 ipsorum
678 598 798 632 operam
808 596 972 632 requirunt.
1001 592 1074 621 Non
1083 593 1248 621 verltatem

359 648 418 682 pro
423 638 508 684 scopo
517 639 704 684 habent‚Jed
715 643 843 673 Veritatt'
855 640 1040 680 voluptatem
1051 645 1247 678 anteponunt,

360 688 514 733 fhlumque
525 692 561 723 id
569 692 690 723 dicunt:
719 692 917 723 Comedamus
939 690 974 722 (Ὗ
991 687 1130 720 bibamus
1142 711 1153 727 ‚
1179 698 1246 719 cras

365 746 627 776 enim-moriemun
687 752 733 774 uae
749 740 864 781 omnia
876 738 1029 772 videntur
1045 736 1246 781 promanasse

367 802 410 824 ex
421 788 620 836 Magisterio
632 802 669 824 ac
680 790 833 834 exemplo
841 787 982 822 Meletii.

418 839 522 875 Aliud
535 841 632 883 ipfius
641 840 707 883 jam
719 837 869 874 damnati
880 838 1006 871 crimen
1017 834 1204 872 audivimus
1228 837 1246 870 a

367 884 605 925 Theodoreto:
628 889 808 923 Thebaidem
817 894 887 921 acet·
892 887 1058 930 finitimam
1080 890 1246 932 AEgyptum

367 944 496 975 tumultu
507 942 541 974 (a
551 946 769 973 contentionum
774 939 912 981 procellis
932 939 1099 980 complevit.
1122 939 1168 972 Et
1188 939 1248 972 ite-

366 1002 440 1023 rum
455 1002 461 1021 z
471 991 614 1023 Meletius
620 988 797 1033 seditionem
804 998 932 1021 movens
941 1013 952 1029 ‚
964 991 1068 1022 multis
1077 987 1200 1022 urbibus
1213 991 1246 1030 (β’

366 1038 528 1083 Episcopos
547 1040 703 1073 ordinavit
723 1064 734 1080 ‚
766 1041 801 1074 (θ’
823 1038 1012 1086 Presbyteros
1036 1040 1071 1072 (τ
1092 1042 1246 1072 Diaconos.

367 1089 541 1124 Consonat
553 1090 582 1123 S.
597 1088 806 1134 Epiphanius
817 1114 828 1130 ‚
854 1088 997 1129 scribens
1017 1089 1194 1124 Meletium
1205 1089 1245 1123 ad

366 1137 521 1174 Phanefia
534 1139 675 1175 Metalla
685 1141 779 1175 fuisse
791 1140 996 1180 damnatum,
1007 1140 1041 1173 &
1053 1140 1246 1185 adjungens:

367 1190 433 1230 Post
444 1192 522 1224 illud
531 1199 649 1233 tempus
661 1191 799 1225 Meletius
809 1214 819 1229 ‚
834 1200 1046 1232 quamcumque
1057 1197 1202 1237 regionem
1213 1193 1246 1224 (ἓν

365 1241 457 1274 locum
466 1248 656 1285 peragraret,
665 1243 707 1274 ibn·
719 1242 861 1278 clericos,
873 1237 1047 1281 Episcopos,
1059 1241 1244 1279 Presbyteros

366 1291 402 1324 ὁ·
414 1294 560 1323 Diaconos
572 1290 698 1331 instituit
711 1315 722 1331 ,
733 1302 767 1323 ac
773 1295 923 1331 privatas
927 1286 1083 1330 fundavit
1094 1290 1245 1334 Ecclestas.

365 1341 410 1375 Et
422 1341 507 1375 infra
517 1354 523 1372 :
551 1337 818 1383 Eleutheropolim,
830 1342 961 1379 Gazam,
973 1351 1008 1372 ae
1020 1341 1247 1384 AEliamprofe÷

365 1390 430 1423 llus
443 1392 582 1424 Meletius
590 1390 746 1434 plerosque
757 1391 801 1422 ad
809 1401 876 1423 eum
885 1390 1005 1426 modum
1015 1392 1246 1427 ordinavitLa-

365 1441 453 1476 bitur
464 1442 590 1475 sanetus
604 1440 810 1484 Epiphanius
819 1464 829 1480 ‚
841 1439 931 1482 quod
942 1440 1100 1474 Meletius
1112 1442 1153 1476 ad
1165 1440 1247 1476 Pha-

365 1492 448 1525 nesia
473 1501 530 1525 aut
552 1490 618 1525 ulla
637 1492 738 1526 fixerit
759 1490 933 1525 damnatus
956 1491 1097 1530 metalla.
1125 1493 1246 1537 Lapsus

364 1543 485 1586 quippe
495 1542 531 1574 in
541 1541 745 1576 Sacrificium
756 1540 1016 1580 idololatr-icum,
1026 1541 1059 1574 &
1070 1541 1246 1586 postmodo

364 1592 408 1626 ob
424 1593 538 1635 —ipsum
558 1591 735 1627 damnatus
754 1590 941 1633 conjuravit
965 1602 1042 1625 cum
1054 1593 1247 1629 Gentilibus

365 1641 541 1685 Tyrannis
552 1666 563 1682 ,
585 1643 655 1688 egit
666 1643 812 1686 ipsorum
822 1641 1088 1678 Frumentarium
1099 1657 1137 1680 ac
1152 1645 1247 1681 Satel-

365 1693 457 1725 litem
471 1717 481 1732 ‚
510 1692 651 1736 ideoque
663 1692 704 1727 ab
717 1692 789 1736 ipfis
802 1704 872 1726 non
893 1693 1026 1728 metalla
1040 1720 1050 1736 ‚
1078 1696 1130 1731 sed
1145 1697 1248 1741 plenae

367 1742 528 1781 libertatis
540 1741 700 1786 stipendia
710 1744 756 1778 est
767 1745 972 1779 conschtus.
991 1745 1102 1787 Etiam
1114 1742 1246 1787 labitur,

367 1792 457 1836 quod
485 1792 736 1838 Eleutheropoli
753 1819 763 1836 ,
789 1795 879 1837 Gaze
900 1820 910 1835 ‚
936 1806 974 1829 ac
999 1796 1247 1840 Hierosolymis

366 1843 568 1877 ordinaverit
581 1844 766 1893 Episcopus
775 1846 809 1879 ἃ
821 1845 977 1891 Clericos.
1004 1845 1099 1884 lstius
1112 1847 1249 1888 audacie

367 1892 462 1927 nulla
472 1902 564 1928 extat
573 1893 768 1933 authentica
788 1893 970 1932 Memoria.
996 1894 1155 1931 Meletius
1176 1896 1247 1941 post

367 1942 617 1983 damnationem
627 1944 756 1979 videtur
767 1943 925 1990 AEgypto
943 1957 1013 1979 non
1035 1947 1131 1981 fuiffe
1147 1948 1250 1993 egres-

366 1994 428 2029 sus.
441 1994 486 2028 Et
494 2006 562 2039 quo
575 1995 643 2030 fine
653 1995 885 2040 egrederetur?
896 1995 997 2042 lpfius
1008 1994 1086 2030 item
1099 1996 1248 2032 Schisma

369 2058 439 2080 non
451 2046 516 2081 fuit
530 2058 590 2091 nec
602 2048 665 2081 effe
677 2046 787 2090 potuit
797 2045 890 2080 extra
911 2044 1104 2089 AEgyptum
1120 2071 1130 2086 ‚
1155 2046 1247 2081 extra

368 2095 630 2134 Patriarchatum
643 2095 918 2130 Alexandrinum.
946 2095 991 2129 Et
1012 2096 1097 2130 inter
1118 2097 1251 2141 Episco-

369 2160 429 2191 pos
437 2158 534 2192 atque
558 2147 706 2182 Clericos
718 2173 728 2188 ,
755 2159 838 2192 quos
860 2146 880 2180 ὲ
900 2147 933 2182 se
946 2147 1154 2182 consecr-atos
1164 2147 1251 2192 apud

370 2199 540 2233 Nicaenam
562 2197 738 2241 Synodum
758 2194 896 2231 tradidit
915 2196 944 2229 S.
963 2196 1157 2232 Patriarchae
1175 2197 1252 2231 Ale

370 2249 511 2289 xandro,
522 2249 634 2283 nullus
645 2249 709 2283 fuit
721 2248 821 2291 Syrus
833 2272 843 2288 ,
870 2246 925 2280 sed
942 2246 1060 2281 omnes
1082 2247 1250 2293 AEgyptii.

371 2301 416 2342 Et
427 2301 462 2334 in
474 2299 568 2337 libris
578 2299 620 2343 de
629 2299 751 2343 Magni
764 2297 980 2341 Constantini
996 2297 1069 2331 vita
1089 2298 1249 2332 Eusebius

372 2351 569 2394 Cesareenfis
584 2350 764 2393 Episcopus
773 2350 911 2388 affirmat
920 2348 1141 2386 Meletianum
1150 2347 1252 2382 Schis-

371 2413 426 2435 ma
436 2402 468 2435 &
481 2399 639 2434 Arianam
654 2399 794 2433 haerefim
803 2399 896 2438 fuisse
908 2399 1170 2433 coetanemHanc
1182 2410 1250 2432 non

371 2460 501 2484 rantum
515 2462 570 2494 per
583 2449 842 2494 AEgyptum,sed
853 2450 982 2492 insuper
992 2460 1048 2492 per
1059 2448 1205 2493 Libyam
1215 2461 1252 2482 ac

370 2511 497 2535 exteras
516 2501 616 2534 etiam
640 2499 831 2532 Provincias
843 2523 853 2539 ,
881 2498 967 2532 istud
990 2510 1046 2541 per
1068 2499 1251 2534 universam

372 2551 546 2586 dumtaxat
559 2549 750 2595 AEgyptum
762 2560 799 2582 ac
819 2548 1018 2591 superiorem
1040 2547 1251 2583 Thebaidem

373 2602 468 2636 fuisse
480 2601 666 2646 grassatum.
695 2599 879 2633 Graffatum
891 2608 1001 2632 tamen
1013 2600 1075 2633 fuit
1086 2601 1187 2633 etiam
1197 2609 1253 2642 per

372 2650 667 2695 Pentapolitanam
676 2675 686 2690 ‚
717 2648 786 2683 imo
797 2649 831 2682 &
843 2660 900 2692 per
911 2649 1035 2687 aridam
1047 2649 1202 2692 Libyam.

425 2701 520 2735 Errat
531 2701 613 2735 irem
623 2698 946 2744 Epiphanius‚quod
957 2699 1063 2741 major
1073 2700 1253 2743 Episcopo-

373 2764 447 2787 rum
456 2752 490 2785 &
502 2751 734 2785 Confeffbrum
754 2761 826 2797 par-s
847 2750 991 2783 sanct-um
1012 2749 1146 2784 Petrum
1167 2749 1253 2783 dese-

376 2802 496 2842 ruerit,
523 2801 557 2836 δε
569 2800 734 2835 adhaeserit
746 2800 897 2834 Meletio.
924 2801 1057 2834 Errores
1077 2801 1253 2835 continent

376 2851 443 2885 -hoec
452 2851 567 2885 verba:
590 2856 660 2885 Ario
668 2852 823 2895 longiorem
834 2856 866 2882 in
877 2848 1104 2884 Alexandrina
1116 2850 1188 2884 urbe
1196 2862 1254 2882 mo—

379 2914 446 2933 ram
461 2902 597 2935 trahente
609 2927 619 2942 ,
640 2908 762 2935 moritur
776 2900 922 2944 Confeffir
935 2903 1074 2934 Meletius
1085 2902 1119 2934 (θ’
1129 2905 1252 2940 Martyr.

375 2951 643 2985 'Intolerabileest
667 2977 677 2992 ‚
704 2950 794 2995 quod
805 2946 870 2984 iste⁴
882 2949 1102 2986 schismaticus
1114 2951 1148 2984 &
1160 2950 1256 2985 scele-

375 3008 468 3033 'ratus
475 3000 595 3034 Turbo
606 2999 787 3045 appelletur
799 3001 974 3035 Confeffor
983 3003 1016 3035 δε
1036 3002 1126 3039 Mart
1129 3012 1175 3044 yr.
1198 3001 1256 3034 Er-

379 3061 434 3083 ror
448 3050 526 3083 item
538 3050 581 3083 est
590 3075 599 3090 ‚
615 3052 703 3093 quod
716 3052 826 3086 statim
836 3051 908 3095 post
920 3050 993 3086 Arii
1004 3052 1254 3085 damnationem

378 3100 415 3132 fit
426 3108 501 3132 ante
514 3100 680 3133 Nicaenam
693 3102 865 3143 Synodum
874 3111 1022 3138 mortuus
1041 3100 1254 3135 Alexandriae.

380 3151 516 3184 Etenim
527 3149 634 3186 adfuit
646 3150 845 3190 isti-synodo
858 3177 868 3192 ‚
895 3151 1017 3186 ibidem
1040 3153 1103 3186 fuit
1125 3151 1257 3185 damna-

380 3209 433 3233 tus
445 3199 562 3242 partim
574 3223 585 3239 ,
612 3200 729 3242 partim
742 3200 882 3235 donatus
894 3203 1002 3251 gratia
1014 3227 1024 3242 ‚
1052 3203 1086 3236 &
1110 3212 1226 3234 omnes
1237 3201 1256 3233 a

382 3250 415 3282 se
425 3249 628 3282 consecratos
639 3249 820 3292 Episcopos
841 3262 937 3295 atque
956 3253 1103 3288 Clericos
1122 3250 1255 3285 tradidit

383 3296 575 3332 Patriarchae
587 3297 791 3333 Alexandro.
820 3298 1006 3338 Adductum
1016 3303 1034 3336 a
1047 3301 1142 3336 nobis
1153 3300 1257 3334 Mele-

383 3349 423 3382 tii
434 3348 559 3382 crimen
572 3348 745 3381 confirmat
758 3349 899 3386 Gelafius
916 3352 1109 3394 Cyzicenus:
1120 3352 1256 3384 Meletius

361 3414 367 3428 ι.
386 3396 551 3441 Episcopus
562 3398 689 3431 delec‘lus
700 3410 757 3429 non
767 3400 858 3431 multo
865 3409 936 3432 ante
950 3406 1012 3434 Arii
1018 3402 1156 3442 furorem
1169 3426 1179 3441 ‚
1196 3411 1257 3433 con-

383 3447 483 3481 vu‘lus
505 3450 528 3485 φὶ
541 3446 714 3490 fanlliffimo
735 3449 823 3480 Petro
845 3473 855 3489 ‚
892 3450 1106 3484 Alexandrinae
1123 3450 1255 3491 Ecclefiae

389 3496 532 3545 Episcopo
548 3522 560 3542 ‚
582 3499 620 3532 (α’
636 3496 734 3543 postea
755 3501 890 3542 Martyrii
910 3510 1011 3538 cor-ona
1033 3511 1197 3543 exornato,
1222 3503 1255 3535 &³

369 191 449 227 Hoc
460 190 550 226 enim
562 199 630 224 non
642 187 725 224 vane
742 188 913 234 colligitur
923 199 966 222 ex
975 190 1086 223 sancto
1101 185 1133 220 A

1300 3063 1389 3576 ¹rum
1411 3052 1430 3085 a
1449 3052 1507 3085 suo
1528 3050 1716 3085 patriarcha
1735 3048 1961 3084 Alexandrino
1977 3044 2198 3090 dependentia

819 106 1266 158 DISSERTATm
1317 106 1738 158 PRoazmlALIs.

1311 183 1497 227 Episcopatu
1516 185 1673 221 abdicatus
1695 215 1706 230 ,
1733 184 1929 224 abdicationis
1946 184 2106 235 sentenn'ae
2125 203 2185 226 non

1310 241 1461 284 acquievit
1473 259 1484 275 ,
1504 233 1563 278 sed
1573 237 1753 284 Thebaidem
1769 241 1805 274 (ν
1822 248 1955 275 vicinam
1972 248 1998 275 ei
2020 244 2187 285 AEgyptum

1311 287 1439 332 tumultu
1451 288 1707 320 &contentionum
1715 292 1851 331 procellis
1870 294 2010 334 implevit
2021 317 2031 333 ‚
2058 299 2186 330 tyranni-

1312 335 1379 368 dem
1388 340 1489 384 eontrci
1500 340 1742 387 Praerogativam
1751 342 1837 374 Sedis
1859 344 2026 376 Alexandri
2045 340 2188 385 Episcopi

1310 383 1468 436 uficrpans.
1495 386 1622 423 Partim
1634 399 1676 423 ex
1687 388 1825 425 Hermia
1837 391 2031 427 Zozomeno
2044 418 2055 433 ‚
2067 392 2188 437 partim

1309 446 1351 469 ex
1360 435 1580 474 ‘theodoreto
1605 437 1761 482 loquitur.
1787 441 1881 476 Hinc
1894 438 1982 477 'dicit
2005 443 2188 478 Meletium

1310 497 1380 520 non
1391 486 1505 522 contra
1515 490 1615 537 sansti
1625 488 1724 529 Petri,
1737 489 1792 524 sed
1803 493 1916 526 contra
1928 493 2028 527 sanffi
2041 492 2187 528 Alexan-

1309 535 1359 569 dri
1372 536 1570 578 Cathedram
1581 539 1755 575 rebellasse.
1783 540 1886 590 Qd
1909 544 1945 576 in
1957 542 2190 578 consecrandis

1311 587 1482 633 Episcopis
1493 600 1629 635 praeceps
1637 602 1675 625 ac
1687 592 1876 625 temerarius
1885 593 1994 628 fiaiffet
2005 594 2165 628 Meletius
2178 617 2189 633 ‚

1309 638 1449 673 affirmat
1458 641 1559 674 etiam
1570 637 1780 676 zozomenus
1792 665 1804 680 ‚
1830 650 1928 685 atque
1938 642 2087 689 adjungit
2100 658 2107 678 ε
2126 647 2189 677 Me-
2203 663 2263 695 Lib·
2282 643 2322 696 „s

1309 688 1417 729 letius,
1444 692 1629 725 cum'Petrus
1645 716 1656 731 ‚
1682 698 1734 734 qui
1745 690 1809 733 pist
1828 695 2106 731 martyri⁰⁰⁶0¹⁴⁶u³5
2118 717 2129 733 2
2155 704 2188 727 ⁶⁰
2204 713 2266 742 cap.
2286 694 2330 738 ¹4²⁵

1310 746 1437 789 tempore
1445 752 1501 783 quo
1512 742 1751 789 Alexandrinam
1760 739 1881 785 regebat
1888 740 2059 784 Ecclefi‘am,
2063 750 2188 786 propter

1307 787 1540 836 persecutionem
1549 791 1620 825 tunc
1640 791 1896 836 ingravescentem
1915 793 2042 836 caepiffet
2054 792 2167 837 fugam
2177 813 2198 832 ‚›

1310 839 1504 880 ministrorum
1527 843 1756 883 Ordinationes,
1781 844 1827 875 ad
1845 845 1971 877 Petrum
1987 840 2083 886 solum
2094 848 2192 885 perti-

1312 898 1418 923 nentes
1430 915 1440 931 ,
1457 890 1514 938 fibi
1533 899 1669 936 arripuit.
1697 893 1760 927 Per
1780 891 1988 927 Anastafium
2008 892 2192 928 Bibliothe·

1308 940 1433 975 carium
1453 966 1465 982 ‚
1501 943 1656 978 translata
1676 941 1761 978 Asta
1780 944 1946 977 affirmant
1963 945 2111 978 sanetum
2131 943 2192 977 Pe-

1309 1000 1395 1023 trum
1405 1015 1416 1031 ,
1442 1001 1520 1027 ante
1530 993 1823 1028 incarcerationem
1836 994 1930 1028 fuisse
1943 994 2145 1039 Relegatum
2155 993 2194 1027 in

1311 1039 1519 1075 Phoeniciam
1537 1054 1575 1077 ac
1597 1041 1805 1078 Palestinam.
1833 1044 1943 1078 Aliter
1958 1055 2072 1079 tamen
2092 1040 2195 1077 habet

1310 1102 1364 1134 per
1385 1091 1574 1138 Dominum
1597 1092 1810 1128 Cardinalem
1829 1094 1987 1129 Caesarem
2009 1095 2194 1128 Batonium

1313 1140 1461 1176 laudatus
1472 1140 1593 1176 Codex
1604 1141 1810 1176 Vaticanus:
1838 1147 1948 1177 Petrus
1950 1143 2058 1187 sponte
2068 1145 2174 1185 recellit
2181 1168 2197 1185 ,.

1310 1201 1374 1223 cum
1384 1200 1569 1234 quaereretur
1580 1192 1626 1223 ad
1633 1203 1732 1225 necem
1742 1217 1753 1232 ‚
1780 1203 1817 1226 ne
1826 1195 1893 1234 qius
1902 1191 1993 1236 causa
2003 1199 2115 1226 civitas
2132 1195 2196 1233 Ale-

1311 1242 1466 1274 xandrina
1478 1265 1489 1281 ,
1514 1239 1755 1283 adversantibus
1766 1242 1946 1282 Christianis
1958 1268 1969 1285 ,
1980 1245 2111 1277 tumultu
2122 1240 2198 1277 exet-v

1304 1297 1456 1334 giraretur
1468 1315 1479 1332 ‚
1493 1292 1627 1333 ‘quando
1636 1300 1700 1324 tum
1711 1297 1744 1324 in
1767 1292 1918 1334 Palesttna
1930 1317 1940 1332 ,
1966 1302 2031 1326 tum
2047 1300 2140 1327 etlam
2161 1299 2199 1326 in
2251 1296 2253 1298 ’

1310 1340 1518 1383 adiacentibus
1543 1340 1652 1384 Infulis
1671 1343 1723 1374 diu
1741 1341 1853 1384 latuit,
1879 1344 1976 1377 literis
1998 1342 2195 1387 intereasuos

1309 1392 1449 1426 roborans
1463 1416 1474 1433 ‚
1500 1403 1535 1427 ac
1550 1391 1723 1435 prasertim
1744 1393 1914 1434 Philaeam,
1941 1391 2132 1436 Habebam,
2158 1395 2207 1431 Θῆ
2249 1423 2251 1425 .

1310 1441 1494 1476 Theodorum
1506 1466 1516 1482 ‚
1542 1454 1615 1485 quos
1626 1449 1754 1476 omnium
1767 1442 2207 1487 Conftffiarum‚>qu1teneban-‚

1309 1498 1401 1526 turin
1414 1504 1530 1527 carcere
1542 1494 1625 1526 ultra
1629 1491 1783 1536 sexcentos
1790 1492 1954 1538 sexaginta
1966 1494 2197 1538 numero,5ignl-

1303 1541 1388 1583 feros
1401 1554 1488 1578 vocat
1499 1545 1534 1578 (9
1545 1546 1747 1586 Praeceptores
1760 1569 1771 1585 ,
1789 1543 1891 1587 eosque
1901 1555 1967 1578 cum
1975 1542 2195 1587 consummatos

1309 1601 1446 1635 martyrio
1457 1595 1579 1638 audtffltt
1588 1618 1598 1635 ‚
1611 1600 1726 1640 ingenti
1729 1594 1764 1639 se
1775 1596 1886 1629 latitia
1896 1593 2037 1636 affl-dum
2048 1595 2100 1638 effe
2111 1593 2196 1633 testa-

1310 1655 1360 1680 tur
1373 1671 1382 1687 ‚
1390 1655 1448 1689 pro
1458 1657 1581 1690 quorum
1590 1657 1714 1691 agonem
1717 1645 1837 1690 semper
1848 1649 1944 1680 Deum
1949 1645 2092 1689 precibus
2104 1650 2197 1677 inter-

1306 1699 1485 1740 pellaverae.
1523 1699 1603 1732 Haec
1626 1698 1758 1742 possunt
1780 1698 1815 1731 &
1837 1696 1959 1732 debent
1987 1694 2194 1731 concordari.

1311 1749 1409 1782 Suam
1422 1749 1561 1793 publicae
1571 1747 1877 1782 Alexandrinorum
1888 1748 1960 1791 paci
1972 1744 2197 1785 necessariam,

1310 1810 1373 1842 qua
1384 1799 1615 1835 imminentem
1626 1797 1863 1841 relegationem
1872 1806 1929 1831 aut
1936 1794 2205 1829 carcerationem..

1311 1848 1463 1890 praevenit
1475 1873 1485 1889 ,
1502 1846 1683 1882 absentiam
1694 1846 1819 1880 sanetus
1832 1842 2077 1880 Petrusmeritd
2085 1842 2196 1888 appel-

1311 1897 1356 1932 lat
1379 1898 1645 1943 Relegationem.
1673 1896 1815 1930 Videtur
1836 1895 1997 1929 Meletius
2016 1903 2098 1928 tunc
2118 1904 2195 1927 nec-

1310 1946 1392 1984 dum
1402 1948 1496 1984 fuiffe
1508 1947 1615 1990 laplhs
1625 1971 1635 1986 ‚
1663 1945 1805 1990 ideoque
1826 1957 1887 1980 nec
1899 1944 2095 1990 degradatus
2108 1967 2119 1984 ‚
2133 1960 2135 1965 ·
2146 1953 2195 1977 at-

1311 1993 1374 2041 que
1385 1995 1429 2031 ita
1443 1997 1584 2032 necdum
1607 1995 1753 2030 habuisse
1773 1997 1979 2031 occasionem
2002 1993 2195 2029 rebellionis

1310 2058 1348 2080 ac
1358 2047 1554 2091 tyrannidis.
1580 2045 1724 2081 Videtur
1733 2046 1795 2081 isto
1806 2057 1955 2091 tempore
1967 2071 1978 2087 ,
2000 2044 2067 2090 quo
2078 2043 2198 2078 Petrus

1312 2097 1467 2132 exulabat
1479 2124 1490 2139 ‚
1517 2098 1610 2132 fuisse
1620 2095 1726 2140 lapsus
1737 2121 1747 2137 ,
1768 2109 1806 2131 ac
1817 2109 1888 2131 non
1902 2096 1961 2130 nifi
1972 2107 2028 2140 per
2038 2093 2197 2130 reducem

1313 2147 1377 2182 effe
1383 2147 1579 2193 degradatus
1589 2172 1600 2187 ‚
1608 2147 1756 2191 adeoque
1764 2158 1844 2182 tunc
1852 2147 1940 2191 prius
1950 2145 2109 2189 incaepiffe
2121 2145 2198 2177 suas

1313 2198 1518 2241 petulantias.
1546 2197 1683 2231 Philaeas
1696 2222 1707 2238 ,
1719 2197 1909 2241 Hesychius
1919 2222 1930 2238 ,
1942 2208 1980 2231 ac
1990 2193 2197 2229 Theodorus

1313 2247 1443 2283 fuerunt
1454 2248 1618 2292 Episcopi.
1630 2247 1840 2290 Hesychium
1852 2273 1863 2288 ‚
1874 2246 1965 2292 quod
1975 2257 2034 2290 pro
2048 2243 2197 2279 Alexan«

1313 2298 1416 2333 drinis
1426 2324 1436 2340 ,
1463 2299 1497 2333 ὅ(
1518 2298 1674 2333 omnibus
1697 2297 1871 2342 AEgyptiis
1888 2308 2011 2332 novam
2024 2296 2195 2330 sacrarum

1315 2348 1501 2386 Literarum
1511 2347 1760 2383 translationem
1770 2349 1883 2382 fecerit
1893 2372 1904 2388 ,
1930 2346 2042 2381 laudat
2061 2345 2092 2378 S.
2112 2344 2196 2378 Hie-

1313 2411 1480 2443 ronymus.
1508 2401 1643 2434 Sanetus
1656 2398 1771 2432 Petrus
1783 2398 1871 2432 tertii
1891 2394 2072 2432 Christiani
2088 2393 2197 2430 saeculi

1313 2461 1403 2484 anno
1414 2450 1628 2495 nonagesimo
1640 2450 1755 2482 octavo
1768 2448 1813 2482 est
1828 2449 1929 2481 fastus
1939 2446 2129 2490 Episcopus.
2141 2443 2201 2479 Se·

1314 2499 1365 2534 dit
1372 2500 1468 2534 annis
1478 2499 1655 2534 duodecim
1670 2511 1677 2530 :
1703 2498 1829 2532 Tribus
1842 2498 1877 2531 in
1899 2508 1978 2540 pace
1985 2522 1996 2538 ‚
2019 2505 2142 2528 novem
2158 2494 2198 2527 in

1315 2550 1548 2592 persecutione.
1576 2550 1658 2583 Haec
1671 2548 1760 2582 enim
1770 2549 1871 2591 coepit
1880 2548 1988 2590 primo
1999 2546 2089 2579 anno
2102 2555 2197 2588 quar·

1315 2600 1341 2633 ti
1354 2600 1467 2636 saeculi.
1494 2599 1639 2634 Proinde
1651 2599 1809 2633 Meletius
1819 2624 1830 2640 ‚
1856 2598 1911 2640 qui
1922 2597 2013 2630 istius
2023 2594 2130 2629 saeculi
2140 2605 2196 2627 an-

1316 2662 1361 2684 no
1372 2651 1464 2684 sexto
1475 2651 1567 2694 caepit
1579 2649 1721 2684 insanire
1734 2674 1744 2689 ‚
1771 2650 1858 2682 inter
1869 2648 2010 2691 primum
2021 2646 2054 2680 &
2066 2645 2198 2681 sextum

1315 2711 1440 2734 annum
1452 2700 1515 2734 fuit
1526 2700 1631 2743 lapsus
1642 2711 1679 2732 ac
1691 2698 1893 2744 degradatus-

1366 2748 1469 2783 Porro
1480 2761 1535 2793 per
1545 2751 1650 2794 ipsum
1662 2758 1821 2784 attentata
1831 2746 2003 2791 Tyrannis
2020 2747 2084 2780 fuit
2107 2743 2195 2787 Epis-

1316 2811 1476 2843 coporum
1487 2796 1704 2834 Consecratio
1714 2825 1724 2840 ‚
1738 2799 1770 2832 &
1782 2799 1906 2833 Invafio
1918 2799 2015 2842 plene
2025 2797 2196 2837 Metropoe

1317 2850 1411 2883 liticae
1418 2850 1601 2885 Potestatis.
1630 2849 1790 2884 Meletius
1800 2849 1937 2883 advertit
1949 2874 1959 2890 ,
1977 2845 2066 2891 quod
2075 2846 2109 2879 in
2117 2844 2196 2877 aliis

1316 2899 1592 2935 Patriarehatibus
1609 2900 1833 2943 Metropolitae
1841 2900 1915 2933 suos
1926 2895 2196 2939 comprovincia-

1318 2950 1363 2984 les
1372 2951 1610 2992 consecrarent,
1622 2950 1820 2984 celebrarent
1832 2948 1984 2993 synodos
1994 2971 2004 2986 ,
2016 2946 2049 2979 &
2061 2953 2196 2989 agerent

1319 3000 1351 3034 id
1361 3012 1464 3047 genus
1474 3000 1537 3034 alia
1557 3015 1568 3034 .·
1597 3000 1700 3048 Qod
1713 3000 1954 3044 AEgyptiorum
1966 2994 2198 3038 Metropolita-

1318 3102 1394 3134 effet
1405 3113 1619 3146 extravagans
1627 3126 1638 3141 ‚
1663 3101 1695 3135 δε
1705 3101 1818 3135 contra
1825 3107 2035 3133 communem
2048 3095 2197 3129 Consue-

1319 3151 1479 3186 tudinem.
1491 3150 1585 3185 Hinc
1597 3153 1626 3186 S.
1641 3151 1740 3186 Petro
1751 3149 1892 3184 offensus
1904 3147 2039 3180 excussit
2051 3144 2135 3179 istud
2147 3145 2196 3187 ju-

1318 3213 1398 3246 gum
1412 3226 1422 3242 ,
1449 3203 1636 3236 consecrare
1643 3203 1743 3244 coepit
1752 3224 1762 3240 ,
1782 3199 1816 3232 ἅτ
1826 3197 1959 3241 quidem
1969 3197 2034 3230 fine
2044 3196 2145 3239 petita
2158 3205 2197 3231 ac

1318 3251 1454 3286 obtenta
1466 3251 1662 3287 Patriarchae
1671 3250 1847 3285 autoritate
1857 3273 1867 3289 ,
1879 3249 1953 3280 suos
1965 3247 2197 3290 suffraganeos,

1318 3301 1399 3335 alios
1411 3303 1684 3348 Metropolitasin
1693 3300 1832 3334 eandem
1842 3297 2012 3332 audaciam
2023 3296 2172 3330 seducere
2184 3319 2197 3334 ‚

1319 3363 1355 3386 ac
1367 3353 1495 3396 insuper
1505 3354 1642 3388 aliarum
1652 3349 1900 3385 Provincia-rum
1911 3347 2102 3390 Episcopos,
2114 3346 2197 3388 quin

1319 3403 1351 3435 ὅ(
1362 3403 1418 3446 ipfi
1429 3402 1663 3439 Alexandrinae
1673 3400 1745 3434 urbi
1757 3397 1965 3441 presbyteros
1978 3398 2011 3431 ὃς
2023 3398 2197 3430 Diaconos

1321 3452 1479 3487 ordinare.
1517 3454 1630 3487 Sextus
1651 3452 1804 3485 Nicaenus
1831 3449 1868 3482 in
1890 3448 2066 3482 Meletium
2089 3446 2197 3480 editus

1324 3502 1444 3537 Canon
1468 3515 1538 3539 non
1559 3503 1626 3538 fine
1647 3501 1741 3537 causa
1751 3499 1848 3535 dicit:
1876 3501 2008 3542 Antiqua
2025 3494 2197 3539 consuetudo

2136 3544 2199 3591 ser.
