<?xml version="1.0" encoding="UTF-8"?>
<!DOCTYPE html PUBLIC "-//W3C//DTD XHTML 1.0 Transitional//EN"
    "http://www.w3.org/TR/xhtml1/DTD/xhtml1-transitional.dtd">
<html xmlns="http://www.w3.org/1999/xhtml" xml:lang="en" lang="en">
 <head>
  <title>
</title>
<meta http-equiv="Content-Type" content="text/html;charset=utf-8" />
  <meta name='ocr-system' content='tesseract 3.04.00' />
  <meta name='ocr-capabilities' content='ocr_page ocr_carea ocr_par ocr_line ocrx_word'/>
</head>
<body>
  <div class='ocr_page' id='page_1' title='image "./operaomniastudio01lupuuoft_0204.png"; bbox 0 0 2346 3776; ppageno 0'>
   <div class='ocr_carea' id='block_1_1' title="bbox 210 2392 312 2427">
    <p class='ocr_par' dir='ltr' id='par_1_1' title="bbox 210 2392 312 2427">
     <span class='ocr_line' id='line_1_1' title="bbox 210 2392 312 2427; baseline -0.049 -2"><span class='ocrx_word' id='word_1_1' title='bbox 210 2392 277 2427; x_wconf 62' lang='lat' dir='ltr'><em>lin,</em></span> <span class='ocrx_word' id='word_1_2' title='bbox 287 2401 312 2427; x_wconf 81' lang='grc' dir='ltr'><em>ς.</em></span> 
     </span>
    </p>
   </div>
   <div class='ocr_carea' id='block_1_2' title="bbox 338 202 440 246">
    <p class='ocr_par' dir='ltr' id='par_1_2' title="bbox 338 202 440 246">
     <span class='ocr_line' id='line_1_2' title="bbox 338 202 440 246; baseline 0 -4"><span class='ocrx_word' id='word_1_3' title='bbox 338 236 344 242; x_wconf 86' lang='grc'><strong><em>.</em></strong></span> <span class='ocrx_word' id='word_1_4' title='bbox 368 202 440 246; x_wconf 71' lang='lat'><em>&#39;³66</em></span> 
     </span>
    </p>
   </div>
   <div class='ocr_carea' id='block_1_3' title="bbox 811 182 1731 252">
    <p class='ocr_par' dir='ltr' id='par_1_3' title="bbox 811 182 1731 252">
     <span class='ocr_line' id='line_1_3' title="bbox 811 182 1731 252; baseline 0.001 -15"><span class='ocrx_word' id='word_1_5' title='bbox 811 184 1258 252; x_wconf 56' lang='lat' dir='ltr'><em>Di‘s&#39;sE&#39;R-TATio</em></span> <span class='ocrx_word' id='word_1_6' title='bbox 1306 182 1731 241; x_wconf 63' lang='lat' dir='ltr'><em>Pnoemmms.</em></span> 
     </span>
    </p>
   </div>
   <div class='ocr_carea' id='block_1_4' title="bbox 359 258 2171 314">
    <p class='ocr_par' dir='ltr' id='par_1_4' title="bbox 359 258 2171 314">
     <span class='ocr_line' id='line_1_4' title="bbox 359 258 2171 314; baseline 0.001 -12"><span class='ocrx_word' id='word_1_7' title='bbox 359 267 520 307; x_wconf 62' lang='lat' dir='ltr'><em>existimo</em></span> <span class='ocrx_word' id='word_1_8' title='bbox 528 265 659 303; x_wconf 78' lang='lat' dir='ltr'><em>nullum</em></span> <span class='ocrx_word' id='word_1_9' title='bbox 669 265 729 302; x_wconf 81' lang='lat' dir='ltr'><em>sub</em></span> <span class='ocrx_word' id='word_1_10' title='bbox 739 266 848 303; x_wconf 65' lang='lat' dir='ltr'><em>sancto</em></span> <span class='ocrx_word' id='word_1_11' title='bbox 857 266 946 314; x_wconf 79' lang='lat' dir='ltr'><em>Papa</em></span> <span class='ocrx_word' id='word_1_12' title='bbox 955 266 1021 303; x_wconf 81' lang='lat' dir='ltr'><em>Pio</em></span> <span class='ocrx_word' id='word_1_13' title='bbox 1039 265 1134 307; x_wconf 81' lang='lat' dir='ltr'><em>fuiffe</em></span> <span class='ocrx_word' id='word_1_14' title='bbox 1154 267 1240 301; x_wconf 89' lang='lat' dir='ltr'><em>Her·</em></span> <span class='ocrx_word' id='word_1_15' title='bbox 1278 286 1280 289; x_wconf 91' lang='lat'><em>-</em></span> <span class='ocrx_word' id='word_1_16' title='bbox 1302 266 1338 300; x_wconf 66' lang='grc' dir='ltr'><em>ὁ·</em></span> <span class='ocrx_word' id='word_1_17' title='bbox 1357 270 1511 313; x_wconf 65' lang='lat' dir='ltr'><em>Nar-ciffus</em></span> <span class='ocrx_word' id='word_1_18' title='bbox 1530 268 1696 312; x_wconf 70' lang='lat' dir='ltr'><em>Episcopus</em></span> <span class='ocrx_word' id='word_1_19' title='bbox 1715 258 1969 314; x_wconf 69' lang='lat' dir='ltr'><em>Hierofilyrnorum</em></span> <span class='ocrx_word' id='word_1_20' title='bbox 1987 267 1999 311; x_wconf 69' lang='lat'><em>,&#39;</em></span> <span class='ocrx_word' id='word_1_21' title='bbox 2026 268 2171 313; x_wconf 68' lang='lat' dir='ltr'><em>Praefides</em></span> 
     </span>
    </p>
   </div>
   <div class='ocr_carea' id='block_1_5' title="bbox 341 316 1241 1909">
    <p class='ocr_par' dir='ltr' id='par_1_5' title="bbox 341 316 1241 1909">
     <span class='ocr_line' id='line_1_5' title="bbox 359 316 1240 363; baseline -0.006 -8"><span class='ocrx_word' id='word_1_22' title='bbox 359 330 485 362; x_wconf 66' lang='lat' dir='ltr'><em>anetem</em></span> <span class='ocrx_word' id='word_1_23' title='bbox 497 343 508 360; x_wconf 94' lang='lat'><em>,</em></span> <span class='ocrx_word' id='word_1_24' title='bbox 532 319 587 354; x_wconf 91' lang='lat' dir='ltr'><em>cui</em></span> <span class='ocrx_word' id='word_1_25' title='bbox 597 319 633 352; x_wconf 92' lang='lat' dir='ltr'><em>in</em></span> <span class='ocrx_word' id='word_1_26' title='bbox 644 318 788 353; x_wconf 85' lang='lat' dir='ltr'><em>Pastoris</em></span> <span class='ocrx_word' id='word_1_27' title='bbox 798 319 902 362; x_wconf 87' lang='lat' dir='ltr'><em>specie</em></span> <span class='ocrx_word' id='word_1_28' title='bbox 912 329 1071 363; x_wconf 86' lang='lat' dir='ltr'><em>apparens</em></span> <span class='ocrx_word' id='word_1_29' title='bbox 1090 316 1240 362; x_wconf 76' lang='lat' dir='ltr'>Angelus</span> 
     </span>
     <span class='ocr_line' id='line_1_6' title="bbox 358 367 1241 414; baseline -0.01 -7"><span class='ocrx_word' id='word_1_30' title='bbox 358 370 489 411; x_wconf 63' lang='lat' dir='ltr'><em>,dederit</em></span> <span class='ocrx_word' id='word_1_31' title='bbox 498 369 691 405; x_wconf 83' lang='lat' dir='ltr'><em>mandatum</em></span> <span class='ocrx_word' id='word_1_32' title='bbox 703 368 851 414; x_wconf 80' lang='lat' dir='ltr'><em>agitandi</em></span> <span class='ocrx_word' id='word_1_33' title='bbox 863 367 921 404; x_wconf 88' lang='lat' dir='ltr'><em>has</em></span> <span class='ocrx_word' id='word_1_34' title='bbox 933 368 1141 413; x_wconf 77' lang='lat' dir='ltr'><em>quaestiones:</em></span> <span class='ocrx_word' id='word_1_35' title='bbox 1156 369 1241 402; x_wconf 86' lang='lat' dir='ltr'><em>Om-</em></span> 
     </span>
     <span class='ocr_line' id='line_1_7' title="bbox 360 417 1240 464; baseline -0.002 -9"><span class='ocrx_word' id='word_1_36' title='bbox 360 421 419 456; x_wconf 83' lang='lat' dir='ltr'><em>nia</em></span> <span class='ocrx_word' id='word_1_37' title='bbox 429 420 495 455; x_wconf 87' lang='lat' dir='ltr'><em>haec</em></span> <span class='ocrx_word' id='word_1_38' title='bbox 506 420 569 455; x_wconf 78' lang='lat' dir='ltr'><em>esse</em></span> <span class='ocrx_word' id='word_1_39' title='bbox 580 418 769 464; x_wconf 68' lang='lat' dir='ltr'><em>apocrypha</em></span> <span class='ocrx_word' id='word_1_40' title='bbox 779 443 791 459; x_wconf 87' lang='lat'>‚</span> <span class='ocrx_word' id='word_1_41' title='bbox 814 431 853 454; x_wconf 83' lang='lat' dir='ltr'><em>ac</em></span> <span class='ocrx_word' id='word_1_42' title='bbox 865 418 1071 464; x_wconf 81' lang='lat' dir='ltr'><em>supposititia.</em></span> <span class='ocrx_word' id='word_1_43' title='bbox 1099 417 1240 453; x_wconf 79' lang='lat' dir='ltr'><em>Pastoris</em></span> 
     </span>
     <span class='ocr_line' id='line_1_8' title="bbox 359 468 1240 518; baseline -0.006 -12"><span class='ocrx_word' id='word_1_44' title='bbox 359 471 463 508; x_wconf 80' lang='lat' dir='ltr'><em>Liber</em></span> <span class='ocrx_word' id='word_1_45' title='bbox 472 471 517 505; x_wconf 90' lang='lat' dir='ltr'><em>est</em></span> <span class='ocrx_word' id='word_1_46' title='bbox 530 470 620 504; x_wconf 89' lang='lat' dir='ltr'><em>illius</em></span> <span class='ocrx_word' id='word_1_47' title='bbox 630 471 782 510; x_wconf 81' lang='lat' dir='ltr'><em>Hermae,</em></span> <span class='ocrx_word' id='word_1_48' title='bbox 806 482 903 518; x_wconf 88' lang='lat' dir='ltr'><em>quem</em></span> <span class='ocrx_word' id='word_1_49' title='bbox 928 469 1057 504; x_wconf 84' lang='lat' dir='ltr'><em>salutari</em></span> <span class='ocrx_word' id='word_1_50' title='bbox 1075 468 1161 512; x_wconf 84' lang='lat' dir='ltr'><em>juffit</em></span> <span class='ocrx_word' id='word_1_51' title='bbox 1172 468 1240 506; x_wconf 73' lang='lat' dir='ltr'><em>sau-</em></span> 
     </span>
     <span class='ocr_line' id='line_1_9' title="bbox 359 516 1239 558; baseline -0.007 -2"><span class='ocrx_word' id='word_1_52' title='bbox 359 524 431 558; x_wconf 66' lang='lat' dir='ltr'><em>stus</em></span> <span class='ocrx_word' id='word_1_53' title='bbox 441 521 562 556; x_wconf 84' lang='lat' dir='ltr'><em>Paulus</em></span> <span class='ocrx_word' id='word_1_54' title='bbox 573 535 584 555; x_wconf 90' lang='lat'><em>.·</em></span> <span class='ocrx_word' id='word_1_55' title='bbox 611 521 705 555; x_wconf 89' lang='lat' dir='ltr'><em>Hinc</em></span> <span class='ocrx_word' id='word_1_56' title='bbox 716 520 751 554; x_wconf 90' lang='lat' dir='ltr'><em>in</em></span> <span class='ocrx_word' id='word_1_57' title='bbox 764 519 825 555; x_wconf 88' lang='lat' dir='ltr'><em>illo</em></span> <span class='ocrx_word' id='word_1_58' title='bbox 836 520 926 557; x_wconf 87' lang='lat' dir='ltr'><em>nulla</em></span> <span class='ocrx_word' id='word_1_59' title='bbox 937 519 983 555; x_wconf 87' lang='lat' dir='ltr'><em>est</em></span> <span class='ocrx_word' id='word_1_60' title='bbox 1001 519 1160 553; x_wconf 82' lang='lat' dir='ltr'><em>memoria</em></span> <span class='ocrx_word' id='word_1_61' title='bbox 1183 516 1239 550; x_wconf 88' lang='lat' dir='ltr'><em>ha-</em></span> 
     </span>
     <span class='ocr_line' id='line_1_10' title="bbox 359 566 1237 615; baseline -0.008 -9"><span class='ocrx_word' id='word_1_62' title='bbox 359 583 435 606; x_wconf 80' lang='lat' dir='ltr'><em>rum</em></span> <span class='ocrx_word' id='word_1_63' title='bbox 446 571 673 615; x_wconf 77' lang='lat' dir='ltr'><em>quaestionum.</em></span> <span class='ocrx_word' id='word_1_64' title='bbox 701 570 755 604; x_wconf 78' lang='lat' dir='ltr'><em>Est</em></span> <span class='ocrx_word' id='word_1_65' title='bbox 767 582 806 612; x_wconf 83' lang='lat' dir='ltr'><em>ac</em></span> <span class='ocrx_word' id='word_1_66' title='bbox 816 572 939 615; x_wconf 81' lang='lat' dir='ltr'>semper</span> <span class='ocrx_word' id='word_1_67' title='bbox 960 570 1024 606; x_wconf 88' lang='lat' dir='ltr'><em>suit</em></span> <span class='ocrx_word' id='word_1_68' title='bbox 1040 569 1158 602; x_wconf 84' lang='lat' dir='ltr'><em>unicus</em></span> <span class='ocrx_word' id='word_1_69' title='bbox 1183 566 1237 608; x_wconf 80' lang='lat' dir='ltr'><em>Li-</em></span> 
     </span>
     <span class='ocr_line' id='line_1_11' title="bbox 357 621 578 663; baseline -0.009 -7"><span class='ocrx_word' id='word_1_70' title='bbox 357 621 416 663; x_wconf 78' lang='lat' dir='ltr'><em>ber</em></span> <span class='ocrx_word' id='word_1_71' title='bbox 425 621 578 657; x_wconf 85' lang='lat' dir='ltr'><em>Pastoris.</em></span> 
     </span>
     <span class='ocr_line' id='line_1_12' title="bbox 408 665 1236 714; baseline -0.008 -7"><span class='ocrx_word' id='word_1_72' title='bbox 408 673 486 707; x_wconf 90' lang='lat' dir='ltr'><em>Hac</em></span> <span class='ocrx_word' id='word_1_73' title='bbox 496 672 539 707; x_wconf 86' lang='lat' dir='ltr'><em>de</em></span> <span class='ocrx_word' id='word_1_74' title='bbox 549 683 582 707; x_wconf 86' lang='lat' dir='ltr'><em>re</em></span> <span class='ocrx_word' id='word_1_75' title='bbox 602 671 713 706; x_wconf 84' lang='lat' dir='ltr'><strong>scribit</strong></span> <span class='ocrx_word' id='word_1_76' title='bbox 737 671 881 706; x_wconf 85' lang='lat' dir='ltr'><em>vetustus</em></span> <span class='ocrx_word' id='word_1_77' title='bbox 902 681 957 714; x_wconf 85' lang='lat' dir='ltr'><em>per</em></span> <span class='ocrx_word' id='word_1_78' title='bbox 977 667 1163 701; x_wconf 82' lang='lat' dir='ltr'><em>Henricum</em></span> <span class='ocrx_word' id='word_1_79' title='bbox 1186 665 1236 708; x_wconf 83' lang='lat' dir='ltr'><em>Ju-</em></span> 
     </span>
     <span class='ocr_line' id='line_1_13' title="bbox 355 717 1235 767; baseline -0.009 -10"><span class='ocrx_word' id='word_1_80' title='bbox 355 722 489 758; x_wconf 72' lang='lat' dir='ltr'><em>ssellum</em></span> <span class='ocrx_word' id='word_1_81' title='bbox 512 722 684 767; x_wconf 83' lang='lat' dir='ltr'><em>vulgatus,</em></span> <span class='ocrx_word' id='word_1_82' title='bbox 709 721 857 755; x_wconf 85' lang='lat' dir='ltr'><strong>Libellus</strong></span> <span class='ocrx_word' id='word_1_83' title='bbox 882 717 1082 761; x_wconf 87' lang='lat' dir='ltr'><em>Synodicus:</em></span> <span class='ocrx_word' id='word_1_84' title='bbox 1108 717 1235 755; x_wconf 68' lang='lat' dir='ltr'><em>synodus</em></span> 
     </span>
     <span class='ocr_line' id='line_1_14' title="bbox 356 768 1235 816; baseline -0.01 -9"><span class='ocrx_word' id='word_1_85' title='bbox 356 776 478 807; x_wconf 74' lang='lat' dir='ltr'><em>Divina</em></span> <span class='ocrx_word' id='word_1_86' title='bbox 487 774 522 807; x_wconf 61' lang='grc'>6</span> <span class='ocrx_word' id='word_1_87' title='bbox 527 771 636 816; x_wconf 54' lang='lat' dir='ltr'><em>sanda</em></span> <span class='ocrx_word' id='word_1_88' title='bbox 647 772 868 808; x_wconf 82' lang='lat' dir='ltr'><em>Provincialis,</em></span> <span class='ocrx_word' id='word_1_89' title='bbox 894 773 995 800; x_wconf 83' lang='lat' dir='ltr'><em>Romae</em></span> <span class='ocrx_word' id='word_1_90' title='bbox 1016 775 1194 810; x_wconf 83' lang='lat' dir='ltr'><em>congregata</em></span> <span class='ocrx_word' id='word_1_91' title='bbox 1215 768 1235 798; x_wconf 74' lang='grc' dir='ltr'><em>ἂ</em></span> 
     </span>
     <span class='ocr_line' id='line_1_15' title="bbox 354 817 1235 863; baseline -0.009 -7"><span class='ocrx_word' id='word_1_92' title='bbox 354 823 524 863; x_wconf 78' lang='lat' dir='ltr'><em>Beatissimo</em></span> <span class='ocrx_word' id='word_1_93' title='bbox 531 827 648 856; x_wconf 80' lang='lat' dir='ltr'><em>Aniceto</em></span> <span class='ocrx_word' id='word_1_94' title='bbox 657 819 790 863; x_wconf 85' lang='lat' dir='ltr'><em>ejusdem</em></span> <span class='ocrx_word' id='word_1_95' title='bbox 810 819 897 851; x_wconf 79' lang='lat' dir='ltr'><em>Urbis</em></span> <span class='ocrx_word' id='word_1_96' title='bbox 919 820 1025 859; x_wconf 84' lang='lat' dir='ltr'><em>Papa,</em></span> <span class='ocrx_word' id='word_1_97' title='bbox 1051 818 1085 850; x_wconf 64' lang='grc' dir='ltr'><em>ὢ·</em></span> <span class='ocrx_word' id='word_1_98' title='bbox 1106 817 1235 855; x_wconf 79' lang='lat' dir='ltr'><em>Polycar-</em></span> 
     </span>
     <span class='ocr_line' id='line_1_16' title="bbox 351 865 1231 916; baseline -0.01 -9"><span class='ocrx_word' id='word_1_99' title='bbox 351 872 503 916; x_wconf 61' lang='lat' dir='ltr'><em>pofancqo</em></span> <span class='ocrx_word' id='word_1_100' title='bbox 512 876 641 910; x_wconf 77' lang='lat' dir='ltr'><em>Martyre</em></span> <span class='ocrx_word' id='word_1_101' title='bbox 653 894 663 910; x_wconf 89' lang='lat'><em>,</em></span> <span class='ocrx_word' id='word_1_102' title='bbox 687 872 817 916; x_wconf 77' lang='lat' dir='ltr'><em>Smyrnae</em></span> <span class='ocrx_word' id='word_1_103' title='bbox 827 866 975 910; x_wconf 73' lang='lat' dir='ltr'><em>Episcopo</em></span> <span class='ocrx_word' id='word_1_104' title='bbox 985 891 996 907; x_wconf 87' lang='lat'><em>,</em></span> <span class='ocrx_word' id='word_1_105' title='bbox 1020 865 1146 909; x_wconf 85' lang='lat' dir='ltr'><em>aliisque</em></span> <span class='ocrx_word' id='word_1_106' title='bbox 1156 869 1231 908; x_wconf 66' lang='lat' dir='ltr'><em>Epi-</em></span> 
     </span>
     <span class='ocr_line' id='line_1_17' title="bbox 350 918 1234 966; baseline -0.007 -12"><span class='ocrx_word' id='word_1_107' title='bbox 350 921 449 966; x_wconf 79' lang='lat' dir='ltr'><em>scopis</em></span> <span class='ocrx_word' id='word_1_108' title='bbox 459 923 577 962; x_wconf 87' lang='lat' dir='ltr'><em>decem,</em></span> <span class='ocrx_word' id='word_1_109' title='bbox 602 928 704 953; x_wconf 84' lang='lat' dir='ltr'><em>contra</em></span> <span class='ocrx_word' id='word_1_110' title='bbox 713 930 760 951; x_wconf 90' lang='lat' dir='ltr'><em>eos</em></span> <span class='ocrx_word' id='word_1_111' title='bbox 778 942 790 958; x_wconf 88' lang='lat'><em>,</em></span> <span class='ocrx_word' id='word_1_112' title='bbox 816 924 868 960; x_wconf 77' lang='lat' dir='ltr'><em>qut</em></span> <span class='ocrx_word' id='word_1_113' title='bbox 871 921 903 963; x_wconf 86' lang='lat' dir='ltr'><strong><em>J</em></strong></span> <span class='ocrx_word' id='word_1_114' title='bbox 905 918 1007 951; x_wconf 79' lang='lat' dir='ltr'><em>udaico</em></span> <span class='ocrx_word' id='word_1_115' title='bbox 1017 928 1096 951; x_wconf 88' lang='lat' dir='ltr'><em>more</em></span> <span class='ocrx_word' id='word_1_116' title='bbox 1106 941 1118 958; x_wconf 89' lang='lat'><em>,</em></span> <span class='ocrx_word' id='word_1_117' title='bbox 1144 919 1234 955; x_wconf 86' lang='lat' dir='ltr'><em>Luna</em></span> 
     </span>
     <span class='ocr_line' id='line_1_18' title="bbox 349 963 1232 1013; baseline -0.008 -8"><span class='ocrx_word' id='word_1_118' title='bbox 349 971 594 1013; x_wconf 67' lang='lat' dir='ltr'><em>&#39;decima-quarta</em></span> <span class='ocrx_word' id='word_1_119' title='bbox 603 972 752 1002; x_wconf 73' lang='lat' dir='ltr'><em>Divinum</em></span> <span class='ocrx_word' id='word_1_120' title='bbox 773 967 966 1002; x_wconf 74' lang='lat' dir='ltr'><em>celebrabant</em></span> <span class='ocrx_word' id='word_1_121' title='bbox 989 965 1127 1011; x_wconf 82' lang='lat' dir='ltr'><em>Pascha,</em></span> <span class='ocrx_word' id='word_1_122' title='bbox 1152 963 1232 1009; x_wconf 73' lang='lat' dir='ltr'><em>aliis-</em></span> 
     </span>
     <span class='ocr_line' id='line_1_19' title="bbox 350 1017 1230 1063; baseline -0.006 -10"><span class='ocrx_word' id='word_1_123' title='bbox 350 1032 411 1063; x_wconf 70' lang='lat' dir='ltr'><em>que</em></span> <span class='ocrx_word' id='word_1_124' title='bbox 421 1020 544 1054; x_wconf 77' lang='lat' dir='ltr'><em>Riubus</em></span> <span class='ocrx_word' id='word_1_125' title='bbox 556 1021 591 1054; x_wconf 62' lang='grc' dir='ltr'><em>ἐν</em></span> <span class='ocrx_word' id='word_1_126' title='bbox 601 1026 676 1062; x_wconf 70' lang='lat' dir='ltr'><em>typis</em></span> <span class='ocrx_word' id='word_1_127' title='bbox 686 1017 824 1062; x_wconf 77' lang='lat' dir='ltr'><em>idipsum</em></span> <span class='ocrx_word' id='word_1_128' title='bbox 830 1017 1031 1061; x_wconf 76' lang='lat' dir='ltr'><em>perficiebant.</em></span> <span class='ocrx_word' id='word_1_129' title='bbox 1055 1024 1129 1055; x_wconf 81' lang='lat' dir='ltr'><em>Haec</em></span> <span class='ocrx_word' id='word_1_130' title='bbox 1140 1022 1230 1061; x_wconf 70' lang='lat' dir='ltr'><em>Igitur</em></span> 
     </span>
     <span class='ocr_line' id='line_1_20' title="bbox 350 1066 1230 1113; baseline -0.007 -8"><span class='ocrx_word' id='word_1_131' title='bbox 350 1071 482 1108; x_wconf 58' lang='lat' dir='ltr'><em>synodus</em></span> <span class='ocrx_word' id='word_1_132' title='bbox 502 1071 642 1113; x_wconf 69' lang='lat' dir='ltr'><em>definivit</em></span> <span class='ocrx_word' id='word_1_133' title='bbox 663 1070 849 1102; x_wconf 80' lang='lat' dir='ltr'><em>tremendam</em></span> <span class='ocrx_word' id='word_1_134' title='bbox 872 1072 906 1105; x_wconf 59' lang='grc' dir='ltr'><em>ἐν</em></span> <span class='ocrx_word' id='word_1_135' title='bbox 923 1066 1089 1112; x_wconf 73' lang='lat' dir='ltr'><em>fdutarem</em></span> <span class='ocrx_word' id='word_1_136' title='bbox 1111 1070 1230 1099; x_wconf 75' lang='lat' dir='ltr'><em>Domini</em></span> 
     </span>
     <span class='ocr_line' id='line_1_21' title="bbox 350 1118 1230 1168; baseline -0.007 -14"><span class='ocrx_word' id='word_1_137' title='bbox 350 1119 455 1160; x_wconf 73' lang='lat' dir='ltr'><em>Nostri</em></span> <span class='ocrx_word' id='word_1_138' title='bbox 474 1123 623 1165; x_wconf 81' lang='lat' dir='ltr'><em>JESU</em></span> <span class='ocrx_word' id='word_1_139' title='bbox 646 1122 872 1152; x_wconf 78' lang='lat' dir='ltr'><em>CHRIsTI</em></span> <span class='ocrx_word' id='word_1_140' title='bbox 896 1120 1010 1168; x_wconf 34' lang='lat' dir='ltr'><em>&amp;kDei</em></span> <span class='ocrx_word' id='word_1_141' title='bbox 1032 1118 1230 1157; x_wconf 82' lang='lat' dir='ltr'><em>Paffion&#39;emin</em></span> 
     </span>
     <span class='ocr_line' id='line_1_22' title="bbox 344 1166 1228 1216; baseline -0.006 -13"><span class='ocrx_word' id='word_1_142' title='bbox 344 1168 456 1216; x_wconf 55' lang='lat' dir='ltr'><em>sanda</em></span> <span class='ocrx_word' id='word_1_143' title='bbox 470 1168 636 1214; x_wconf 68' lang='lat' dir='ltr'><em>Parasi-eve</em></span> <span class='ocrx_word' id='word_1_144' title='bbox 655 1169 762 1210; x_wconf 59' lang='lat' dir='ltr'><em>mystice*</em></span> <span class='ocrx_word' id='word_1_145' title='bbox 780 1169 988 1203; x_wconf 76' lang='lat' dir='ltr'><em>celebrandam</em></span> <span class='ocrx_word' id='word_1_146' title='bbox 999 1193 1008 1208; x_wconf 85' lang='lat'><em>,</em></span> <span class='ocrx_word' id='word_1_147' title='bbox 1035 1166 1228 1209; x_wconf 69' lang='lat' dir='ltr'><em>Resurrec‘ls&#39;o-</em></span> 
     </span>
     <span class='ocr_line' id='line_1_23' title="bbox 346 1217 1227 1262; baseline -0.008 -7"><span class='ocrx_word' id='word_1_148' title='bbox 346 1219 418 1255; x_wconf 69' lang='lat' dir='ltr'><em>&#39;nem</em></span> <span class='ocrx_word' id='word_1_149' title='bbox 427 1229 528 1253; x_wconf 74' lang='lat' dir='ltr'><em>autem</em></span> <span class='ocrx_word' id='word_1_150' title='bbox 538 1244 550 1260; x_wconf 95' lang='lat'><em>,</em></span> <span class='ocrx_word' id='word_1_151' title='bbox 575 1225 651 1258; x_wconf 74' lang='lat' dir='ltr'><em>vitae</em></span> <span class='ocrx_word' id='word_1_152' title='bbox 660 1219 819 1256; x_wconf 65' lang='lat' dir='ltr'><em>aullricem</em></span> <span class='ocrx_word' id='word_1_153' title='bbox 830 1244 840 1259; x_wconf 94' lang='lat'><em>,</em></span> <span class='ocrx_word' id='word_1_154' title='bbox 865 1217 932 1262; x_wconf 70' lang='lat' dir='ltr'><em>ipsa</em></span> <span class='ocrx_word' id='word_1_155' title='bbox 943 1218 1046 1251; x_wconf 78' lang='lat' dir='ltr'><em>celebri</em></span> <span class='ocrx_word' id='word_1_156' title='bbox 1065 1219 1099 1250; x_wconf 57' lang='grc' dir='ltr'><em>(θ’</em></span> <span class='ocrx_word' id='word_1_157' title='bbox 1118 1228 1227 1260; x_wconf 87' lang='lat' dir='ltr'><em>magna</em></span> 
     </span>
     <span class='ocr_line' id='line_1_24' title="bbox 347 1267 1226 1312; baseline -0.005 -9"><span class='ocrx_word' id='word_1_158' title='bbox 347 1273 507 1304; x_wconf 73' lang='lat' dir='ltr'><em>Dominlca</em></span> <span class='ocrx_word' id='word_1_159' title='bbox 517 1275 596 1302; x_wconf 76' lang='lat' dir='ltr'><em>omni</em></span> <span class='ocrx_word' id='word_1_160' title='bbox 607 1270 689 1302; x_wconf 86' lang='lat' dir='ltr'><em>modo</em></span> <span class='ocrx_word' id='word_1_161' title='bbox 708 1270 759 1312; x_wconf 80' lang='lat' dir='ltr'><em>effe</em></span> <span class='ocrx_word' id='word_1_162' title='bbox 778 1269 989 1311; x_wconf 66' lang='lat' dir='ltr'><em>peragendam.</em></span> <span class='ocrx_word' id='word_1_163' title='bbox 1019 1267 1115 1300; x_wconf 83' lang='lat' dir='ltr'>Dicit</span> <span class='ocrx_word' id='word_1_164' title='bbox 1133 1267 1226 1300; x_wconf 85' lang='lat' dir='ltr'><em>varia.</em></span> 
     </span>
     <span class='ocr_line' id='line_1_25' title="bbox 346 1316 1225 1361; baseline -0.007 -8"><span class='ocrx_word' id='word_1_165' title='bbox 346 1317 464 1354; x_wconf 81' lang='lat' dir='ltr'><em>Primo</em></span> <span class='ocrx_word' id='word_1_166' title='bbox 473 1344 486 1361; x_wconf 88' lang='lat'><em>,</em></span> <span class='ocrx_word' id='word_1_167' title='bbox 510 1319 529 1353; x_wconf 69' lang='grc' dir='ltr'>ὲ</span> <span class='ocrx_word' id='word_1_168' title='bbox 541 1317 721 1353; x_wconf 86' lang='lat' dir='ltr'><em>S.Aniceto</em></span> <span class='ocrx_word' id='word_1_169' title='bbox 733 1319 826 1353; x_wconf 73' lang='lat' dir='ltr'><em>fuisse</em></span> <span class='ocrx_word' id='word_1_170' title='bbox 836 1318 1033 1354; x_wconf 84' lang='lat' dir='ltr'><em>celebratam</em></span> <span class='ocrx_word' id='word_1_171' title='bbox 1044 1316 1225 1360; x_wconf 84' lang='lat' dir='ltr'><em>synodum.</em></span> 
     </span>
     <span class='ocr_line' id='line_1_26' title="bbox 346 1365 1227 1412; baseline -0.006 -8"><span class='ocrx_word' id='word_1_172' title='bbox 346 1368 408 1404; x_wconf 77' lang='lat' dir='ltr'><em>Est</em></span> <span class='ocrx_word' id='word_1_173' title='bbox 432 1370 602 1407; x_wconf 82' lang='lat' dir='ltr'><em>incertum.</em></span> <span class='ocrx_word' id='word_1_174' title='bbox 640 1368 776 1403; x_wconf 79' lang='lat' dir='ltr'><em>Etenim</em></span> <span class='ocrx_word' id='word_1_175' title='bbox 796 1368 890 1412; x_wconf 84' lang='lat' dir='ltr'><em>hujus</em></span> <span class='ocrx_word' id='word_1_176' title='bbox 911 1367 1039 1412; x_wconf 89' lang='lat' dir='ltr'><em>Synodi</em></span> <span class='ocrx_word' id='word_1_177' title='bbox 1068 1365 1227 1401; x_wconf 88' lang='lat' dir='ltr'>Eusebius</span> 
     </span>
     <span class='ocr_line' id='line_1_27' title="bbox 343 1416 1228 1465; baseline -0.005 -12"><span class='ocrx_word' id='word_1_178' title='bbox 343 1431 419 1454; x_wconf 71' lang='lat' dir='ltr'><em>mon</em></span> <span class='ocrx_word' id='word_1_179' title='bbox 432 1420 594 1453; x_wconf 85' lang='lat' dir='ltr'><em>meminit.</em></span> <span class='ocrx_word' id='word_1_180' title='bbox 623 1419 796 1465; x_wconf 83' lang='lat' dir='ltr'><em>Qidquid</em></span> <span class='ocrx_word' id='word_1_181' title='bbox 807 1420 843 1453; x_wconf 85' lang='lat' dir='ltr'><em>sit</em></span> <span class='ocrx_word' id='word_1_182' title='bbox 864 1443 875 1460; x_wconf 89' lang='lat'>‚</span> <span class='ocrx_word' id='word_1_183' title='bbox 903 1418 959 1452; x_wconf 87' lang='lat' dir='ltr'><em>illa</em></span> <span class='ocrx_word' id='word_1_184' title='bbox 980 1429 1050 1452; x_wconf 84' lang='lat' dir='ltr'><em>non</em></span> <span class='ocrx_word' id='word_1_185' title='bbox 1074 1417 1137 1451; x_wconf 90' lang='lat' dir='ltr'><em>fuit</em></span> <span class='ocrx_word' id='word_1_186' title='bbox 1151 1416 1228 1450; x_wconf 81' lang='lat' dir='ltr'><em>Pro-</em></span> 
     </span>
     <span class='ocr_line' id='line_1_28' title="bbox 346 1466 1227 1511; baseline -0.005 -8"><span class='ocrx_word' id='word_1_187' title='bbox 346 1468 511 1503; x_wconf 62' lang='lat' dir='ltr'><em>uincialis.</em></span> <span class='ocrx_word' id='word_1_188' title='bbox 539 1467 673 1503; x_wconf 81' lang='lat' dir='ltr'><em>Etenim</em></span> <span class='ocrx_word' id='word_1_189' title='bbox 684 1469 843 1502; x_wconf 77' lang='lat' dir='ltr'><em>Romanae</em></span> <span class='ocrx_word' id='word_1_190' title='bbox 852 1467 1072 1511; x_wconf 87' lang='lat' dir='ltr'><em>Metropolios</em></span> <span class='ocrx_word' id='word_1_191' title='bbox 1096 1466 1227 1500; x_wconf 85' lang='lat' dir='ltr'><em>Provin-</em></span> 
     </span>
     <span class='ocr_line' id='line_1_29' title="bbox 344 1517 1228 1560; baseline -0.005 -7"><span class='ocrx_word' id='word_1_192' title='bbox 344 1519 402 1559; x_wconf 72' lang='lat' dir='ltr'><em>cia</em></span> <span class='ocrx_word' id='word_1_193' title='bbox 414 1531 482 1553; x_wconf 88' lang='lat' dir='ltr'><em>non</em></span> <span class='ocrx_word' id='word_1_194' title='bbox 495 1518 706 1552; x_wconf 88' lang='lat' dir='ltr'><em>solummodo</em></span> <span class='ocrx_word' id='word_1_195' title='bbox 729 1518 843 1553; x_wconf 88' lang='lat' dir='ltr'><em>decem</em></span> <span class='ocrx_word' id='word_1_196' title='bbox 865 1528 943 1552; x_wconf 90' lang='lat' dir='ltr'><em>tunc</em></span> <span class='ocrx_word' id='word_1_197' title='bbox 964 1517 1080 1551; x_wconf 86' lang='lat' dir='ltr'><em>habuit</em></span> <span class='ocrx_word' id='word_1_198' title='bbox 1098 1517 1228 1560; x_wconf 87' lang='lat' dir='ltr'><em>Episco-</em></span> 
     </span>
     <span class='ocr_line' id='line_1_30' title="bbox 344 1566 1227 1615; baseline -0.006 -11"><span class='ocrx_word' id='word_1_199' title='bbox 344 1580 432 1615; x_wconf 72' lang='lat' dir='ltr'><em>pos,</em></span> <span class='ocrx_word' id='word_1_200' title='bbox 458 1568 512 1607; x_wconf 88' lang='lat' dir='ltr'><em>sed</em></span> <span class='ocrx_word' id='word_1_201' title='bbox 524 1568 623 1613; x_wconf 74' lang='lat' dir='ltr'><em>longe</em></span> <span class='ocrx_word' id='word_1_202' title='bbox 634 1568 799 1611; x_wconf 83' lang='lat' dir='ltr'><em>plurimos.</em></span> <span class='ocrx_word' id='word_1_203' title='bbox 825 1569 964 1603; x_wconf 85' lang='lat' dir='ltr'><em>Sifuerit</em></span> <span class='ocrx_word' id='word_1_204' title='bbox 977 1566 1150 1607; x_wconf 78' lang='lat' dir='ltr'><strong>synodus,</strong></span> <span class='ocrx_word' id='word_1_205' title='bbox 1165 1567 1227 1599; x_wconf 85' lang='lat' dir='ltr'><em>suit</em></span> 
     </span>
     <span class='ocr_line' id='line_1_31' title="bbox 343 1616 1227 1662; baseline -0.006 -9"><span class='ocrx_word' id='word_1_206' title='bbox 343 1630 391 1657; x_wconf 69' lang='lat' dir='ltr'><em>ex</em></span> <span class='ocrx_word' id='word_1_207' title='bbox 403 1618 537 1653; x_wconf 85' lang='lat' dir='ltr'><em>advenis</em></span> <span class='ocrx_word' id='word_1_208' title='bbox 549 1619 728 1662; x_wconf 79' lang='lat' dir='ltr'><em>Episcopis.</em></span> <span class='ocrx_word' id='word_1_209' title='bbox 757 1619 830 1652; x_wconf 87' lang='lat' dir='ltr'><em>Has</em></span> <span class='ocrx_word' id='word_1_210' title='bbox 849 1618 939 1652; x_wconf 84' lang='lat' dir='ltr'><em>enim</em></span> <span class='ocrx_word' id='word_1_211' title='bbox 960 1616 1113 1660; x_wconf 80' lang='lat' dir='ltr'><em>Synodos</em></span> <span class='ocrx_word' id='word_1_212' title='bbox 1136 1616 1227 1649; x_wconf 75' lang='lat' dir='ltr'><em>fuisse</em></span> 
     </span>
     <span class='ocr_line' id='line_1_32' title="bbox 343 1665 1228 1712; baseline -0.007 -8"><span class='ocrx_word' id='word_1_213' title='bbox 343 1666 710 1712; x_wconf 72' lang='lat' dir='ltr'><em>semperaPatriarchis</em></span> <span class='ocrx_word' id='word_1_214' title='bbox 731 1668 862 1701; x_wconf 81' lang='lat' dir='ltr'><em>usitatas</em></span> <span class='ocrx_word' id='word_1_215' title='bbox 881 1693 891 1708; x_wconf 87' lang='lat'>‚</span> <span class='ocrx_word' id='word_1_216' title='bbox 918 1669 976 1701; x_wconf 93' lang='lat' dir='ltr'><em>suo</em></span> <span class='ocrx_word' id='word_1_217' title='bbox 998 1667 1072 1700; x_wconf 92' lang='lat' dir='ltr'><em>loco</em></span> <span class='ocrx_word' id='word_1_218' title='bbox 1095 1665 1228 1700; x_wconf 83' lang='lat' dir='ltr'><em>demon-</em></span> 
     </span>
     <span class='ocr_line' id='line_1_33' title="bbox 343 1714 1228 1753; baseline -0.006 0"><span class='ocrx_word' id='word_1_219' title='bbox 343 1718 508 1753; x_wconf 70' lang='lat' dir='ltr'><em>strabitur.</em></span> <span class='ocrx_word' id='word_1_220' title='bbox 547 1717 695 1753; x_wconf 73' lang='lat' dir='ltr'><em>Libellus</em></span> <span class='ocrx_word' id='word_1_221' title='bbox 708 1717 765 1753; x_wconf 83' lang='lat' dir='ltr'><em>iste</em></span> <span class='ocrx_word' id='word_1_222' title='bbox 784 1717 926 1752; x_wconf 83' lang='lat' dir='ltr'><em>secundo</em></span> <span class='ocrx_word' id='word_1_223' title='bbox 938 1717 1019 1751; x_wconf 82' lang='lat' dir='ltr'><em>dicit</em></span> <span class='ocrx_word' id='word_1_224' title='bbox 1031 1714 1124 1749; x_wconf 85' lang='lat' dir='ltr'><em>isthic</em></span> <span class='ocrx_word' id='word_1_225' title='bbox 1138 1715 1228 1749; x_wconf 78' lang='lat' dir='ltr'><em>suiffe</em></span> 
     </span>
     <span class='ocr_line' id='line_1_34' title="bbox 341 1764 1226 1813; baseline -0.007 -10"><span class='ocrx_word' id='word_1_226' title='bbox 341 1768 523 1810; x_wconf 76' lang='lat' dir='ltr'><em>definitum</em></span> <span class='ocrx_word' id='word_1_227' title='bbox 542 1792 553 1808; x_wconf 95' lang='lat'><em>,</em></span> <span class='ocrx_word' id='word_1_228' title='bbox 590 1778 627 1802; x_wconf 94' lang='lat' dir='ltr'><em>ut</em></span> <span class='ocrx_word' id='word_1_229' title='bbox 650 1767 771 1802; x_wconf 84' lang='lat' dir='ltr'>Pascha</span> <span class='ocrx_word' id='word_1_230' title='bbox 788 1778 936 1813; x_wconf 82' lang='lat' dir='ltr'><em>ageretur</em></span> <span class='ocrx_word' id='word_1_231' title='bbox 955 1766 1010 1801; x_wconf 84' lang='lat' dir='ltr'><em>die</em></span> <span class='ocrx_word' id='word_1_232' title='bbox 1031 1764 1226 1801; x_wconf 89' lang='lat' dir='ltr'><em>Dominico.</em></span> 
     </span>
     <span class='ocr_line' id='line_1_35' title="bbox 341 1814 1229 1860; baseline -0.006 -7"><span class='ocrx_word' id='word_1_233' title='bbox 341 1818 456 1853; x_wconf 82' lang='lat' dir='ltr'><em>Nullo</em></span> <span class='ocrx_word' id='word_1_234' title='bbox 478 1818 581 1860; x_wconf 80' lang='lat' dir='ltr'><em>modo</em></span> <span class='ocrx_word' id='word_1_235' title='bbox 603 1818 747 1853; x_wconf 78' lang='lat' dir='ltr'><em>subsistit.</em></span> <span class='ocrx_word' id='word_1_236' title='bbox 786 1819 922 1853; x_wconf 86' lang='lat' dir='ltr'><em>Etenim</em></span> <span class='ocrx_word' id='word_1_237' title='bbox 943 1814 1102 1850; x_wconf 88' lang='lat' dir='ltr'><em>Eusebius</em></span> <span class='ocrx_word' id='word_1_238' title='bbox 1112 1815 1229 1850; x_wconf 76' lang='lat' dir='ltr'><em>diserte</em></span> 
     </span>
     <span class='ocr_line' id='line_1_36' title="bbox 343 1866 1229 1909; baseline -0.006 -7"><span class='ocrx_word' id='word_1_239' title='bbox 343 1867 460 1902; x_wconf 81' lang='lat' dir='ltr'><em>scribit</em></span> <span class='ocrx_word' id='word_1_240' title='bbox 472 1879 533 1902; x_wconf 89' lang='lat' dir='ltr'><em>nec</em></span> <span class='ocrx_word' id='word_1_241' title='bbox 546 1867 727 1907; x_wconf 82' lang='lat' dir='ltr'><em>Asiaticum</em></span> <span class='ocrx_word' id='word_1_242' title='bbox 739 1868 885 1906; x_wconf 77' lang='lat' dir='ltr'><em>Aniceto</em></span> <span class='ocrx_word' id='word_1_243' title='bbox 904 1867 923 1901; x_wconf 72' lang='lat' dir='ltr'><em>a</em></span> <span class='ocrx_word' id='word_1_244' title='bbox 933 1866 1120 1909; x_wconf 87' lang='lat' dir='ltr'><em>Polycarpo</em></span> <span class='ocrx_word' id='word_1_245' title='bbox 1130 1889 1141 1905; x_wconf 91' lang='lat'><em>,</em></span> <span class='ocrx_word' id='word_1_246' title='bbox 1168 1875 1229 1897; x_wconf 86' lang='lat' dir='ltr'><em>nec</em></span> 
     </span>
    </p>
   </div>
   <div class='ocr_carea' id='block_1_6' title="bbox 336 1913 1230 1962">
    <p class='ocr_par' dir='ltr' id='par_1_6' title="bbox 336 1913 1230 1962">
     <span class='ocr_line' id='line_1_37' title="bbox 336 1913 1230 1962; baseline -0.007 -9"><span class='ocrx_word' id='word_1_247' title='bbox 336 1918 533 1962; x_wconf 65' lang='lat' dir='ltr'><em>Polycarpo</em></span> <span class='ocrx_word' id='word_1_248' title='bbox 544 1915 586 1951; x_wconf 89' lang='lat' dir='ltr'><em>ab</em></span> <span class='ocrx_word' id='word_1_249' title='bbox 595 1916 742 1951; x_wconf 85' lang='lat' dir='ltr'><em>Aniceto</em></span> <span class='ocrx_word' id='word_1_250' title='bbox 754 1917 911 1952; x_wconf 82' lang='lat' dir='ltr'><em>Latinum</em></span> <span class='ocrx_word' id='word_1_251' title='bbox 922 1913 1049 1951; x_wconf 82' lang='lat' dir='ltr'><em>morem</em></span> <span class='ocrx_word' id='word_1_252' title='bbox 1059 1914 1153 1949; x_wconf 84' lang='lat' dir='ltr'><em>fuisse</em></span> <span class='ocrx_word' id='word_1_253' title='bbox 1163 1924 1230 1958; x_wconf 89' lang='lat' dir='ltr'><em>per-</em></span> 
     </span>
    </p>
   </div>
   <div class='ocr_carea' id='block_1_7' title="bbox 340 1964 1232 2413">
    <p class='ocr_par' dir='ltr' id='par_1_7' title="bbox 340 1964 1232 2304">
     <span class='ocr_line' id='line_1_38' title="bbox 340 1964 1229 2015; baseline -0.008 -11"><span class='ocrx_word' id='word_1_254' title='bbox 340 1970 485 2004; x_wconf 68' lang='lat' dir='ltr'><em>rsuasum.</em></span> <span class='ocrx_word' id='word_1_255' title='bbox 511 1967 622 2015; x_wconf 83' lang='lat' dir='ltr'><em>Qare</em></span> <span class='ocrx_word' id='word_1_256' title='bbox 632 1967 654 2001; x_wconf 84' lang='lat' dir='ltr'><em>si</em></span> <span class='ocrx_word' id='word_1_257' title='bbox 663 1968 760 2002; x_wconf 89' lang='lat' dir='ltr'><em>fuerit</em></span> <span class='ocrx_word' id='word_1_258' title='bbox 774 1967 926 2011; x_wconf 87' lang='lat' dir='ltr'><em>Synodus</em></span> <span class='ocrx_word' id='word_1_259' title='bbox 939 1990 950 2007; x_wconf 89' lang='lat'>‚</span> <span class='ocrx_word' id='word_1_260' title='bbox 975 1976 1148 2008; x_wconf 87' lang='lat' dir='ltr'><em>utramque</em></span> <span class='ocrx_word' id='word_1_261' title='bbox 1170 1964 1229 1998; x_wconf 52' lang='lat' dir='ltr'><em>Ec*</em></span> 
     </span>
     <span class='ocr_line' id='line_1_39' title="bbox 341 2013 1230 2062; baseline -0.007 -9"><span class='ocrx_word' id='word_1_262' title='bbox 341 2019 474 2054; x_wconf 78' lang='lat' dir='ltr'><em>cleliam</em></span> <span class='ocrx_word' id='word_1_263' title='bbox 484 2018 625 2062; x_wconf 78' lang='lat' dir='ltr'><em>permisit</em></span> <span class='ocrx_word' id='word_1_264' title='bbox 635 2019 670 2052; x_wconf 88' lang='lat' dir='ltr'><em>in</em></span> <span class='ocrx_word' id='word_1_265' title='bbox 681 2019 740 2052; x_wconf 85' lang='lat' dir='ltr'><em>suo</em></span> <span class='ocrx_word' id='word_1_266' title='bbox 756 2018 848 2052; x_wconf 86' lang='lat' dir='ltr'><em>sensu</em></span> <span class='ocrx_word' id='word_1_267' title='bbox 869 2015 1044 2055; x_wconf 84' lang='lat' dir='ltr'><em>abundare.</em></span> <span class='ocrx_word' id='word_1_268' title='bbox 1082 2013 1230 2049; x_wconf 78' lang='lat' dir='ltr'><em>Libellus</em></span> 
     </span>
     <span class='ocr_line' id='line_1_40' title="bbox 341 2064 1231 2112; baseline -0.007 -8"><span class='ocrx_word' id='word_1_269' title='bbox 341 2067 445 2105; x_wconf 70' lang='lat' dir='ltr'><em>tertio</em></span> <span class='ocrx_word' id='word_1_270' title='bbox 455 2068 537 2103; x_wconf 87' lang='lat' dir='ltr'><em>dicit</em></span> <span class='ocrx_word' id='word_1_271' title='bbox 547 2092 559 2109; x_wconf 88' lang='lat'><em>,</em></span> <span class='ocrx_word' id='word_1_272' title='bbox 584 2067 674 2112; x_wconf 81' lang='lat' dir='ltr'><em>quod</em></span> <span class='ocrx_word' id='word_1_273' title='bbox 687 2068 746 2102; x_wconf 88' lang='lat' dir='ltr'><em>ista</em></span> <span class='ocrx_word' id='word_1_274' title='bbox 757 2066 912 2111; x_wconf 81' lang='lat' dir='ltr'><em>synodus</em></span> <span class='ocrx_word' id='word_1_275' title='bbox 920 2065 1064 2101; x_wconf 83' lang='lat' dir='ltr'><em>sanxerit</em></span> <span class='ocrx_word' id='word_1_276' title='bbox 1075 2064 1231 2099; x_wconf 89' lang='lat' dir='ltr'><em>Domini-</em></span> 
     </span>
     <span class='ocr_line' id='line_1_41' title="bbox 341 2115 1231 2158; baseline -0.008 -3"><span class='ocrx_word' id='word_1_277' title='bbox 341 2130 419 2155; x_wconf 81' lang='lat' dir='ltr'><em>cam</em></span> <span class='ocrx_word' id='word_1_278' title='bbox 430 2116 616 2152; x_wconf 74' lang='lat' dir='ltr'><em>Paffionem</em></span> <span class='ocrx_word' id='word_1_279' title='bbox 626 2117 853 2153; x_wconf 75' lang='lat' dir='ltr'><em>celebrandam</em></span> <span class='ocrx_word' id='word_1_280' title='bbox 865 2118 899 2151; x_wconf 89' lang='lat' dir='ltr'><em>in</em></span> <span class='ocrx_word' id='word_1_281' title='bbox 910 2117 1097 2152; x_wconf 88' lang='lat' dir='ltr'><em>Parasccve.</em></span> <span class='ocrx_word' id='word_1_282' title='bbox 1107 2115 1231 2158; x_wconf 87' lang='lat' dir='ltr'><em>Suppo-</em></span> 
     </span>
     <span class='ocr_line' id='line_1_42' title="bbox 342 2165 1228 2212; baseline -0.008 -9"><span class='ocrx_word' id='word_1_283' title='bbox 342 2169 401 2204; x_wconf 85' lang='lat' dir='ltr'><em>:nit</em></span> <span class='ocrx_word' id='word_1_284' title='bbox 420 2169 524 2212; x_wconf 82' lang='lat' dir='ltr'><em>ipsam</em></span> <span class='ocrx_word' id='word_1_285' title='bbox 543 2178 624 2202; x_wconf 87' lang='lat' dir='ltr'><em>tunc</em></span> <span class='ocrx_word' id='word_1_286' title='bbox 645 2168 740 2202; x_wconf 73' lang='lat' dir='ltr'><em>fuisse</em></span> <span class='ocrx_word' id='word_1_287' title='bbox 764 2168 960 2203; x_wconf 84' lang='lat' dir='ltr'><em>celebratam</em></span> <span class='ocrx_word' id='word_1_288' title='bbox 987 2167 1022 2200; x_wconf 87' lang='lat' dir='ltr'><em>in</em></span> <span class='ocrx_word' id='word_1_289' title='bbox 1043 2165 1228 2200; x_wconf 87' lang='lat' dir='ltr'><em>Parasceve.</em></span> 
     </span>
     <span class='ocr_line' id='line_1_43' title="bbox 345 2213 1232 2261; baseline -0.006 -8"><span class='ocrx_word' id='word_1_290' title='bbox 345 2219 429 2253; x_wconf 82' lang='lat' dir='ltr'><em>Hoc</em></span> <span class='ocrx_word' id='word_1_291' title='bbox 436 2219 481 2253; x_wconf 86' lang='lat' dir='ltr'><em>est</em></span> <span class='ocrx_word' id='word_1_292' title='bbox 494 2218 637 2253; x_wconf 77' lang='lat' dir='ltr'><em>omnino</em></span> <span class='ocrx_word' id='word_1_293' title='bbox 649 2229 770 2252; x_wconf 83' lang='lat' dir='ltr'><em>verum.</em></span> <span class='ocrx_word' id='word_1_294' title='bbox 798 2219 878 2253; x_wconf 72' lang='lat' dir='ltr'><em>Haee</em></span> <span class='ocrx_word' id='word_1_295' title='bbox 890 2216 1070 2252; x_wconf 86' lang='lat' dir='ltr'><em>celebratio</em></span> <span class='ocrx_word' id='word_1_296' title='bbox 1081 2215 1127 2250; x_wconf 88' lang='lat' dir='ltr'><em>est</em></span> <span class='ocrx_word' id='word_1_297' title='bbox 1141 2213 1232 2261; x_wconf 85' lang='lat' dir='ltr'><em>Apo-</em></span> 
     </span>
     <span class='ocr_line' id='line_1_44' title="bbox 347 2267 1109 2304; baseline -0.007 0"><span class='ocrx_word' id='word_1_298' title='bbox 347 2268 504 2304; x_wconf 78' lang='lat' dir='ltr'><em>stolicum</em></span> <span class='ocrx_word' id='word_1_299' title='bbox 515 2268 718 2303; x_wconf 87' lang='lat' dir='ltr'><em>Institutum.</em></span> <span class='ocrx_word' id='word_1_300' title='bbox 745 2269 813 2303; x_wconf 91' lang='lat' dir='ltr'><em>Suo</em></span> <span class='ocrx_word' id='word_1_301' title='bbox 824 2268 902 2303; x_wconf 89' lang='lat' dir='ltr'><em>loco</em></span> <span class='ocrx_word' id='word_1_302' title='bbox 911 2267 1109 2302; x_wconf 85' lang='lat' dir='ltr'><em>ostendetur.</em></span> 
     </span>
    </p>

    <p class='ocr_par' dir='ltr' id='par_1_8' title="bbox 348 2314 1231 2413">
     <span class='ocr_line' id='line_1_45' title="bbox 398 2314 1231 2362; baseline -0.007 -9"><span class='ocrx_word' id='word_1_303' title='bbox 398 2319 503 2353; x_wconf 77' lang='lat' dir='ltr'><em>Porro</em></span> <span class='ocrx_word' id='word_1_304' title='bbox 516 2328 642 2353; x_wconf 89' lang='lat' dir='ltr'><em>motam</em></span> <span class='ocrx_word' id='word_1_305' title='bbox 652 2318 711 2352; x_wconf 92' lang='lat' dir='ltr'><em>sub</em></span> <span class='ocrx_word' id='word_1_306' title='bbox 723 2318 891 2353; x_wconf 71' lang='lat' dir='ltr'><em>S-Vistore</em></span> <span class='ocrx_word' id='word_1_307' title='bbox 901 2317 1114 2362; x_wconf 66' lang='lat' dir='ltr'><em>quaestionem</em></span> <span class='ocrx_word' id='word_1_308' title='bbox 1125 2314 1231 2357; x_wconf 80' lang='lat' dir='ltr'><em>ample</em></span> 
     </span>
     <span class='ocr_line' id='line_1_46' title="bbox 348 2367 1230 2413; baseline -0.009 -8"><span class='ocrx_word' id='word_1_309' title='bbox 348 2370 487 2413; x_wconf 83' lang='lat' dir='ltr'><em>exponit</em></span> <span class='ocrx_word' id='word_1_310' title='bbox 497 2368 708 2403; x_wconf 76' lang='lat' dir='ltr'><em>Caesaraeensis</em></span> <span class='ocrx_word' id='word_1_311' title='bbox 722 2368 899 2403; x_wconf 85' lang='lat' dir='ltr'><em>Eusebius:</em></span> <span class='ocrx_word' id='word_1_312' title='bbox 926 2370 1078 2411; x_wconf 69' lang='lat' dir='ltr'><em>,Quoniam</em></span> <span class='ocrx_word' id='word_1_313' title='bbox 1086 2367 1146 2399; x_wconf 76' lang='lat' dir='ltr'><em>illis</em></span> <span class='ocrx_word' id='word_1_314' title='bbox 1158 2374 1230 2398; x_wconf 84' lang='lat' dir='ltr'><em>tem-</em></span> 
     </span>
    </p>
   </div>
   <div class='ocr_carea' id='block_1_8' title="bbox 211 2414 1229 2475">
    <p class='ocr_par' dir='ltr' id='par_1_9' title="bbox 211 2414 1229 2475">
     <span class='ocr_line' id='line_1_47' title="bbox 211 2414 1229 2475; baseline -0.007 -22"><span class='ocrx_word' id='word_1_315' title='bbox 211 2442 335 2475; x_wconf 62' lang='lat' dir='ltr'><em>cap-2²«</em></span> <span class='ocrx_word' id='word_1_316' title='bbox 346 2419 470 2462; x_wconf 75' lang='lat' dir='ltr'><em>poribus</em></span> <span class='ocrx_word' id='word_1_317' title='bbox 481 2420 518 2452; x_wconf 89' lang='lat' dir='ltr'><em>de</em></span> <span class='ocrx_word' id='word_1_318' title='bbox 531 2419 615 2460; x_wconf 79' lang='lat' dir='ltr'><em>Festo</em></span> <span class='ocrx_word' id='word_1_319' title='bbox 624 2414 692 2462; x_wconf 79' lang='lat' dir='ltr'><em>Pas</em></span> <span class='ocrx_word' id='word_1_320' title='bbox 687 2418 786 2452; x_wconf 78' lang='lat' dir='ltr'><em>charis</em></span> <span class='ocrx_word' id='word_1_321' title='bbox 796 2425 828 2452; x_wconf 75' lang='lat' dir='ltr'><em>in</em></span> <span class='ocrx_word' id='word_1_322' title='bbox 847 2418 986 2452; x_wconf 80' lang='lat' dir='ltr'><em>bonorem</em></span> <span class='ocrx_word' id='word_1_323' title='bbox 1002 2419 1022 2450; x_wconf 85' lang='lat'><em>5</em></span> <span class='ocrx_word' id='word_1_324' title='bbox 1023 2420 1172 2450; x_wconf 78' lang='lat' dir='ltr'><em>ervatoris</em></span> <span class='ocrx_word' id='word_1_325' title='bbox 1185 2414 1229 2447; x_wconf 87' lang='lat' dir='ltr'><em>ob-</em></span> 
     </span>
    </p>
   </div>
   <div class='ocr_carea' id='block_1_9' title="bbox 348 2468 1243 3605">
    <p class='ocr_par' dir='ltr' id='par_1_10' title="bbox 348 2468 1243 3605">
     <span class='ocr_line' id='line_1_48' title="bbox 348 2468 1230 2513; baseline -0.007 -11"><span class='ocrx_word' id='word_1_326' title='bbox 348 2468 502 2513; x_wconf 72' lang='lat' dir='ltr'><em>servando</em></span> <span class='ocrx_word' id='word_1_327' title='bbox 511 2480 568 2501; x_wconf 87' lang='lat' dir='ltr'><em>non</em></span> <span class='ocrx_word' id='word_1_328' title='bbox 580 2475 688 2513; x_wconf 71' lang='lat' dir='ltr'><em>exigua</em></span> <span class='ocrx_word' id='word_1_329' title='bbox 698 2475 842 2502; x_wconf 78' lang='lat' dir='ltr'><em>concitata</em></span> <span class='ocrx_word' id='word_1_330' title='bbox 857 2476 1019 2510; x_wconf 81' lang='lat' dir='ltr'><em>propterea</em></span> <span class='ocrx_word' id='word_1_331' title='bbox 1035 2475 1101 2500; x_wconf 79' lang='lat' dir='ltr'><em>erat</em></span> <span class='ocrx_word' id='word_1_332' title='bbox 1122 2474 1230 2498; x_wconf 78' lang='lat' dir='ltr'><em>contro·</em></span> 
     </span>
     <span class='ocr_line' id='line_1_49' title="bbox 351 2516 1231 2561; baseline -0.006 -10"><span class='ocrx_word' id='word_1_333' title='bbox 351 2518 449 2561; x_wconf 76' lang='lat' dir='ltr'><em>versia</em></span> <span class='ocrx_word' id='word_1_334' title='bbox 457 2544 467 2559; x_wconf 94' lang='lat'>‚</span> <span class='ocrx_word' id='word_1_335' title='bbox 492 2520 572 2560; x_wconf 84' lang='lat' dir='ltr'><em>quod</em></span> <span class='ocrx_word' id='word_1_336' title='bbox 583 2530 682 2551; x_wconf 87' lang='lat' dir='ltr'><em>omnes</em></span> <span class='ocrx_word' id='word_1_337' title='bbox 694 2517 827 2559; x_wconf 82' lang='lat' dir='ltr'><em>Ecclefiae</em></span> <span class='ocrx_word' id='word_1_338' title='bbox 840 2517 912 2560; x_wconf 78' lang='lat' dir='ltr'><em>Afiae</em></span> <span class='ocrx_word' id='word_1_339' title='bbox 922 2542 933 2558; x_wconf 95' lang='lat'>‚</span> <span class='ocrx_word' id='word_1_340' title='bbox 962 2523 1089 2559; x_wconf 76' lang='lat' dir='ltr'><em>antiqua</em></span> <span class='ocrx_word' id='word_1_341' title='bbox 1099 2516 1231 2558; x_wconf 84' lang='lat' dir='ltr'><em>quadam</em></span> 
     </span>
     <span class='ocr_line' id='line_1_50' title="bbox 350 2565 1231 2611; baseline -0.009 -7"><span class='ocrx_word' id='word_1_342' title='bbox 350 2570 513 2604; x_wconf 71' lang='lat' dir='ltr'><em>traditione</em></span> <span class='ocrx_word' id='word_1_343' title='bbox 530 2568 668 2601; x_wconf 58' lang='lat' dir='ltr'><em>adducta</em></span> <span class='ocrx_word' id='word_1_344' title='bbox 688 2592 698 2607; x_wconf 89' lang='lat'><em>,</em></span> <span class='ocrx_word' id='word_1_345' title='bbox 735 2566 893 2611; x_wconf 75' lang='lat' dir='ltr'><em>censebant</em></span> <span class='ocrx_word' id='word_1_346' title='bbox 927 2568 1155 2609; x_wconf 80' lang='lat' dir='ltr'><em>decimo-quarto</em></span> <span class='ocrx_word' id='word_1_347' title='bbox 1183 2565 1231 2596; x_wconf 79' lang='lat' dir='ltr'><em>die</em></span> 
     </span>
     <span class='ocr_line' id='line_1_51' title="bbox 353 2618 1231 2663; baseline -0.009 -10"><span class='ocrx_word' id='word_1_348' title='bbox 353 2623 452 2653; x_wconf 79' lang='lat' dir='ltr'><em>Lunae</em></span> <span class='ocrx_word' id='word_1_349' title='bbox 466 2642 476 2658; x_wconf 92' lang='lat'>‚</span> <span class='ocrx_word' id='word_1_350' title='bbox 503 2629 558 2659; x_wconf 87' lang='lat' dir='ltr'><em>quo</em></span> <span class='ocrx_word' id='word_1_351' title='bbox 561 2619 691 2663; x_wconf 77' lang='lat' dir='ltr'><em>Judaeis</em></span> <span class='ocrx_word' id='word_1_352' title='bbox 702 2618 770 2649; x_wconf 78' lang='lat' dir='ltr'><em>olim</em></span> <span class='ocrx_word' id='word_1_353' title='bbox 778 2625 961 2659; x_wconf 78' lang='lat' dir='ltr'><em>praeceptum</em></span> <span class='ocrx_word' id='word_1_354' title='bbox 971 2625 1038 2649; x_wconf 81' lang='lat' dir='ltr'><em>erat</em></span> <span class='ocrx_word' id='word_1_355' title='bbox 1048 2640 1059 2655; x_wconf 90' lang='lat'><em>‚</em></span> <span class='ocrx_word' id='word_1_356' title='bbox 1070 2625 1104 2648; x_wconf 81' lang='lat' dir='ltr'><em>ut</em></span> <span class='ocrx_word' id='word_1_357' title='bbox 1117 2618 1231 2657; x_wconf 79' lang='lat' dir='ltr'><em>Agnum</em></span> 
     </span>
     <span class='ocr_line' id='line_1_52' title="bbox 353 2665 1231 2709; baseline -0.007 -8"><span class='ocrx_word' id='word_1_358' title='bbox 353 2670 560 2708; x_wconf 72' lang='lat' dir='ltr'><em>immolarent,</em></span> <span class='ocrx_word' id='word_1_359' title='bbox 580 2667 692 2709; x_wconf 83' lang='lat' dir='ltr'><em>festum</em></span> <span class='ocrx_word' id='word_1_360' title='bbox 711 2668 788 2700; x_wconf 78' lang='lat' dir='ltr'><em>illud</em></span> <span class='ocrx_word' id='word_1_361' title='bbox 804 2666 1034 2706; x_wconf 81' lang='lat' dir='ltr'><em>celebrandum,</em></span> <span class='ocrx_word' id='word_1_362' title='bbox 1059 2666 1094 2698; x_wconf 63' lang='grc' dir='ltr'><em>(τ</em></span> <span class='ocrx_word' id='word_1_363' title='bbox 1114 2665 1231 2696; x_wconf 69' lang='lat' dir='ltr'><em>omnino</em></span> 
     </span>
     <span class='ocr_line' id='line_1_53' title="bbox 353 2713 1232 2759; baseline -0.009 -7"><span class='ocrx_word' id='word_1_364' title='bbox 353 2731 385 2753; x_wconf 82' lang='lat' dir='ltr'><em>eo</em></span> <span class='ocrx_word' id='word_1_365' title='bbox 395 2720 444 2751; x_wconf 80' lang='lat' dir='ltr'><em>die</em></span> <span class='ocrx_word' id='word_1_366' title='bbox 453 2743 463 2759; x_wconf 90' lang='lat'><em>,</em></span> <span class='ocrx_word' id='word_1_367' title='bbox 490 2723 522 2750; x_wconf 75' lang='lat' dir='ltr'><em>in</em></span> <span class='ocrx_word' id='word_1_368' title='bbox 543 2728 748 2759; x_wconf 83' lang='lat' dir='ltr'><em>quemcumque</em></span> <span class='ocrx_word' id='word_1_369' title='bbox 770 2716 966 2750; x_wconf 62' lang='lat' dir='ltr'><em>bebdomada</em></span> <span class='ocrx_word' id='word_1_370' title='bbox 976 2716 1054 2748; x_wconf 80' lang='lat' dir='ltr'><em>diem</em></span> <span class='ocrx_word' id='word_1_371' title='bbox 1067 2713 1151 2755; x_wconf 67' lang='lat' dir='ltr'><em>forte</em></span> <span class='ocrx_word' id='word_1_372' title='bbox 1162 2719 1232 2745; x_wconf 75' lang='lat' dir='ltr'><em>inct-</em></span> 
     </span>
     <span class='ocr_line' id='line_1_54' title="bbox 354 2765 1233 2809; baseline -0.009 -7"><span class='ocrx_word' id='word_1_373' title='bbox 354 2771 439 2802; x_wconf 84' lang='lat' dir='ltr'><em>deret</em></span> <span class='ocrx_word' id='word_1_374' title='bbox 452 2792 463 2808; x_wconf 92' lang='lat'>‚</span> <span class='ocrx_word' id='word_1_375' title='bbox 482 2769 610 2808; x_wconf 69' lang='lat' dir='ltr'><em>jejuniis</em></span> <span class='ocrx_word' id='word_1_376' title='bbox 618 2766 925 2809; x_wconf 81' lang='lat' dir='ltr'><em>finemstat-uendum:</em></span> <span class='ocrx_word' id='word_1_377' title='bbox 958 2768 1004 2797; x_wconf 82' lang='lat' dir='ltr'><em>Et</em></span> <span class='ocrx_word' id='word_1_378' title='bbox 1023 2765 1103 2807; x_wconf 85' lang='lat' dir='ltr'><em>quod</em></span> <span class='ocrx_word' id='word_1_379' title='bbox 1122 2775 1180 2795; x_wconf 90' lang='lat' dir='ltr'><em>non</em></span> <span class='ocrx_word' id='word_1_380' title='bbox 1201 2768 1233 2794; x_wconf 77' lang='lat' dir='ltr'><em>in</em></span> 
     </span>
     <span class='ocr_line' id='line_1_55' title="bbox 355 2811 1234 2861; baseline -0.009 -9"><span class='ocrx_word' id='word_1_381' title='bbox 355 2829 436 2852; x_wconf 82' lang='lat' dir='ltr'><em>more</em></span> <span class='ocrx_word' id='word_1_382' title='bbox 442 2815 567 2860; x_wconf 79' lang='lat' dir='ltr'><em>pofitum</em></span> <span class='ocrx_word' id='word_1_383' title='bbox 585 2817 653 2861; x_wconf 74' lang='lat' dir='ltr'><em>esset</em></span> <span class='ocrx_word' id='word_1_384' title='bbox 666 2842 676 2857; x_wconf 92' lang='lat'><em>,</em></span> <span class='ocrx_word' id='word_1_385' title='bbox 701 2823 818 2850; x_wconf 78' lang='lat' dir='ltr'><em>caeteris</em></span> <span class='ocrx_word' id='word_1_386' title='bbox 840 2814 975 2857; x_wconf 76' lang='lat' dir='ltr'><em>Ecclefiis</em></span> <span class='ocrx_word' id='word_1_387' title='bbox 995 2823 1050 2855; x_wconf 85' lang='lat' dir='ltr'><em>per</em></span> <span class='ocrx_word' id='word_1_388' title='bbox 1062 2811 1234 2855; x_wconf 72' lang='lat' dir='ltr'><em>universum</em></span> 
     </span>
     <span class='ocr_line' id='line_1_56' title="bbox 356 2862 1234 2910; baseline -0.008 -9"><span class='ocrx_word' id='word_1_389' title='bbox 356 2868 455 2901; x_wconf 87' lang='lat' dir='ltr'><em>orbem</em></span> <span class='ocrx_word' id='word_1_390' title='bbox 476 2878 627 2903; x_wconf 86' lang='lat' dir='ltr'><em>terrarum</em></span> <span class='ocrx_word' id='word_1_391' title='bbox 647 2865 783 2910; x_wconf 64' lang='lat' dir='ltr'><em>dispersis</em></span> <span class='ocrx_word' id='word_1_392' title='bbox 803 2892 814 2907; x_wconf 92' lang='lat'>‚</span> <span class='ocrx_word' id='word_1_393' title='bbox 850 2878 918 2908; x_wconf 80' lang='lat' dir='ltr'><em>quae-</em></span> <span class='ocrx_word' id='word_1_394' title='bbox 937 2862 1176 2908; x_wconf 78' lang='lat' dir='ltr'><em>consuetudinem</em></span> <span class='ocrx_word' id='word_1_395' title='bbox 1196 2873 1234 2895; x_wconf 79' lang='lat' dir='ltr'><em>ex</em></span> 
     </span>
     <span class='ocr_line' id='line_1_57' title="bbox 359 2915 1236 2959; baseline -0.008 -9"><span class='ocrx_word' id='word_1_396' title='bbox 359 2917 515 2959; x_wconf 62' lang='lat' dir='ltr'><em>apostolica</em></span> <span class='ocrx_word' id='word_1_397' title='bbox 525 2918 686 2950; x_wconf 72' lang='lat' dir='ltr'><em>traditione</em></span> <span class='ocrx_word' id='word_1_398' title='bbox 697 2918 741 2950; x_wconf 90' lang='lat' dir='ltr'><em>ad</em></span> <span class='ocrx_word' id='word_1_399' title='bbox 747 2916 797 2949; x_wconf 82' lang='lat' dir='ltr'><em>hoc</em></span> <span class='ocrx_word' id='word_1_400' title='bbox 804 2915 845 2959; x_wconf 88' lang='lat' dir='ltr'><em>us</em></span> <span class='ocrx_word' id='word_1_401' title='bbox 839 2927 894 2958; x_wconf 83' lang='lat' dir='ltr'><em>que</em></span> <span class='ocrx_word' id='word_1_402' title='bbox 905 2923 1022 2957; x_wconf 84' lang='lat' dir='ltr'><em>tempus</em></span> <span class='ocrx_word' id='word_1_403' title='bbox 1033 2918 1236 2947; x_wconf 74' lang='lat' dir='ltr'><em>continuatam</em></span> 
     </span>
     <span class='ocr_line' id='line_1_58' title="bbox 360 2966 1235 3007; baseline -0.008 -7"><span class='ocrx_word' id='word_1_404' title='bbox 360 2966 503 3000; x_wconf 71' lang='lat' dir='ltr'><em>tenebant</em></span> <span class='ocrx_word' id='word_1_405' title='bbox 515 2991 525 3007; x_wconf 91' lang='lat'>‚</span> <span class='ocrx_word' id='word_1_406' title='bbox 550 2973 694 3000; x_wconf 71' lang='lat' dir='ltr'><em>nimirum</em></span> <span class='ocrx_word' id='word_1_407' title='bbox 705 2976 739 3000; x_wconf 89' lang='lat' dir='ltr'><em>ut</em></span> <span class='ocrx_word' id='word_1_408' title='bbox 750 2978 807 2999; x_wconf 85' lang='lat' dir='ltr'><em>non</em></span> <span class='ocrx_word' id='word_1_409' title='bbox 817 2967 875 2999; x_wconf 81' lang='lat' dir='ltr'><em>alio</em></span> <span class='ocrx_word' id='word_1_410' title='bbox 895 2967 944 2998; x_wconf 75' lang='lat' dir='ltr'><em>die</em></span> <span class='ocrx_word' id='word_1_411' title='bbox 954 2989 965 3005; x_wconf 89' lang='lat'>‚</span> <span class='ocrx_word' id='word_1_412' title='bbox 990 2966 1083 3006; x_wconf 66' lang='lat' dir='ltr'><em>quam</em></span> <span class='ocrx_word' id='word_1_413' title='bbox 1102 2974 1133 2996; x_wconf 89' lang='lat' dir='ltr'><em>eo</em></span> <span class='ocrx_word' id='word_1_414' title='bbox 1144 2986 1154 3001; x_wconf 93' lang='lat'>‚</span> <span class='ocrx_word' id='word_1_415' title='bbox 1179 2973 1235 3004; x_wconf 88' lang='lat' dir='ltr'><em>quo</em></span> 
     </span>
     <span class='ocr_line' id='line_1_59' title="bbox 361 3012 1235 3061; baseline -0.007 -11"><span class='ocrx_word' id='word_1_416' title='bbox 361 3019 502 3050; x_wconf 81' lang='lat' dir='ltr'><em>Servator</em></span> <span class='ocrx_word' id='word_1_417' title='bbox 511 3018 531 3048; x_wconf 79' lang='grc' dir='ltr'><em>ἃ</em></span> <span class='ocrx_word' id='word_1_418' title='bbox 542 3023 663 3050; x_wconf 70' lang='lat' dir='ltr'><em>mortuis</em></span> <span class='ocrx_word' id='word_1_419' title='bbox 674 3015 869 3061; x_wconf 79' lang='lat' dir='ltr'><em>resurrexerit</em></span> <span class='ocrx_word' id='word_1_420' title='bbox 880 3041 890 3056; x_wconf 93' lang='lat'><em>,</em></span> <span class='ocrx_word' id='word_1_421' title='bbox 909 3016 1033 3057; x_wconf 75' lang='lat' dir='ltr'><em>jejunia</em></span> <span class='ocrx_word' id='word_1_422' title='bbox 1053 3012 1235 3054; x_wconf 79' lang='lat' dir='ltr'><em>dissolveren-</em></span> 
     </span>
     <span class='ocr_line' id='line_1_60' title="bbox 365 3063 1236 3109; baseline -0.007 -9"><span class='ocrx_word' id='word_1_423' title='bbox 365 3074 417 3100; x_wconf 71' lang='lat' dir='ltr'><em>tur</em></span> <span class='ocrx_word' id='word_1_424' title='bbox 438 3089 449 3104; x_wconf 90' lang='lat'><em>,</em></span> <span class='ocrx_word' id='word_1_425' title='bbox 484 3065 568 3107; x_wconf 79' lang='lat' dir='ltr'><em>istum</em></span> <span class='ocrx_word' id='word_1_426' title='bbox 588 3068 705 3099; x_wconf 83' lang='lat' dir='ltr'><em>modum</em></span> <span class='ocrx_word' id='word_1_427' title='bbox 725 3064 904 3109; x_wconf 71' lang='lat' dir='ltr'><em>observare:</em></span> <span class='ocrx_word' id='word_1_428' title='bbox 930 3066 1040 3097; x_wconf 69' lang='lat' dir='ltr'><em>Idcirco</em></span> <span class='ocrx_word' id='word_1_429' title='bbox 1049 3063 1180 3095; x_wconf 68' lang='lat' dir='ltr'><em>eoncilia</em></span> <span class='ocrx_word' id='word_1_430' title='bbox 1202 3063 1236 3095; x_wconf 65' lang='grc' dir='ltr'><em>(ς</em></span> 
     </span>
     <span class='ocr_line' id='line_1_61' title="bbox 364 3112 1237 3158; baseline -0.003 -11"><span class='ocrx_word' id='word_1_431' title='bbox 364 3118 537 3148; x_wconf 81' lang='lat' dir='ltr'><em>Conventus</em></span> <span class='ocrx_word' id='word_1_432' title='bbox 559 3118 623 3156; x_wconf 77' lang='lat' dir='ltr'><em>Epi</em></span> <span class='ocrx_word' id='word_1_433' title='bbox 622 3115 770 3158; x_wconf 68' lang='lat' dir='ltr'><em>scaporum</em></span> <span class='ocrx_word' id='word_1_434' title='bbox 793 3120 828 3148; x_wconf 81' lang='lat' dir='ltr'><em>in</em></span> <span class='ocrx_word' id='word_1_435' title='bbox 843 3126 935 3148; x_wconf 87' lang='lat' dir='ltr'><em>unum</em></span> <span class='ocrx_word' id='word_1_436' title='bbox 960 3114 1135 3157; x_wconf 78' lang='lat' dir='ltr'><em>cogebantur</em></span> <span class='ocrx_word' id='word_1_437' title='bbox 1157 3136 1168 3152; x_wconf 91' lang='lat'><em>,</em></span> <span class='ocrx_word' id='word_1_438' title='bbox 1203 3112 1237 3145; x_wconf 64' lang='grc' dir='ltr'>Θ</span> 
     </span>
     <span class='ocr_line' id='line_1_62' title="bbox 363 3162 1236 3206; baseline -0.002 -9"><span class='ocrx_word' id='word_1_439' title='bbox 363 3174 462 3197; x_wconf 83' lang='lat' dir='ltr'><em>omnes</em></span> <span class='ocrx_word' id='word_1_440' title='bbox 474 3175 534 3196; x_wconf 87' lang='lat' dir='ltr'><em>una</em></span> <span class='ocrx_word' id='word_1_441' title='bbox 541 3162 691 3206; x_wconf 81' lang='lat' dir='ltr'><em>sententia</em></span> <span class='ocrx_word' id='word_1_442' title='bbox 705 3170 861 3199; x_wconf 81' lang='lat' dir='ltr'><em>Decretum</em></span> <span class='ocrx_word' id='word_1_443' title='bbox 872 3163 1159 3206; x_wconf 71' lang='lat' dir='ltr'><em>Ecclesiasticum-per</em></span> <span class='ocrx_word' id='word_1_444' title='bbox 1169 3165 1236 3195; x_wconf 81' lang='lat' dir='ltr'><em>Lit-</em></span> 
     </span>
     <span class='ocr_line' id='line_1_63' title="bbox 364 3211 1237 3259; baseline -0.003 -13"><span class='ocrx_word' id='word_1_445' title='bbox 364 3222 449 3249; x_wconf 58' lang='lat' dir='ltr'><em>teras</em></span> <span class='ocrx_word' id='word_1_446' title='bbox 461 3214 505 3244; x_wconf 86' lang='lat' dir='ltr'><em>ad</em></span> <span class='ocrx_word' id='word_1_447' title='bbox 515 3225 610 3246; x_wconf 82' lang='lat' dir='ltr'><em>omnes</em></span> <span class='ocrx_word' id='word_1_448' title='bbox 631 3215 772 3257; x_wconf 70' lang='lat' dir='ltr'><em>Ecclqsfas</em></span> <span class='ocrx_word' id='word_1_449' title='bbox 787 3214 919 3259; x_wconf 79' lang='lat' dir='ltr'><em>scriptas</em></span> <span class='ocrx_word' id='word_1_450' title='bbox 943 3223 1045 3247; x_wconf 84' lang='lat' dir='ltr'><em>ratum</em></span> <span class='ocrx_word' id='word_1_451' title='bbox 1058 3211 1237 3255; x_wconf 73' lang='lat' dir='ltr'><em>faciebant,</em></span> 
     </span>
     <span class='ocr_line' id='line_1_64' title="bbox 362 3264 1239 3307; baseline 0.001 -15"><span class='ocrx_word' id='word_1_452' title='bbox 362 3270 471 3302; x_wconf 64' lang='lat' dir='ltr'><em>,nempe</em></span> <span class='ocrx_word' id='word_1_453' title='bbox 482 3271 515 3294; x_wconf 80' lang='lat' dir='ltr'><em>ut</em></span> <span class='ocrx_word' id='word_1_454' title='bbox 528 3274 583 3294; x_wconf 88' lang='lat' dir='ltr'><em>non</em></span> <span class='ocrx_word' id='word_1_455' title='bbox 595 3265 650 3295; x_wconf 82' lang='lat' dir='ltr'><em>alio</em></span> <span class='ocrx_word' id='word_1_456' title='bbox 660 3266 708 3297; x_wconf 78' lang='lat' dir='ltr'><em>die</em></span> <span class='ocrx_word' id='word_1_457' title='bbox 718 3266 876 3306; x_wconf 84' lang='lat' dir='ltr'><em>aliquando</em></span> <span class='ocrx_word' id='word_1_458' title='bbox 889 3267 978 3307; x_wconf 71' lang='lat' dir='ltr'><em>queim</em></span> <span class='ocrx_word' id='word_1_459' title='bbox 992 3267 1139 3296; x_wconf 81' lang='lat' dir='ltr'><em>Dominico</em></span> <span class='ocrx_word' id='word_1_460' title='bbox 1151 3286 1162 3302; x_wconf 94' lang='lat'>‚</span> <span class='ocrx_word' id='word_1_461' title='bbox 1183 3264 1239 3300; x_wconf 83' lang='lat' dir='ltr'><em>My·</em></span> 
     </span>
     <span class='ocr_line' id='line_1_65' title="bbox 361 3310 1238 3356; baseline -0.002 -11"><span class='ocrx_word' id='word_1_462' title='bbox 361 3311 487 3356; x_wconf 77' lang='lat' dir='ltr'><em>sterium</em></span> <span class='ocrx_word' id='word_1_463' title='bbox 497 3310 561 3353; x_wconf 86' lang='lat' dir='ltr'><em>Res</em></span> <span class='ocrx_word' id='word_1_464' title='bbox 555 3313 724 3345; x_wconf 64' lang='lat' dir='ltr'><em>urrecttones</em></span> <span class='ocrx_word' id='word_1_465' title='bbox 733 3318 851 3346; x_wconf 79' lang='lat' dir='ltr'><em>Domim&#39;</em></span> <span class='ocrx_word' id='word_1_466' title='bbox 861 3317 880 3345; x_wconf 80' lang='grc' dir='ltr'><em>ιῐ</em></span> <span class='ocrx_word' id='word_1_467' title='bbox 892 3320 1015 3347; x_wconf 86' lang='lat' dir='ltr'><em>mortuis</em></span> <span class='ocrx_word' id='word_1_468' title='bbox 1025 3313 1218 3347; x_wconf 84' lang='lat' dir='ltr'><em>celebraretur</em></span> <span class='ocrx_word' id='word_1_469' title='bbox 1228 3335 1238 3350; x_wconf 91' lang='lat'><em>,</em></span> 
     </span>
     <span class='ocr_line' id='line_1_66' title="bbox 374 3357 1239 3405; baseline 0 -11"><span class='ocrx_word' id='word_1_470' title='bbox 374 3361 409 3394; x_wconf 59' lang='grc' dir='ltr'><em>ὦ·</em></span> <span class='ocrx_word' id='word_1_471' title='bbox 420 3370 452 3392; x_wconf 83' lang='lat' dir='ltr'><em>ut</em></span> <span class='ocrx_word' id='word_1_472' title='bbox 463 3366 494 3392; x_wconf 73' lang='lat' dir='ltr'><em>in</em></span> <span class='ocrx_word' id='word_1_473' title='bbox 508 3359 558 3392; x_wconf 87' lang='lat' dir='ltr'><em>hoc</em></span> <span class='ocrx_word' id='word_1_474' title='bbox 563 3357 587 3402; x_wconf 83' lang='lat' dir='ltr'><em>s</em></span> <span class='ocrx_word' id='word_1_475' title='bbox 582 3361 622 3392; x_wconf 88' lang='lat' dir='ltr'><em>olo</em></span> <span class='ocrx_word' id='word_1_476' title='bbox 626 3364 808 3403; x_wconf 81' lang='lat' dir='ltr'><em>jejuniorum</em></span> <span class='ocrx_word' id='word_1_477' title='bbox 819 3388 829 3402; x_wconf 92' lang='lat'><em>,</em></span> <span class='ocrx_word' id='word_1_478' title='bbox 855 3376 921 3404; x_wconf 83' lang='lat' dir='ltr'><em>quae</em></span> <span class='ocrx_word' id='word_1_479' title='bbox 941 3370 1054 3397; x_wconf 74' lang='lat' dir='ltr'><em>circiter</em></span> <span class='ocrx_word' id='word_1_480' title='bbox 1068 3360 1184 3405; x_wconf 86' lang='lat' dir='ltr'><em>Pascha</em></span> <span class='ocrx_word' id='word_1_481' title='bbox 1188 3360 1239 3402; x_wconf 83' lang='lat' dir='ltr'><em>fie-</em></span> 
     </span>
     <span class='ocr_line' id='line_1_67' title="bbox 369 3408 1240 3454; baseline -0.002 -10"><span class='ocrx_word' id='word_1_482' title='bbox 369 3417 398 3444; x_wconf 77' lang='lat' dir='ltr'><em>ri</em></span> <span class='ocrx_word' id='word_1_483' title='bbox 404 3408 500 3453; x_wconf 76' lang='lat' dir='ltr'><em>sblem</em></span> <span class='ocrx_word' id='word_1_484' title='bbox 513 3433 523 3450; x_wconf 89' lang='lat'><em>,</em></span> <span class='ocrx_word' id='word_1_485' title='bbox 544 3409 636 3451; x_wconf 76' lang='lat' dir='ltr'><em>finem</em></span> <span class='ocrx_word' id='word_1_486' title='bbox 640 3412 819 3454; x_wconf 85' lang='lat' dir='ltr'><em>faceremus.</em></span> <span class='ocrx_word' id='word_1_487' title='bbox 847 3415 1002 3445; x_wconf 84' lang='lat' dir='ltr'><em>Decretum</em></span> <span class='ocrx_word' id='word_1_488' title='bbox 1012 3423 1111 3446; x_wconf 88' lang='lat' dir='ltr'><em>autem</em></span> <span class='ocrx_word' id='word_1_489' title='bbox 1122 3408 1240 3453; x_wconf 72' lang='lat' dir='ltr'><em>Episco-</em></span> 
     </span>
     <span class='ocr_line' id='line_1_68' title="bbox 365 3461 1243 3508; baseline 0.001 -17"><span class='ocrx_word' id='word_1_490' title='bbox 365 3468 473 3508; x_wconf 73' lang='lat' dir='ltr'><em>porum</em></span> <span class='ocrx_word' id='word_1_491' title='bbox 490 3484 500 3500; x_wconf 91' lang='lat'>‚</span> <span class='ocrx_word' id='word_1_492' title='bbox 525 3465 576 3503; x_wconf 72' lang='lat' dir='ltr'><em>qui</em></span> <span class='ocrx_word' id='word_1_493' title='bbox 596 3469 659 3492; x_wconf 86' lang='lat' dir='ltr'><em>tum</em></span> <span class='ocrx_word' id='word_1_494' title='bbox 680 3470 767 3494; x_wconf 73' lang='lat' dir='ltr'><em>erant</em></span> <span class='ocrx_word' id='word_1_495' title='bbox 786 3467 819 3492; x_wconf 75' lang='lat' dir='ltr'><em>in</em></span> <span class='ocrx_word' id='word_1_496' title='bbox 846 3461 991 3500; x_wconf 69' lang='lat' dir='ltr'><em>palestina</em></span> <span class='ocrx_word' id='word_1_497' title='bbox 1003 3468 1173 3502; x_wconf 73' lang='lat' dir='ltr'><em>convocati,</em></span> <span class='ocrx_word' id='word_1_498' title='bbox 1198 3461 1243 3492; x_wconf 84' lang='lat' dir='ltr'><em>ad</em></span> 
     </span>
     <span class='ocr_line' id='line_1_69' title="bbox 371 3508 1241 3553; baseline 0.001 -12"><span class='ocrx_word' id='word_1_499' title='bbox 371 3510 448 3546; x_wconf 82' lang='lat' dir='ltr'><em>banc</em></span> <span class='ocrx_word' id='word_1_500' title='bbox 459 3508 547 3552; x_wconf 77' lang='lat' dir='ltr'><em>usque</em></span> <span class='ocrx_word' id='word_1_501' title='bbox 559 3518 678 3547; x_wconf 72' lang='lat' dir='ltr'><em>&lt;etatem</em></span> <span class='ocrx_word' id='word_1_502' title='bbox 688 3513 811 3551; x_wconf 78' lang='lat' dir='ltr'><em>Scriptis</em></span> <span class='ocrx_word' id='word_1_503' title='bbox 823 3510 989 3549; x_wconf 80' lang='lat' dir='ltr'><em>custoditum</em></span> <span class='ocrx_word' id='word_1_504' title='bbox 1000 3512 1045 3550; x_wconf 79' lang='lat' dir='ltr'><em>est.</em></span> <span class='ocrx_word' id='word_1_505' title='bbox 1072 3516 1108 3544; x_wconf 81' lang='lat' dir='ltr'><em>In</em></span> <span class='ocrx_word' id='word_1_506' title='bbox 1120 3522 1241 3553; x_wconf 86' lang='lat' dir='ltr'><em>quorum</em></span> 
     </span>
     <span class='ocr_line' id='line_1_70' title="bbox 374 3558 1242 3605; baseline 0.001 -13"><span class='ocrx_word' id='word_1_507' title='bbox 374 3561 479 3604; x_wconf 70' lang='lat' dir='ltr'><em>synodo</em></span> <span class='ocrx_word' id='word_1_508' title='bbox 491 3559 666 3602; x_wconf 80' lang='lat' dir='ltr'><em>Theophilus</em></span> <span class='ocrx_word' id='word_1_509' title='bbox 678 3558 881 3605; x_wconf 71' lang='lat' dir='ltr'><em>Caesataeenfis</em></span> <span class='ocrx_word' id='word_1_510' title='bbox 906 3560 1036 3602; x_wconf 82' lang='lat' dir='ltr'><em>Ecclefiae</em></span> <span class='ocrx_word' id='word_1_511' title='bbox 1054 3565 1083 3593; x_wconf 87' lang='lat' dir='ltr'><em>E</em></span> <span class='ocrx_word' id='word_1_512' title='bbox 1081 3560 1218 3603; x_wconf 68' lang='lat' dir='ltr'><em>piscopus</em></span> <span class='ocrx_word' id='word_1_513' title='bbox 1232 3585 1242 3600; x_wconf 91' lang='lat'><em>,</em></span> 
     </span>
    </p>
   </div>
   <div class='ocr_carea' id='block_1_10' title="bbox 1289 315 2210 1860">
    <p class='ocr_par' dir='ltr' id='par_1_11' title="bbox 1291 315 2175 1158">
     <span class='ocr_line' id='line_1_71' title="bbox 1294 315 2172 367; baseline 0.005 -16"><span class='ocrx_word' id='word_1_514' title='bbox 1294 315 1428 362; x_wconf 77' lang='lat' dir='ltr'><em>fuerunt.</em></span> <span class='ocrx_word' id='word_1_515' title='bbox 1454 315 1548 352; x_wconf 65' lang='lat' dir='ltr'><em>Aliud</em></span> <span class='ocrx_word' id='word_1_516' title='bbox 1554 325 1646 353; x_wconf 84' lang='lat' dir='ltr'><em>etiam</em></span> <span class='ocrx_word' id='word_1_517' title='bbox 1657 319 1695 367; x_wconf 83' lang='lat' dir='ltr'><em>est</em></span> <span class='ocrx_word' id='word_1_518' title='bbox 1705 319 1914 364; x_wconf 74' lang='lat' dir='ltr'><em>Epiftoporum</em></span> <span class='ocrx_word' id='word_1_519' title='bbox 1922 347 1933 363; x_wconf 93' lang='lat'>‚</span> <span class='ocrx_word' id='word_1_520' title='bbox 1961 326 2012 364; x_wconf 75' lang='lat' dir='ltr'><em>qut</em></span> <span class='ocrx_word' id='word_1_521' title='bbox 2029 319 2172 363; x_wconf 78' lang='lat' dir='ltr'><em>Romaefi·</em></span> 
     </span>
     <span class='ocr_line' id='line_1_72' title="bbox 1301 368 2174 413; baseline 0.006 -14"><span class='ocrx_word' id='word_1_522' title='bbox 1301 368 1408 410; x_wconf 64' lang='lat' dir='ltr'><em>mlllpee</em></span> <span class='ocrx_word' id='word_1_523' title='bbox 1416 369 1632 405; x_wconf 75' lang='lat' dir='ltr'><em>conveniebant</em></span> <span class='ocrx_word' id='word_1_524' title='bbox 1653 393 1664 409; x_wconf 89' lang='lat'>‚</span> <span class='ocrx_word' id='word_1_525' title='bbox 1691 370 1728 406; x_wconf 81' lang='lat' dir='ltr'><em>de</em></span> <span class='ocrx_word' id='word_1_526' title='bbox 1746 372 1850 405; x_wconf 88' lang='lat' dir='ltr'><em>eadem</em></span> <span class='ocrx_word' id='word_1_527' title='bbox 1868 370 2062 413; x_wconf 73' lang='lat' dir='ltr'><em>controversia</em></span> <span class='ocrx_word' id='word_1_528' title='bbox 2073 374 2174 404; x_wconf 74' lang='lat' dir='ltr'><em>statu-</em></span> 
     </span>
     <span class='ocr_line' id='line_1_73' title="bbox 1301 418 2170 468; baseline 0.005 -19"><span class='ocrx_word' id='word_1_529' title='bbox 1301 426 1363 451; x_wconf 87' lang='lat' dir='ltr'><em>tum</em></span> <span class='ocrx_word' id='word_1_530' title='bbox 1375 432 1386 452; x_wconf 89' lang='lat'><em>.·</em></span> <span class='ocrx_word' id='word_1_531' title='bbox 1412 421 1505 462; x_wconf 71' lang='lat' dir='ltr'><em>‚Quod</em></span> <span class='ocrx_word' id='word_1_532' title='bbox 1512 420 1632 468; x_wconf 72' lang='lat' dir='ltr'><em>quidem</em></span> <span class='ocrx_word' id='word_1_533' title='bbox 1643 418 1786 459; x_wconf 67' lang='lat' dir='ltr'><em>Villorem</em></span> <span class='ocrx_word' id='word_1_534' title='bbox 1795 422 1831 454; x_wconf 74' lang='lat' dir='ltr'><em>td</em></span> <span class='ocrx_word' id='word_1_535' title='bbox 1838 427 1979 464; x_wconf 76' lang='lat' dir='ltr'><em>temporis</em></span> <span class='ocrx_word' id='word_1_536' title='bbox 1991 420 2170 465; x_wconf 82' lang='lat' dir='ltr'><em>Episcopum</em></span> 
     </span>
     <span class='ocr_line' id='line_1_74' title="bbox 1294 466 2174 514; baseline 0.003 -14"><span class='ocrx_word' id='word_1_537' title='bbox 1294 466 1382 511; x_wconf 72' lang='lat' dir='ltr'><em>fuiffe</em></span> <span class='ocrx_word' id='word_1_538' title='bbox 1391 471 1529 504; x_wconf 86' lang='lat' dir='ltr'><em>declarat.</em></span> <span class='ocrx_word' id='word_1_539' title='bbox 1561 470 1652 502; x_wconf 78' lang='lat' dir='ltr'><em>Aliud</em></span> <span class='ocrx_word' id='word_1_540' title='bbox 1660 474 1731 502; x_wconf 79' lang='lat' dir='ltr'><em>item</em></span> <span class='ocrx_word' id='word_1_541' title='bbox 1738 468 1950 514; x_wconf 45' lang='lat' dir='ltr'><em>,Episcoporum</em></span> <span class='ocrx_word' id='word_1_542' title='bbox 1974 474 2082 512; x_wconf 78' lang='lat' dir='ltr'><em>Ponti,</em></span> <span class='ocrx_word' id='word_1_543' title='bbox 2106 478 2174 513; x_wconf 77' lang='lat' dir='ltr'><em>qut-</em></span> 
     </span>
     <span class='ocr_line' id='line_1_75' title="bbox 1292 517 2174 567; baseline 0.006 -18"><span class='ocrx_word' id='word_1_544' title='bbox 1292 517 1356 550; x_wconf 53' lang='lat' dir='ltr'><em>&#39;bus</em></span> <span class='ocrx_word' id='word_1_545' title='bbox 1366 521 1489 557; x_wconf 70' lang='lat' dir='ltr'><em>Palmat</em></span> <span class='ocrx_word' id='word_1_546' title='bbox 1498 545 1511 566; x_wconf 74' lang='lat'><em>,</em></span> <span class='ocrx_word' id='word_1_547' title='bbox 1536 527 1635 567; x_wconf 84' lang='lat' dir='ltr'><em>utpote</em></span> <span class='ocrx_word' id='word_1_548' title='bbox 1655 521 1867 566; x_wconf 70' lang='lat' dir='ltr'><em>antiqutffimus</em></span> <span class='ocrx_word' id='word_1_549' title='bbox 1888 523 1923 556; x_wconf 60' lang='grc' dir='ltr'>Θ</span> <span class='ocrx_word' id='word_1_550' title='bbox 1941 523 2074 556; x_wconf 73' lang='lat' dir='ltr'><em>maa-inu³</em></span> <span class='ocrx_word' id='word_1_551' title='bbox 2084 532 2174 556; x_wconf 86' lang='lat' dir='ltr'><em>vene-</em></span> 
     </span>
     <span class='ocr_line' id='line_1_76' title="bbox 1301 568 2170 613; baseline 0.003 -13"><span class='ocrx_word' id='word_1_552' title='bbox 1301 568 1603 611; x_wconf 78' lang='lat' dir='ltr'><em>randuspraefidebat.</em></span> <span class='ocrx_word' id='word_1_553' title='bbox 1629 570 1724 602; x_wconf 82' lang='lat' dir='ltr'><em>Aliud</em></span> <span class='ocrx_word' id='word_1_554' title='bbox 1730 569 1923 611; x_wconf 75' lang='lat' dir='ltr'><em>Ecclefiarum</em></span> <span class='ocrx_word' id='word_1_555' title='bbox 1942 574 2051 605; x_wconf 72' lang='lat' dir='ltr'><em>Gallia</em></span> <span class='ocrx_word' id='word_1_556' title='bbox 2061 597 2072 612; x_wconf 90' lang='lat'><em>,</em></span> <span class='ocrx_word' id='word_1_557' title='bbox 2090 582 2170 613; x_wconf 81' lang='lat' dir='ltr'><em>quas</em></span> 
     </span>
     <span class='ocr_line' id='line_1_77' title="bbox 1299 618 2173 663; baseline 0.003 -12"><span class='ocrx_word' id='word_1_558' title='bbox 1299 622 1431 660; x_wconf 82' lang='lat' dir='ltr'><em>Irenaeus</em></span> <span class='ocrx_word' id='word_1_559' title='bbox 1441 621 1560 663; x_wconf 83' lang='lat' dir='ltr'><em>regebat</em></span> <span class='ocrx_word' id='word_1_560' title='bbox 1570 618 1745 662; x_wconf 79' lang='lat' dir='ltr'><em>Episcopus.</em></span> <span class='ocrx_word' id='word_1_561' title='bbox 1759 620 1852 656; x_wconf 76' lang='lat' dir='ltr'><em>Aliud</em></span> <span class='ocrx_word' id='word_1_562' title='bbox 1855 624 1945 663; x_wconf 67' lang='lat' dir='ltr'><em>porro</em></span> <span class='ocrx_word' id='word_1_563' title='bbox 1957 620 2150 662; x_wconf 79' lang='lat' dir='ltr'><em>Ecclest&#39;arum</em></span> <span class='ocrx_word' id='word_1_564' title='bbox 2159 644 2173 660; x_wconf 86' lang='lat'><em>,</em></span> 
     </span>
     <span class='ocr_line' id='line_1_78' title="bbox 1299 664 2171 716; baseline 0.002 -14"><span class='ocrx_word' id='word_1_565' title='bbox 1299 678 1367 710; x_wconf 78' lang='lat' dir='ltr'><em>quae</em></span> <span class='ocrx_word' id='word_1_566' title='bbox 1376 667 1534 712; x_wconf 83' lang='lat' dir='ltr'><em>Osroenam</em></span> <span class='ocrx_word' id='word_1_567' title='bbox 1545 695 1556 714; x_wconf 85' lang='lat'><em>,</em></span> <span class='ocrx_word' id='word_1_568' title='bbox 1579 664 1613 703; x_wconf 61' lang='grc' dir='ltr'><em>(ἐν</em></span> <span class='ocrx_word' id='word_1_569' title='bbox 1629 671 1758 716; x_wconf 84' lang='lat' dir='ltr'><em>reliquas</em></span> <span class='ocrx_word' id='word_1_570' title='bbox 1769 675 1801 702; x_wconf 86' lang='lat' dir='ltr'><em>in</em></span> <span class='ocrx_word' id='word_1_571' title='bbox 1811 680 1842 702; x_wconf 88' lang='lat' dir='ltr'><em>eo</em></span> <span class='ocrx_word' id='word_1_572' title='bbox 1850 671 1907 703; x_wconf 88' lang='lat' dir='ltr'><em>loco</em></span> <span class='ocrx_word' id='word_1_573' title='bbox 1916 677 2057 704; x_wconf 75' lang='lat' dir='ltr'><em>civitates</em></span> <span class='ocrx_word' id='word_1_574' title='bbox 2067 671 2171 704; x_wconf 78' lang='lat' dir='ltr'><em>incole-</em></span> 
     </span>
     <span class='ocr_line' id='line_1_79' title="bbox 1298 718 2172 763; baseline 0.001 -12"><span class='ocrx_word' id='word_1_575' title='bbox 1298 718 1380 751; x_wconf 88' lang='lat' dir='ltr'><em>bant.</em></span> <span class='ocrx_word' id='word_1_576' title='bbox 1409 719 1500 757; x_wconf 62' lang='lat' dir='ltr'><em>Aliud</em></span> <span class='ocrx_word' id='word_1_577' title='bbox 1503 718 1669 763; x_wconf 81' lang='lat' dir='ltr'><em>separatim</em></span> <span class='ocrx_word' id='word_1_578' title='bbox 1684 718 1828 758; x_wconf 73' lang='lat' dir='ltr'><em>Bacchyllt</em></span> <span class='ocrx_word' id='word_1_579' title='bbox 1838 743 1849 759; x_wconf 95' lang='lat'>‚</span> <span class='ocrx_word' id='word_1_580' title='bbox 1860 719 1995 761; x_wconf 85' lang='lat' dir='ltr'><em>Ecclefiae</em></span> <span class='ocrx_word' id='word_1_581' title='bbox 2006 719 2172 755; x_wconf 74' lang='lat' dir='ltr'><em>corinthio-</em></span> 
     </span>
     <span class='ocr_line' id='line_1_80' title="bbox 1296 767 2174 812; baseline 0.001 -11"><span class='ocrx_word' id='word_1_582' title='bbox 1296 780 1363 801; x_wconf 86' lang='lat' dir='ltr'><em>rum</em></span> <span class='ocrx_word' id='word_1_583' title='bbox 1375 767 1524 812; x_wconf 64' lang='lat' dir='ltr'><em>Epis-opt.</em></span> <span class='ocrx_word' id='word_1_584' title='bbox 1543 773 1589 803; x_wconf 89' lang='lat' dir='ltr'><em>Et</em></span> <span class='ocrx_word' id='word_1_585' title='bbox 1599 772 1661 803; x_wconf 82' lang='lat' dir='ltr'><em>alia</em></span> <span class='ocrx_word' id='word_1_586' title='bbox 1670 771 1796 812; x_wconf 76' lang='lat' dir='ltr'><em>denique</em></span> <span class='ocrx_word' id='word_1_587' title='bbox 1806 771 1932 805; x_wconf 83' lang='lat' dir='ltr'><em>aliorum</em></span> <span class='ocrx_word' id='word_1_588' title='bbox 1939 771 2033 812; x_wconf 74' lang='lat' dir='ltr'><em>prope</em></span> <span class='ocrx_word' id='word_1_589' title='bbox 2043 770 2174 812; x_wconf 65' lang='lat' dir='ltr'><em>infinito-</em></span> 
     </span>
     <span class='ocr_line' id='line_1_81' title="bbox 1297 818 2175 868; baseline 0.001 -17"><span class='ocrx_word' id='word_1_590' title='bbox 1297 829 1363 851; x_wconf 83' lang='lat' dir='ltr'><em>rum</em></span> <span class='ocrx_word' id='word_1_591' title='bbox 1373 843 1384 859; x_wconf 88' lang='lat'>‚</span> <span class='ocrx_word' id='word_1_592' title='bbox 1410 826 1460 868; x_wconf 77' lang='lat' dir='ltr'><em>qui</em></span> <span class='ocrx_word' id='word_1_593' title='bbox 1470 832 1526 852; x_wconf 86' lang='lat' dir='ltr'><em>uno</em></span> <span class='ocrx_word' id='word_1_594' title='bbox 1536 818 1670 863; x_wconf 64' lang='lat' dir='ltr'><em>consensit</em></span> <span class='ocrx_word' id='word_1_595' title='bbox 1673 821 1845 867; x_wconf 72' lang='lat' dir='ltr'><em>judicioque</em></span> <span class='ocrx_word' id='word_1_596' title='bbox 1863 831 1921 853; x_wconf 88' lang='lat' dir='ltr'><em>uno</em></span> <span class='ocrx_word' id='word_1_597' title='bbox 1943 821 2069 853; x_wconf 85' lang='lat' dir='ltr'><em>eandem</em></span> <span class='ocrx_word' id='word_1_598' title='bbox 2084 821 2123 852; x_wconf 88' lang='lat' dir='ltr'><em>de</em></span> <span class='ocrx_word' id='word_1_599' title='bbox 2141 819 2175 852; x_wconf 74' lang='lat' dir='ltr'><em>il-</em></span> 
     </span>
     <span class='ocr_line' id='line_1_82' title="bbox 1296 867 2175 913; baseline 0.002 -13"><span class='ocrx_word' id='word_1_600' title='bbox 1296 869 1354 903; x_wconf 73' lang='lat' dir='ltr'><em>lius</em></span> <span class='ocrx_word' id='word_1_601' title='bbox 1366 868 1445 909; x_wconf 79' lang='lat' dir='ltr'><em>Festi</em></span> <span class='ocrx_word' id='word_1_602' title='bbox 1454 868 1654 913; x_wconf 69' lang='lat' dir='ltr'><em>obfirmatione</em></span> <span class='ocrx_word' id='word_1_603' title='bbox 1665 872 1757 904; x_wconf 84' lang='lat' dir='ltr'><em>tulere</em></span> <span class='ocrx_word' id='word_1_604' title='bbox 1771 869 1965 913; x_wconf 74' lang='lat' dir='ltr'><em>sententiam.</em></span> <span class='ocrx_word' id='word_1_605' title='bbox 1991 873 2088 912; x_wconf 78' lang='lat' dir='ltr'><em>Atque</em></span> <span class='ocrx_word' id='word_1_606' title='bbox 2110 867 2175 909; x_wconf 77' lang='lat' dir='ltr'><em>isto-</em></span> 
     </span>
     <span class='ocr_line' id='line_1_83' title="bbox 1296 918 2170 963; baseline 0.001 -12"><span class='ocrx_word' id='word_1_607' title='bbox 1296 928 1363 951; x_wconf 84' lang='lat' dir='ltr'><em>rum</em></span> <span class='ocrx_word' id='word_1_608' title='bbox 1371 925 1499 956; x_wconf 83' lang='lat' dir='ltr'><em>omnium</em></span> <span class='ocrx_word' id='word_1_609' title='bbox 1507 931 1570 953; x_wconf 89' lang='lat' dir='ltr'><em>una</em></span> <span class='ocrx_word' id='word_1_610' title='bbox 1579 919 1642 954; x_wconf 84' lang='lat' dir='ltr'><em>haec</em></span> <span class='ocrx_word' id='word_1_611' title='bbox 1650 945 1662 961; x_wconf 93' lang='lat'><em>,</em></span> <span class='ocrx_word' id='word_1_612' title='bbox 1687 932 1778 962; x_wconf 89' lang='lat' dir='ltr'><em>quam</em></span> <span class='ocrx_word' id='word_1_613' title='bbox 1787 921 1938 953; x_wconf 76' lang='lat' dir='ltr'><em>docuimus</em></span> <span class='ocrx_word' id='word_1_614' title='bbox 1946 945 1958 962; x_wconf 89' lang='lat'><em>,</em></span> <span class='ocrx_word' id='word_1_615' title='bbox 1985 918 2170 963; x_wconf 69' lang='lat' dir='ltr'><em>confhntiens</em></span> 
     </span>
     <span class='ocr_line' id='line_1_84' title="bbox 1293 968 2172 1018; baseline 0.001 -17"><span class='ocrx_word' id='word_1_616' title='bbox 1293 977 1361 1001; x_wconf 87' lang='lat' dir='ltr'><em>erat</em></span> <span class='ocrx_word' id='word_1_617' title='bbox 1370 968 1474 1010; x_wconf 77' lang='lat' dir='ltr'><em>dccifio.</em></span> <span class='ocrx_word' id='word_1_618' title='bbox 1494 970 1643 1013; x_wconf 82' lang='lat' dir='ltr'><em>Exponit</em></span> <span class='ocrx_word' id='word_1_619' title='bbox 1655 970 1843 1018; x_wconf 70' lang='lat' dir='ltr'><em>quaestionis</em></span> <span class='ocrx_word' id='word_1_620' title='bbox 1853 970 2026 1004; x_wconf 84' lang='lat' dir='ltr'><em>exordium</em></span> <span class='ocrx_word' id='word_1_621' title='bbox 2038 994 2047 1010; x_wconf 93' lang='lat'><em>,</em></span> <span class='ocrx_word' id='word_1_622' title='bbox 2058 969 2172 1003; x_wconf 87' lang='lat' dir='ltr'><em>decur-</em></span> 
     </span>
     <span class='ocr_line' id='line_1_85' title="bbox 1294 1018 2171 1066; baseline -0.001 -13"><span class='ocrx_word' id='word_1_623' title='bbox 1294 1018 1365 1054; x_wconf 88' lang='lat' dir='ltr'><em>sum</em></span> <span class='ocrx_word' id='word_1_624' title='bbox 1374 1042 1386 1066; x_wconf 73' lang='lat'><em>,³</em></span> <span class='ocrx_word' id='word_1_625' title='bbox 1411 1031 1450 1054; x_wconf 86' lang='lat' dir='ltr'><em>ac</em></span> <span class='ocrx_word' id='word_1_626' title='bbox 1458 1020 1585 1057; x_wconf 83' lang='lat' dir='ltr'><em>varium</em></span> <span class='ocrx_word' id='word_1_627' title='bbox 1595 1021 1697 1056; x_wconf 82' lang='lat' dir='ltr'><em>finem</em></span> <span class='ocrx_word' id='word_1_628' title='bbox 1707 1044 1718 1060; x_wconf 92' lang='lat'><em>,</em></span> <span class='ocrx_word' id='word_1_629' title='bbox 1739 1019 1785 1054; x_wconf 90' lang='lat' dir='ltr'><em>ast</em></span> <span class='ocrx_word' id='word_1_630' title='bbox 1796 1031 1868 1054; x_wconf 84' lang='lat' dir='ltr'><em>non</em></span> <span class='ocrx_word' id='word_1_631' title='bbox 1877 1019 1999 1055; x_wconf 88' lang='lat' dir='ltr'><em>radices</em></span> <span class='ocrx_word' id='word_1_632' title='bbox 2009 1021 2042 1054; x_wconf 72' lang='grc' dir='ltr'><em>ὃ(</em></span> <span class='ocrx_word' id='word_1_633' title='bbox 2054 1018 2171 1053; x_wconf 89' lang='lat' dir='ltr'><em>funda-</em></span> 
     </span>
     <span class='ocr_line' id='line_1_86' title="bbox 1292 1068 2172 1119; baseline 0.003 -17"><span class='ocrx_word' id='word_1_634' title='bbox 1292 1078 1409 1103; x_wconf 85' lang='lat' dir='ltr'><em>menta.</em></span> <span class='ocrx_word' id='word_1_635' title='bbox 1447 1068 1583 1103; x_wconf 86' lang='lat' dir='ltr'><em>Etenim</em></span> <span class='ocrx_word' id='word_1_636' title='bbox 1593 1068 1797 1114; x_wconf 82' lang='lat' dir='ltr'><em>deAngelici</em></span> <span class='ocrx_word' id='word_1_637' title='bbox 1807 1069 1950 1108; x_wconf 85' lang='lat' dir='ltr'><em>Pastoris</em></span> <span class='ocrx_word' id='word_1_638' title='bbox 1967 1069 2172 1119; x_wconf 68' lang='lat' dir='ltr'><em>apparitione</em></span> 
     </span>
     <span class='ocr_line' id='line_1_87' title="bbox 1291 1117 1944 1158; baseline 0.006 -6"><span class='ocrx_word' id='word_1_639' title='bbox 1291 1130 1327 1153; x_wconf 85' lang='lat' dir='ltr'><em>ac</em></span> <span class='ocrx_word' id='word_1_640' title='bbox 1338 1117 1502 1152; x_wconf 86' lang='lat' dir='ltr'><em>Mandato</em></span> <span class='ocrx_word' id='word_1_641' title='bbox 1515 1118 1640 1156; x_wconf 79' lang='lat' dir='ltr'><em>nullam</em></span> <span class='ocrx_word' id='word_1_642' title='bbox 1652 1120 1729 1158; x_wconf 81' lang='lat' dir='ltr'><em>facit</em></span> <span class='ocrx_word' id='word_1_643' title='bbox 1740 1120 1944 1158; x_wconf 81' lang='lat' dir='ltr'><em>memoriam.</em></span> 
     </span>
    </p>

    <p class='ocr_par' dir='ltr' id='par_1_12' title="bbox 1289 1166 2210 1860">
     <span class='ocr_line' id='line_1_88' title="bbox 1339 1166 2168 1210; baseline 0.001 -9"><span class='ocrx_word' id='word_1_644' title='bbox 1339 1169 1477 1207; x_wconf 80' lang='lat' dir='ltr'><em>Interim</em></span> <span class='ocrx_word' id='word_1_645' title='bbox 1487 1179 1529 1202; x_wconf 85' lang='lat' dir='ltr'><em>ex</em></span> <span class='ocrx_word' id='word_1_646' title='bbox 1539 1167 1607 1210; x_wconf 83' lang='lat' dir='ltr'><em>ejus</em></span> <span class='ocrx_word' id='word_1_647' title='bbox 1616 1167 1711 1201; x_wconf 74' lang='lat' dir='ltr'><em>distis</em></span> <span class='ocrx_word' id='word_1_648' title='bbox 1718 1166 1872 1202; x_wconf 76' lang='lat' dir='ltr'><em>discimus</em></span> <span class='ocrx_word' id='word_1_649' title='bbox 1893 1169 1990 1202; x_wconf 81' lang='lat' dir='ltr'><em>varia.</em></span> <span class='ocrx_word' id='word_1_650' title='bbox 2028 1167 2145 1202; x_wconf 73' lang='lat' dir='ltr'><em>Primo</em></span> <span class='ocrx_word' id='word_1_651' title='bbox 2155 1191 2168 1208; x_wconf 86' lang='lat'><em>,</em></span> 
     </span>
     <span class='ocr_line' id='line_1_89' title="bbox 1289 1213 2167 1262; baseline 0.001 -11"><span class='ocrx_word' id='word_1_652' title='bbox 1289 1218 1377 1262; x_wconf 90' lang='lat' dir='ltr'><em>quod</em></span> <span class='ocrx_word' id='word_1_653' title='bbox 1390 1216 1513 1252; x_wconf 89' lang='lat' dir='ltr'><em>Pascha</em></span> <span class='ocrx_word' id='word_1_654' title='bbox 1523 1213 1578 1252; x_wconf 86' lang='lat' dir='ltr'><em>die</em></span> <span class='ocrx_word' id='word_1_655' title='bbox 1591 1217 1777 1252; x_wconf 89' lang='lat' dir='ltr'><em>Dominico</em></span> <span class='ocrx_word' id='word_1_656' title='bbox 1794 1216 1955 1253; x_wconf 87' lang='lat' dir='ltr'><em>celebrare</em></span> <span class='ocrx_word' id='word_1_657' title='bbox 1971 1217 2007 1252; x_wconf 84' lang='lat' dir='ltr'><em>fit</em></span> <span class='ocrx_word' id='word_1_658' title='bbox 2027 1217 2167 1252; x_wconf 86' lang='lat' dir='ltr'><em>traditio</em></span> 
     </span>
     <span class='ocr_line' id='line_1_90' title="bbox 1291 1266 2170 1324; baseline -0.002 -21"><span class='ocrx_word' id='word_1_659' title='bbox 1291 1267 1490 1312; x_wconf 84' lang='lat' dir='ltr'><em>Apostolica.</em></span> <span class='ocrx_word' id='word_1_660' title='bbox 1518 1266 1649 1324; x_wconf 83' lang='lat' dir='ltr'><em>Nempe</em></span> <span class='ocrx_word' id='word_1_661' title='bbox 1660 1267 1717 1300; x_wconf 86' lang='lat' dir='ltr'><em>alii</em></span> <span class='ocrx_word' id='word_1_662' title='bbox 1729 1268 1761 1301; x_wconf 76' lang='grc' dir='ltr'><em>δε</em></span> <span class='ocrx_word' id='word_1_663' title='bbox 1772 1267 1829 1301; x_wconf 90' lang='lat' dir='ltr'><em>alii</em></span> <span class='ocrx_word' id='word_1_664' title='bbox 1841 1266 1995 1312; x_wconf 85' lang='lat' dir='ltr'><em>Apostoli</em></span> <span class='ocrx_word' id='word_1_665' title='bbox 2021 1267 2111 1302; x_wconf 87' lang='lat' dir='ltr'><em>aliud</em></span> <span class='ocrx_word' id='word_1_666' title='bbox 2135 1267 2170 1302; x_wconf 82' lang='lat'>&amp;</span> 
     </span>
     <span class='ocr_line' id='line_1_91' title="bbox 1290 1317 2169 1353; baseline 0.001 -1"><span class='ocrx_word' id='word_1_667' title='bbox 1290 1317 1379 1353; x_wconf 86' lang='lat' dir='ltr'><em>aliud</em></span> <span class='ocrx_word' id='word_1_668' title='bbox 1390 1319 1425 1352; x_wconf 91' lang='lat' dir='ltr'><em>in</em></span> <span class='ocrx_word' id='word_1_669' title='bbox 1434 1317 1505 1351; x_wconf 83' lang='lat' dir='ltr'><em>alils</em></span> <span class='ocrx_word' id='word_1_670' title='bbox 1517 1317 1551 1351; x_wconf 69' lang='grc' dir='ltr'><em>ὅ(</em></span> <span class='ocrx_word' id='word_1_671' title='bbox 1562 1317 1634 1351; x_wconf 83' lang='lat' dir='ltr'><em>aliis</em></span> <span class='ocrx_word' id='word_1_672' title='bbox 1644 1317 1796 1351; x_wconf 85' lang='lat' dir='ltr'><em>Ecclefiis</em></span> <span class='ocrx_word' id='word_1_673' title='bbox 1815 1317 1860 1351; x_wconf 94' lang='lat' dir='ltr'><em>ob</em></span> <span class='ocrx_word' id='word_1_674' title='bbox 1881 1318 1961 1351; x_wconf 89' lang='lat' dir='ltr'><em>alias</em></span> <span class='ocrx_word' id='word_1_675' title='bbox 1978 1318 2011 1351; x_wconf 77' lang='grc' dir='ltr'>ἀ</span> <span class='ocrx_word' id='word_1_676' title='bbox 2020 1318 2101 1352; x_wconf 84' lang='lat' dir='ltr'><em>alias</em></span> <span class='ocrx_word' id='word_1_677' title='bbox 2121 1328 2169 1353; x_wconf 89' lang='lat' dir='ltr'><em>ra·</em></span> 
     </span>
     <span class='ocr_line' id='line_1_92' title="bbox 1290 1366 2172 1413; baseline -0.002 -10"><span class='ocrx_word' id='word_1_678' title='bbox 1290 1371 1396 1403; x_wconf 86' lang='lat' dir='ltr'><em>tiones</em></span> <span class='ocrx_word' id='word_1_679' title='bbox 1407 1366 1626 1402; x_wconf 82' lang='lat' dir='ltr'><em>instituerunt.</em></span> <span class='ocrx_word' id='word_1_680' title='bbox 1638 1367 1791 1402; x_wconf 88' lang='lat' dir='ltr'><em>Secundo</em></span> <span class='ocrx_word' id='word_1_681' title='bbox 1801 1367 1956 1405; x_wconf 83' lang='lat' dir='ltr'><em>discimus</em></span> <span class='ocrx_word' id='word_1_682' title='bbox 1965 1368 2054 1411; x_wconf 87' lang='lat' dir='ltr'><em>quod</em></span> <span class='ocrx_word' id='word_1_683' title='bbox 2063 1367 2172 1413; x_wconf 81' lang='lat' dir='ltr'><em>plures</em></span> 
     </span>
     <span class='ocr_line' id='line_1_93' title="bbox 1290 1417 2169 1462; baseline -0.001 -9"><span class='ocrx_word' id='word_1_684' title='bbox 1290 1420 1389 1453; x_wconf 88' lang='lat' dir='ltr'><em>etiam</em></span> <span class='ocrx_word' id='word_1_685' title='bbox 1409 1429 1463 1462; x_wconf 88' lang='lat' dir='ltr'><em>per</em></span> <span class='ocrx_word' id='word_1_686' title='bbox 1483 1418 1658 1453; x_wconf 80' lang='lat' dir='ltr'><em>Orientem</em></span> <span class='ocrx_word' id='word_1_687' title='bbox 1679 1417 1826 1452; x_wconf 85' lang='lat' dir='ltr'><em>Ecclefiae</em></span> <span class='ocrx_word' id='word_1_688' title='bbox 1836 1418 1932 1451; x_wconf 83' lang='lat' dir='ltr'><em>istam</em></span> <span class='ocrx_word' id='word_1_689' title='bbox 1953 1418 2169 1453; x_wconf 77' lang='lat' dir='ltr'><em>traditionem</em></span> 
     </span>
     <span class='ocr_line' id='line_1_94' title="bbox 1292 1466 2177 1517; baseline -0.002 -14"><span class='ocrx_word' id='word_1_690' title='bbox 1292 1470 1414 1517; x_wconf 86' lang='lat' dir='ltr'><em>semper</em></span> <span class='ocrx_word' id='word_1_691' title='bbox 1425 1467 1626 1508; x_wconf 84' lang='lat' dir='ltr'><em>observarint</em></span> <span class='ocrx_word' id='word_1_692' title='bbox 1634 1493 1645 1509; x_wconf 92' lang='lat'><em>,</em></span> <span class='ocrx_word' id='word_1_693' title='bbox 1670 1468 1705 1502; x_wconf 73' lang='grc' dir='ltr'><em>ὅ(</em></span> <span class='ocrx_word' id='word_1_694' title='bbox 1717 1466 1890 1511; x_wconf 76' lang='lat' dir='ltr'><em>postmodo</em></span> <span class='ocrx_word' id='word_1_695' title='bbox 1912 1479 1954 1501; x_wconf 87' lang='lat' dir='ltr'><em>ex</em></span> <span class='ocrx_word' id='word_1_696' title='bbox 1973 1466 2070 1510; x_wconf 82' lang='lat' dir='ltr'><em>hujus</em></span> <span class='ocrx_word' id='word_1_697' title='bbox 2093 1478 2177 1510; x_wconf 80' lang='lat' dir='ltr'><em>quae-</em></span> 
     </span>
     <span class='ocr_line' id='line_1_95' title="bbox 1291 1514 2175 1560; baseline -0.002 -7"><span class='ocrx_word' id='word_1_698' title='bbox 1291 1519 1407 1553; x_wconf 86' lang='lat' dir='ltr'><em>stionis</em></span> <span class='ocrx_word' id='word_1_699' title='bbox 1428 1518 1598 1552; x_wconf 73' lang='lat' dir='ltr'><em>occasione</em></span> <span class='ocrx_word' id='word_1_700' title='bbox 1622 1517 1831 1560; x_wconf 88' lang='lat' dir='ltr'><em>Synodaliter</em></span> <span class='ocrx_word' id='word_1_701' title='bbox 1851 1518 2026 1551; x_wconf 87' lang='lat' dir='ltr'><em>firmarint.</em></span> <span class='ocrx_word' id='word_1_702' title='bbox 2053 1514 2175 1551; x_wconf 85' lang='lat' dir='ltr'><em>Tertio</em></span> 
     </span>
     <span class='ocr_line' id='line_1_96' title="bbox 1290 1566 2176 1611; baseline -0.002 -9"><span class='ocrx_word' id='word_1_703' title='bbox 1290 1567 1444 1603; x_wconf 85' lang='lat' dir='ltr'><em>discimus</em></span> <span class='ocrx_word' id='word_1_704' title='bbox 1458 1591 1468 1607; x_wconf 88' lang='lat'><em>,</em></span> <span class='ocrx_word' id='word_1_705' title='bbox 1478 1566 1568 1611; x_wconf 92' lang='lat' dir='ltr'><em>quod</em></span> <span class='ocrx_word' id='word_1_706' title='bbox 1577 1567 1748 1605; x_wconf 68' lang='lat' dir='ltr'><em>Palestinae</em></span> <span class='ocrx_word' id='word_1_707' title='bbox 1758 1566 1944 1607; x_wconf 81' lang='lat' dir='ltr'><em>Provinciae</em></span> <span class='ocrx_word' id='word_1_708' title='bbox 1954 1567 2094 1610; x_wconf 84' lang='lat' dir='ltr'><em>Synodo</em></span> <span class='ocrx_word' id='word_1_709' title='bbox 2104 1577 2176 1600; x_wconf 85' lang='lat' dir='ltr'><em>non</em></span> 
     </span>
     <span class='ocr_line' id='line_1_97' title="bbox 1293 1616 2210 1660; baseline -0.001 -9"><span class='ocrx_word' id='word_1_710' title='bbox 1293 1618 1378 1652; x_wconf 86' lang='lat' dir='ltr'><em>solus</em></span> <span class='ocrx_word' id='word_1_711' title='bbox 1389 1617 1600 1651; x_wconf 79' lang='lat' dir='ltr'><em>Caesaraeensis</em></span> <span class='ocrx_word' id='word_1_712' title='bbox 1610 1617 1828 1660; x_wconf 88' lang='lat' dir='ltr'><em>Metropolita</em></span> <span class='ocrx_word' id='word_1_713' title='bbox 1841 1641 1851 1658; x_wconf 93' lang='lat'>‚</span> <span class='ocrx_word' id='word_1_714' title='bbox 1873 1616 1927 1651; x_wconf 88' lang='lat' dir='ltr'><em>sed</em></span> <span class='ocrx_word' id='word_1_715' title='bbox 1938 1618 2040 1651; x_wconf 88' lang='lat' dir='ltr'><em>etiam</em></span> <span class='ocrx_word' id='word_1_716' title='bbox 2051 1617 2172 1650; x_wconf 86' lang='lat' dir='ltr'><em>Hiero-</em></span> <span class='ocrx_word' id='word_1_717' title='bbox 2203 1626 2210 1639; x_wconf 82' lang='lat'><strong>¹</strong></span> 
     </span>
     <span class='ocr_line' id='line_1_98' title="bbox 1292 1665 2176 1716; baseline -0.002 -15"><span class='ocrx_word' id='word_1_718' title='bbox 1292 1668 1423 1711; x_wconf 82' lang='lat' dir='ltr'><em>solymae</em></span> <span class='ocrx_word' id='word_1_719' title='bbox 1435 1667 1615 1711; x_wconf 87' lang='lat' dir='ltr'><em>Episcopus</em></span> <span class='ocrx_word' id='word_1_720' title='bbox 1626 1667 1812 1710; x_wconf 72' lang='lat' dir='ltr'><em>praesederit.</em></span> <span class='ocrx_word' id='word_1_721' title='bbox 1852 1667 1956 1716; x_wconf 80' lang='lat' dir='ltr'><em>Qod</em></span> <span class='ocrx_word' id='word_1_722' title='bbox 1981 1678 2097 1710; x_wconf 86' lang='lat' dir='ltr'><em>nempe</em></span> <span class='ocrx_word' id='word_1_723' title='bbox 2119 1665 2176 1700; x_wconf 78' lang='lat' dir='ltr'><em>hic</em></span> 
     </span>
     <span class='ocr_line' id='line_1_99' title="bbox 1292 1713 2177 1760; baseline -0.001 -9"><span class='ocrx_word' id='word_1_724' title='bbox 1292 1718 1378 1751; x_wconf 87' lang='lat' dir='ltr'><em>inter</em></span> <span class='ocrx_word' id='word_1_725' title='bbox 1387 1727 1504 1755; x_wconf 85' lang='lat' dir='ltr'><em>omnes</em></span> <span class='ocrx_word' id='word_1_726' title='bbox 1527 1715 1834 1760; x_wconf 78' lang='lat' dir='ltr'><em>comprovinciales</em></span> <span class='ocrx_word' id='word_1_727' title='bbox 1856 1718 1934 1750; x_wconf 84' lang='lat' dir='ltr'><em>effer</em></span> <span class='ocrx_word' id='word_1_728' title='bbox 1956 1713 2177 1760; x_wconf 85' lang='lat' dir='ltr'><em>proto-Thro-</em></span> 
     </span>
     <span class='ocr_line' id='line_1_100' title="bbox 1294 1765 2177 1811; baseline -0.001 -11"><span class='ocrx_word' id='word_1_729' title='bbox 1294 1779 1362 1801; x_wconf 86' lang='lat' dir='ltr'><em>nus.</em></span> <span class='ocrx_word' id='word_1_730' title='bbox 1376 1767 1419 1800; x_wconf 83' lang='lat' dir='ltr'><em>Et</em></span> <span class='ocrx_word' id='word_1_731' title='bbox 1430 1765 1515 1800; x_wconf 89' lang='lat' dir='ltr'><em>hanc</em></span> <span class='ocrx_word' id='word_1_732' title='bbox 1527 1765 1724 1811; x_wconf 84' lang='lat' dir='ltr'><em>dignitatem</em></span> <span class='ocrx_word' id='word_1_733' title='bbox 1737 1765 1785 1798; x_wconf 90' lang='lat' dir='ltr'><em>illi</em></span> <span class='ocrx_word' id='word_1_734' title='bbox 1799 1766 2005 1800; x_wconf 88' lang='lat' dir='ltr'><em>confirmavit</em></span> <span class='ocrx_word' id='word_1_735' title='bbox 2014 1765 2177 1808; x_wconf 82' lang='lat' dir='ltr'><em>Septimus</em></span> 
     </span>
     <span class='ocr_line' id='line_1_101' title="bbox 1292 1814 2177 1860; baseline -0.003 -8"><span class='ocrx_word' id='word_1_736' title='bbox 1292 1818 1412 1852; x_wconf 87' lang='lat' dir='ltr'><em>Canon</em></span> <span class='ocrx_word' id='word_1_737' title='bbox 1425 1816 1588 1850; x_wconf 80' lang='lat' dir='ltr'><em>Nicaenus.</em></span> <span class='ocrx_word' id='word_1_738' title='bbox 1603 1815 1647 1849; x_wconf 88' lang='lat' dir='ltr'><em>Et</em></span> <span class='ocrx_word' id='word_1_739' title='bbox 1660 1824 1727 1849; x_wconf 89' lang='lat' dir='ltr'><em>erat</em></span> <span class='ocrx_word' id='word_1_740' title='bbox 1742 1815 1901 1859; x_wconf 82' lang='lat' dir='ltr'><em>Dignitas</em></span> <span class='ocrx_word' id='word_1_741' title='bbox 1911 1815 2090 1860; x_wconf 85' lang='lat' dir='ltr'><em>singularis.</em></span> <span class='ocrx_word' id='word_1_742' title='bbox 2102 1814 2177 1849; x_wconf 84' lang='lat' dir='ltr'><em>Nec</em></span> 
     </span>
    </p>
   </div>
   <div class='ocr_carea' id='block_1_11' title="bbox 1264 1865 2179 1910">
    <p class='ocr_par' dir='ltr' id='par_1_13' title="bbox 1264 1865 2179 1910">
     <span class='ocr_line' id='line_1_102' title="bbox 1264 1865 2179 1910; baseline -0.003 -9"><span class='ocrx_word' id='word_1_743' title='bbox 1264 1903 1267 1906; x_wconf 16' lang='grc' dir='ltr'><em>Α</em></span> <span class='ocrx_word' id='word_1_744' title='bbox 1292 1866 1382 1901; x_wconf 90' lang='lat' dir='ltr'><em>enirn</em></span> <span class='ocrx_word' id='word_1_745' title='bbox 1392 1870 1509 1901; x_wconf 86' lang='lat' dir='ltr'><em>omnes</em></span> <span class='ocrx_word' id='word_1_746' title='bbox 1519 1865 1825 1908; x_wconf 86' lang='lat' dir='ltr'><em>Comprovinciales</em></span> <span class='ocrx_word' id='word_1_747' title='bbox 1846 1865 1903 1899; x_wconf 90' lang='lat' dir='ltr'><em>ille</em></span> <span class='ocrx_word' id='word_1_748' title='bbox 1915 1865 2094 1910; x_wconf 68' lang='lat' dir='ltr'><em>dumtaxat¹</em></span> <span class='ocrx_word' id='word_1_749' title='bbox 2102 1875 2179 1908; x_wconf 82' lang='lat' dir='ltr'><em>ptae-</em></span> 
     </span>
    </p>
   </div>
   <div class='ocr_carea' id='block_1_12' title="bbox 1292 1914 2211 3643">
    <p class='ocr_par' dir='ltr' id='par_1_14' title="bbox 1292 1914 2211 3408">
     <span class='ocr_line' id='line_1_103' title="bbox 1292 1914 2176 1959; baseline -0.002 -9"><span class='ocrx_word' id='word_1_750' title='bbox 1292 1915 1429 1955; x_wconf 81' lang='lat' dir='ltr'><em>cedebat</em></span> <span class='ocrx_word' id='word_1_751' title='bbox 1441 1940 1451 1956; x_wconf 91' lang='lat'><em>,</em></span> <span class='ocrx_word' id='word_1_752' title='bbox 1474 1915 1530 1950; x_wconf 84' lang='lat' dir='ltr'><em>sed</em></span> <span class='ocrx_word' id='word_1_753' title='bbox 1540 1916 1574 1950; x_wconf 90' lang='lat'>&amp;</span> <span class='ocrx_word' id='word_1_754' title='bbox 1584 1915 1649 1949; x_wconf 87' lang='lat' dir='ltr'><em>illis</em></span> <span class='ocrx_word' id='word_1_755' title='bbox 1658 1915 1750 1952; x_wconf 88' lang='lat' dir='ltr'><em>simul</em></span> <span class='ocrx_word' id='word_1_756' title='bbox 1764 1926 1841 1952; x_wconf 85' lang='lat' dir='ltr'><em>cum</em></span> <span class='ocrx_word' id='word_1_757' title='bbox 1850 1914 2067 1959; x_wconf 71' lang='lat' dir='ltr'><em>Metropolim</em></span> <span class='ocrx_word' id='word_1_758' title='bbox 2078 1914 2176 1958; x_wconf 75' lang='lat' dir='ltr'><em>praefi-</em></span> 
     </span>
     <span class='ocr_line' id='line_1_104' title="bbox 1293 1961 2179 2010; baseline -0.002 -9"><span class='ocrx_word' id='word_1_759' title='bbox 1293 1966 1400 2001; x_wconf 82' lang='lat' dir='ltr'><em>debat.</em></span> <span class='ocrx_word' id='word_1_760' title='bbox 1429 1964 1487 2000; x_wconf 89' lang='lat' dir='ltr'><em>Est</em></span> <span class='ocrx_word' id='word_1_761' title='bbox 1498 1961 1643 2010; x_wconf 72' lang='lat' dir='ltr'><em>dignitas</em></span> <span class='ocrx_word' id='word_1_762' title='bbox 1654 1965 1720 1999; x_wconf 77' lang='lat' dir='ltr'><em>sine</em></span> <span class='ocrx_word' id='word_1_763' title='bbox 1739 1964 1900 2009; x_wconf 88' lang='lat' dir='ltr'><em>exemplo.</em></span> <span class='ocrx_word' id='word_1_764' title='bbox 1929 1965 2111 2010; x_wconf 86' lang='lat' dir='ltr'><em>Singularis</em></span> <span class='ocrx_word' id='word_1_765' title='bbox 2128 1975 2179 1999; x_wconf 89' lang='lat' dir='ltr'><em>re-</em></span> 
     </span>
     <span class='ocr_line' id='line_1_105' title="bbox 1294 2013 2176 2063; baseline -0.003 -12"><span class='ocrx_word' id='word_1_766' title='bbox 1294 2016 1435 2051; x_wconf 88' lang='lat' dir='ltr'><em>verentia</em></span> <span class='ocrx_word' id='word_1_767' title='bbox 1447 2016 1560 2050; x_wconf 68' lang='lat' dir='ltr'><em>san&amp;ae</em></span> <span class='ocrx_word' id='word_1_768' title='bbox 1572 2015 1734 2050; x_wconf 87' lang='lat' dir='ltr'><em>Civitatis.</em></span> <span class='ocrx_word' id='word_1_769' title='bbox 1762 2015 1893 2063; x_wconf 80' lang='lat' dir='ltr'><em>Qiarto</em></span> <span class='ocrx_word' id='word_1_770' title='bbox 1905 2014 2074 2055; x_wconf 85' lang='lat' dir='ltr'><em>discimus,</em></span> <span class='ocrx_word' id='word_1_771' title='bbox 2084 2013 2176 2060; x_wconf 84' lang='lat' dir='ltr'><em>quod</em></span> 
     </span>
     <span class='ocr_line' id='line_1_106' title="bbox 1294 2064 2178 2111; baseline -0.003 -9"><span class='ocrx_word' id='word_1_772' title='bbox 1294 2067 1394 2102; x_wconf 88' lang='lat' dir='ltr'><em>etiam</em></span> <span class='ocrx_word' id='word_1_773' title='bbox 1406 2065 1632 2111; x_wconf 87' lang='lat' dir='ltr'><em>Lugdunensis</em></span> <span class='ocrx_word' id='word_1_774' title='bbox 1641 2077 1679 2099; x_wconf 85' lang='lat' dir='ltr'><em>ac</em></span> <span class='ocrx_word' id='word_1_775' title='bbox 1691 2064 1866 2100; x_wconf 85' lang='lat' dir='ltr'><em>Corinthia</em></span> <span class='ocrx_word' id='word_1_776' title='bbox 1891 2065 2040 2100; x_wconf 78' lang='lat' dir='ltr'><em>Ecclefiae</em></span> <span class='ocrx_word' id='word_1_777' title='bbox 2052 2065 2178 2108; x_wconf 85' lang='lat' dir='ltr'><em>semper</em></span> 
     </span>
     <span class='ocr_line' id='line_1_107' title="bbox 1295 2114 2177 2164; baseline -0.003 -12"><span class='ocrx_word' id='word_1_778' title='bbox 1295 2118 1415 2152; x_wconf 83' lang='lat' dir='ltr'><em>fuerint</em></span> <span class='ocrx_word' id='word_1_779' title='bbox 1439 2115 1708 2164; x_wconf 80' lang='lat' dir='ltr'><em>Metropolitanae</em></span> <span class='ocrx_word' id='word_1_780' title='bbox 1719 2140 1729 2158; x_wconf 82' lang='lat'><em>,</em></span> <span class='ocrx_word' id='word_1_781' title='bbox 1755 2127 1793 2154; x_wconf 89' lang='lat' dir='ltr'><em>ac</em></span> <span class='ocrx_word' id='word_1_782' title='bbox 1814 2114 1986 2153; x_wconf 87' lang='lat' dir='ltr'><em>habuerint</em></span> <span class='ocrx_word' id='word_1_783' title='bbox 2013 2114 2177 2159; x_wconf 84' lang='lat' dir='ltr'><em>propriam</em></span> 
     </span>
     <span class='ocr_line' id='line_1_108' title="bbox 1296 2166 2177 2214; baseline -0.005 -12"><span class='ocrx_word' id='word_1_784' title='bbox 1296 2167 1513 2202; x_wconf 88' lang='lat' dir='ltr'><em>Provinciam.</em></span> <span class='ocrx_word' id='word_1_785' title='bbox 1551 2167 1684 2214; x_wconf 81' lang='lat' dir='ltr'><em>Qinto</em></span> <span class='ocrx_word' id='word_1_786' title='bbox 1696 2166 1852 2200; x_wconf 86' lang='lat' dir='ltr'><em>discimus</em></span> <span class='ocrx_word' id='word_1_787' title='bbox 1862 2166 1951 2209; x_wconf 86' lang='lat' dir='ltr'><em>quod</em></span> <span class='ocrx_word' id='word_1_788' title='bbox 1964 2166 2108 2209; x_wconf 82' lang='lat' dir='ltr'><em>superius</em></span> <span class='ocrx_word' id='word_1_789' title='bbox 2120 2174 2177 2207; x_wconf 89' lang='lat' dir='ltr'><em>per</em></span> 
     </span>
     <span class='ocr_line' id='line_1_109' title="bbox 1296 2214 2173 2266; baseline -0.005 -15"><span class='ocrx_word' id='word_1_790' title='bbox 1296 2218 1324 2251; x_wconf 88' lang='lat' dir='ltr'><em>S.</em></span> <span class='ocrx_word' id='word_1_791' title='bbox 1338 2216 1564 2266; x_wconf 79' lang='lat' dir='ltr'><em>Augustinum</em></span> <span class='ocrx_word' id='word_1_792' title='bbox 1578 2215 1707 2250; x_wconf 83' lang='lat' dir='ltr'><em>laudata</em></span> <span class='ocrx_word' id='word_1_793' title='bbox 1718 2240 1729 2256; x_wconf 92' lang='lat'><em>,</em></span> <span class='ocrx_word' id='word_1_794' title='bbox 1746 2216 1831 2250; x_wconf 86' lang='lat' dir='ltr'><em>circa</em></span> <span class='ocrx_word' id='word_1_795' title='bbox 1843 2215 2058 2250; x_wconf 88' lang='lat' dir='ltr'><em>universalem</em></span> <span class='ocrx_word' id='word_1_796' title='bbox 2069 2214 2173 2249; x_wconf 87' lang='lat' dir='ltr'><em>totius</em></span> 
     </span>
     <span class='ocr_line' id='line_1_110' title="bbox 1298 2264 2178 2312; baseline -0.005 -11"><span class='ocrx_word' id='word_1_797' title='bbox 1298 2267 1448 2302; x_wconf 82' lang='lat' dir='ltr'><em>Ecclefiae</em></span> <span class='ocrx_word' id='word_1_798' title='bbox 1463 2266 1679 2312; x_wconf 85' lang='lat' dir='ltr'><em>Disciplinam</em></span> <span class='ocrx_word' id='word_1_799' title='bbox 1704 2276 1810 2301; x_wconf 84' lang='lat' dir='ltr'><em>motas</em></span> <span class='ocrx_word' id='word_1_800' title='bbox 1829 2265 2019 2310; x_wconf 64' lang='lat' dir='ltr'><em>quaestiones</em></span> <span class='ocrx_word' id='word_1_801' title='bbox 2039 2266 2076 2298; x_wconf 82' lang='lat' dir='ltr'><em>in</em></span> <span class='ocrx_word' id='word_1_802' title='bbox 2096 2264 2178 2298; x_wconf 87' lang='lat' dir='ltr'><em>Pro-</em></span> 
     </span>
     <span class='ocr_line' id='line_1_111' title="bbox 1298 2312 2174 2362; baseline -0.003 -11"><span class='ocrx_word' id='word_1_803' title='bbox 1298 2318 1479 2351; x_wconf 83' lang='lat' dir='ltr'><em>vinciarum</em></span> <span class='ocrx_word' id='word_1_804' title='bbox 1489 2316 1632 2359; x_wconf 88' lang='lat' dir='ltr'><em>Synodis</em></span> <span class='ocrx_word' id='word_1_805' title='bbox 1653 2317 1781 2362; x_wconf 88' lang='lat' dir='ltr'><em>agitans</em></span> <span class='ocrx_word' id='word_1_806' title='bbox 1792 2340 1802 2356; x_wconf 92' lang='lat'><em>,</em></span> <span class='ocrx_word' id='word_1_807' title='bbox 1827 2316 1861 2349; x_wconf 73' lang='grc' dir='ltr'><em>ὃ(</em></span> <span class='ocrx_word' id='word_1_808' title='bbox 1880 2316 1923 2349; x_wconf 89' lang='lat' dir='ltr'><em>fic</em></span> <span class='ocrx_word' id='word_1_809' title='bbox 1933 2325 2109 2359; x_wconf 83' lang='lat' dir='ltr'><em>praeparans</em></span> <span class='ocrx_word' id='word_1_810' title='bbox 2131 2312 2174 2348; x_wconf 84' lang='lat' dir='ltr'><em>ad</em></span> 
     </span>
     <span class='ocr_line' id='line_1_112' title="bbox 1297 2363 2176 2409; baseline -0.006 -7"><span class='ocrx_word' id='word_1_811' title='bbox 1297 2365 1493 2404; x_wconf 80' lang='lat' dir='ltr'><em>oecumenici</em></span> <span class='ocrx_word' id='word_1_812' title='bbox 1514 2366 1663 2401; x_wconf 88' lang='lat' dir='ltr'><em>Concilii</em></span> <span class='ocrx_word' id='word_1_813' title='bbox 1684 2365 1849 2409; x_wconf 76' lang='lat' dir='ltr'><em>Iudicium</em></span> <span class='ocrx_word' id='word_1_814' title='bbox 1859 2389 1870 2405; x_wconf 91' lang='lat'><em>,</em></span> <span class='ocrx_word' id='word_1_815' title='bbox 1898 2364 2115 2399; x_wconf 86' lang='lat' dir='ltr'><em>Consuetudo</em></span> <span class='ocrx_word' id='word_1_816' title='bbox 2136 2363 2176 2397; x_wconf 82' lang='lat' dir='ltr'><em>fit</em></span> 
     </span>
     <span class='ocr_line' id='line_1_113' title="bbox 1297 2411 2179 2460; baseline -0.006 -9"><span class='ocrx_word' id='word_1_817' title='bbox 1297 2415 1437 2451; x_wconf 77' lang='lat' dir='ltr'><em>omnino</em></span> <span class='ocrx_word' id='word_1_818' title='bbox 1457 2414 1683 2460; x_wconf 84' lang='lat' dir='ltr'><em>antiquissima.</em></span> <span class='ocrx_word' id='word_1_819' title='bbox 1721 2415 1888 2450; x_wconf 80' lang='lat' dir='ltr'><em>Palestinae</em></span> <span class='ocrx_word' id='word_1_820' title='bbox 1910 2414 2039 2459; x_wconf 89' lang='lat' dir='ltr'><em>Synodi</em></span> <span class='ocrx_word' id='word_1_821' title='bbox 2050 2438 2061 2454; x_wconf 96' lang='lat'><em>,</em></span> <span class='ocrx_word' id='word_1_822' title='bbox 2087 2411 2179 2457; x_wconf 80' lang='lat' dir='ltr'><em>quod</em></span> 
     </span>
     <span class='ocr_line' id='line_1_114' title="bbox 1299 2462 2181 2510; baseline -0.006 -9"><span class='ocrx_word' id='word_1_823' title='bbox 1299 2466 1432 2501; x_wconf 89' lang='lat' dir='ltr'><em>Eusebii</em></span> <span class='ocrx_word' id='word_1_824' title='bbox 1441 2476 1587 2510; x_wconf 89' lang='lat' dir='ltr'><em>tempore</em></span> <span class='ocrx_word' id='word_1_825' title='bbox 1596 2464 1702 2500; x_wconf 88' lang='lat' dir='ltr'><em>adhuc</em></span> <span class='ocrx_word' id='word_1_826' title='bbox 1710 2465 1843 2500; x_wconf 89' lang='lat' dir='ltr'><em>extabat</em></span> <span class='ocrx_word' id='word_1_827' title='bbox 1855 2488 1865 2505; x_wconf 90' lang='lat'>‚</span> <span class='ocrx_word' id='word_1_828' title='bbox 1877 2465 2057 2499; x_wconf 87' lang='lat' dir='ltr'><em>Decretum</em></span> <span class='ocrx_word' id='word_1_829' title='bbox 2068 2462 2181 2497; x_wconf 88' lang='lat' dir='ltr'><em>dolea-</em></span> 
     </span>
     <span class='ocr_line' id='line_1_115' title="bbox 1299 2512 2175 2563; baseline -0.006 -12"><span class='ocrx_word' id='word_1_830' title='bbox 1299 2528 1370 2551; x_wconf 87' lang='lat' dir='ltr'><em>mus</em></span> <span class='ocrx_word' id='word_1_831' title='bbox 1382 2516 1515 2563; x_wconf 76' lang='lat' dir='ltr'><em>periisfe.</em></span> <span class='ocrx_word' id='word_1_832' title='bbox 1542 2516 1675 2550; x_wconf 85' lang='lat' dir='ltr'><em>Poterat</em></span> <span class='ocrx_word' id='word_1_833' title='bbox 1687 2527 1748 2550; x_wconf 90' lang='lat' dir='ltr'><em>nos</em></span> <span class='ocrx_word' id='word_1_834' title='bbox 1758 2515 1850 2558; x_wconf 83' lang='lat' dir='ltr'><em>plura</em></span> <span class='ocrx_word' id='word_1_835' title='bbox 1860 2514 1987 2549; x_wconf 89' lang='lat' dir='ltr'><em>docere.</em></span> <span class='ocrx_word' id='word_1_836' title='bbox 2015 2512 2115 2548; x_wconf 73' lang='lat' dir='ltr'><em>Sexto</em></span> <span class='ocrx_word' id='word_1_837' title='bbox 2124 2512 2175 2547; x_wconf 88' lang='lat' dir='ltr'><em>di·</em></span> 
     </span>
     <span class='ocr_line' id='line_1_116' title="bbox 1300 2562 2180 2610; baseline -0.006 -9"><span class='ocrx_word' id='word_1_838' title='bbox 1300 2568 1416 2602; x_wconf 88' lang='lat' dir='ltr'><em>scimus</em></span> <span class='ocrx_word' id='word_1_839' title='bbox 1424 2591 1435 2607; x_wconf 93' lang='lat'><em>,</em></span> <span class='ocrx_word' id='word_1_840' title='bbox 1446 2565 1536 2610; x_wconf 89' lang='lat' dir='ltr'><em>quod</em></span> <span class='ocrx_word' id='word_1_841' title='bbox 1548 2566 1857 2609; x_wconf 88' lang='lat' dir='ltr'><em>Hierosolymitana</em></span> <span class='ocrx_word' id='word_1_842' title='bbox 1868 2565 2011 2599; x_wconf 86' lang='lat' dir='ltr'><em>Ecclesia</em></span> <span class='ocrx_word' id='word_1_843' title='bbox 2022 2565 2117 2599; x_wconf 87' lang='lat' dir='ltr'><em>suum</em></span> <span class='ocrx_word' id='word_1_844' title='bbox 2128 2562 2180 2610; x_wconf 83' lang='lat' dir='ltr'><em>Ju-</em></span> 
     </span>
     <span class='ocr_line' id='line_1_117' title="bbox 1299 2613 2180 2658; baseline -0.005 -7"><span class='ocrx_word' id='word_1_845' title='bbox 1299 2616 1432 2651; x_wconf 86' lang='lat' dir='ltr'><em>daieum</em></span> <span class='ocrx_word' id='word_1_846' title='bbox 1442 2614 1611 2650; x_wconf 86' lang='lat' dir='ltr'><em>Paschatis</em></span> <span class='ocrx_word' id='word_1_847' title='bbox 1627 2626 1753 2650; x_wconf 89' lang='lat' dir='ltr'><em>morem</em></span> <span class='ocrx_word' id='word_1_848' title='bbox 1766 2627 1835 2649; x_wconf 87' lang='lat' dir='ltr'><em>non</em></span> <span class='ocrx_word' id='word_1_849' title='bbox 1845 2615 2014 2649; x_wconf 83' lang='lat' dir='ltr'><em>retinuerit</em></span> <span class='ocrx_word' id='word_1_850' title='bbox 2025 2615 2127 2658; x_wconf 61' lang='lat' dir='ltr'><em>usique</em></span> <span class='ocrx_word' id='word_1_851' title='bbox 2137 2613 2180 2650; x_wconf 74' lang='lat' dir='ltr'><em>ad</em></span> 
     </span>
     <span class='ocr_line' id='line_1_118' title="bbox 1300 2661 2180 2707; baseline -0.001 -7"><span class='ocrx_word' id='word_1_852' title='bbox 1300 2668 1333 2700; x_wconf 93' lang='lat' dir='ltr'>N</span> <span class='ocrx_word' id='word_1_853' title='bbox 1337 2667 1475 2700; x_wconf 79' lang='lat' dir='ltr'><em>icaenum</em></span> <span class='ocrx_word' id='word_1_854' title='bbox 1487 2665 1688 2700; x_wconf 84' lang='lat' dir='ltr'><em>Concilium.</em></span> <span class='ocrx_word' id='word_1_855' title='bbox 1716 2666 1804 2699; x_wconf 90' lang='lat' dir='ltr'><em>Eum</em></span> <span class='ocrx_word' id='word_1_856' title='bbox 1823 2664 1976 2707; x_wconf 89' lang='lat' dir='ltr'><em>deposuit</em></span> <span class='ocrx_word' id='word_1_857' title='bbox 1999 2664 2034 2698; x_wconf 89' lang='lat' dir='ltr'><em>in</em></span> <span class='ocrx_word' id='word_1_858' title='bbox 2046 2662 2108 2698; x_wconf 88' lang='lat' dir='ltr'><em>hac</em></span> <span class='ocrx_word' id='word_1_859' title='bbox 2119 2661 2180 2699; x_wconf 65' lang='lat' dir='ltr'><em>ista</em></span> 
     </span>
     <span class='ocr_line' id='line_1_119' title="bbox 1300 2710 2180 2759; baseline -0.005 -9"><span class='ocrx_word' id='word_1_860' title='bbox 1300 2718 1330 2751; x_wconf 89' lang='lat' dir='ltr'><em>S.</em></span> <span class='ocrx_word' id='word_1_861' title='bbox 1344 2713 1531 2759; x_wconf 86' lang='lat' dir='ltr'><em>Theophili</em></span> <span class='ocrx_word' id='word_1_862' title='bbox 1547 2726 1585 2748; x_wconf 91' lang='lat' dir='ltr'><em>ac</em></span> <span class='ocrx_word' id='word_1_863' title='bbox 1595 2715 1624 2748; x_wconf 93' lang='lat' dir='ltr'><em>S.</em></span> <span class='ocrx_word' id='word_1_864' title='bbox 1637 2714 1776 2749; x_wconf 85' lang='lat' dir='ltr'><em>Narcissi</em></span> <span class='ocrx_word' id='word_1_865' title='bbox 1787 2713 1935 2758; x_wconf 89' lang='lat' dir='ltr'><em>Synodo.</em></span> <span class='ocrx_word' id='word_1_866' title='bbox 1973 2715 2018 2748; x_wconf 87' lang='lat' dir='ltr'><em>Et</em></span> <span class='ocrx_word' id='word_1_867' title='bbox 2029 2711 2107 2747; x_wconf 87' lang='lat' dir='ltr'><em>hinc</em></span> <span class='ocrx_word' id='word_1_868' title='bbox 2116 2710 2180 2747; x_wconf 77' lang='lat' dir='ltr'><em>ori-</em></span> 
     </span>
     <span class='ocr_line' id='line_1_120' title="bbox 1300 2760 2177 2810; baseline -0.006 -11"><span class='ocrx_word' id='word_1_869' title='bbox 1300 2777 1353 2799; x_wconf 88' lang='lat' dir='ltr'><em>tur</em></span> <span class='ocrx_word' id='word_1_870' title='bbox 1362 2764 1493 2810; x_wconf 84' lang='lat' dir='ltr'><em>quaestio</em></span> <span class='ocrx_word' id='word_1_871' title='bbox 1505 2764 1677 2808; x_wconf 88' lang='lat' dir='ltr'><em>quomodo</em></span> <span class='ocrx_word' id='word_1_872' title='bbox 1689 2764 1750 2798; x_wconf 84' lang='lat' dir='ltr'><em>ista</em></span> <span class='ocrx_word' id='word_1_873' title='bbox 1761 2763 1899 2807; x_wconf 90' lang='lat' dir='ltr'><em>Synodo</em></span> <span class='ocrx_word' id='word_1_874' title='bbox 1910 2762 2011 2808; x_wconf 75' lang='lat' dir='ltr'><em>longe</em></span> <span class='ocrx_word' id='word_1_875' title='bbox 2026 2763 2136 2806; x_wconf 87' lang='lat' dir='ltr'><em>junior</em></span> <span class='ocrx_word' id='word_1_876' title='bbox 2145 2760 2177 2794; x_wconf 84' lang='lat' dir='ltr'><em>S.</em></span> 
     </span>
     <span class='ocr_line' id='line_1_121' title="bbox 1300 2810 2178 2858; baseline -0.003 -9"><span class='ocrx_word' id='word_1_877' title='bbox 1300 2815 1509 2849; x_wconf 84' lang='lat' dir='ltr'><em>Firmilianus</em></span> <span class='ocrx_word' id='word_1_878' title='bbox 1521 2815 1555 2847; x_wconf 89' lang='lat' dir='ltr'><em>in</em></span> <span class='ocrx_word' id='word_1_879' title='bbox 1567 2814 1693 2848; x_wconf 85' lang='lat' dir='ltr'><em>famosa</em></span> <span class='ocrx_word' id='word_1_880' title='bbox 1704 2813 1745 2848; x_wconf 91' lang='lat' dir='ltr'><em>ad</em></span> <span class='ocrx_word' id='word_1_881' title='bbox 1756 2814 1785 2847; x_wconf 93' lang='lat' dir='ltr'><em>S.</em></span> <span class='ocrx_word' id='word_1_882' title='bbox 1809 2813 2014 2858; x_wconf 79' lang='lat' dir='ltr'><em>cyprianum</em></span> <span class='ocrx_word' id='word_1_883' title='bbox 2033 2810 2178 2856; x_wconf 76' lang='lat' dir='ltr'><em>Epistola</em></span> 
     </span>
     <span class='ocr_line' id='line_1_122' title="bbox 1300 2860 2178 2899; baseline -0.007 0"><span class='ocrx_word' id='word_1_884' title='bbox 1300 2865 1485 2899; x_wconf 88' lang='lat' dir='ltr'><em>constanter</em></span> <span class='ocrx_word' id='word_1_885' title='bbox 1506 2876 1545 2898; x_wconf 87' lang='lat' dir='ltr'><em>ac</em></span> <span class='ocrx_word' id='word_1_886' title='bbox 1559 2862 1676 2898; x_wconf 73' lang='lat' dir='ltr'><em>diserte</em></span> <span class='ocrx_word' id='word_1_887' title='bbox 1695 2863 1782 2898; x_wconf 87' lang='lat' dir='ltr'><em>dicat</em></span> <span class='ocrx_word' id='word_1_888' title='bbox 1802 2863 1898 2899; x_wconf 86' lang='lat' dir='ltr'><em>istam</em></span> <span class='ocrx_word' id='word_1_889' title='bbox 1920 2863 2095 2899; x_wconf 86' lang='lat' dir='ltr'><em>Ecclesiam</em></span> <span class='ocrx_word' id='word_1_890' title='bbox 2118 2860 2178 2896; x_wconf 83' lang='lat' dir='ltr'><em>suo</em></span> 
     </span>
     <span class='ocr_line' id='line_1_123' title="bbox 1301 2909 2177 2961; baseline -0.007 -12"><span class='ocrx_word' id='word_1_891' title='bbox 1301 2914 1409 2950; x_wconf 89' lang='lat' dir='ltr'><em>adhuc</em></span> <span class='ocrx_word' id='word_1_892' title='bbox 1420 2924 1567 2958; x_wconf 86' lang='lat' dir='ltr'><em>tempore</em></span> <span class='ocrx_word' id='word_1_893' title='bbox 1579 2913 1754 2961; x_wconf 74' lang='lat' dir='ltr'><em>Judaizafl&#39;e</em></span> <span class='ocrx_word' id='word_1_894' title='bbox 1766 2915 1779 2947; x_wconf 66' lang='grc' dir='ltr'>ἒ</span> <span class='ocrx_word' id='word_1_895' title='bbox 1804 2914 1878 2948; x_wconf 92' lang='lat' dir='ltr'><em>Nec</em></span> <span class='ocrx_word' id='word_1_896' title='bbox 1898 2924 1974 2947; x_wconf 88' lang='lat' dir='ltr'><em>eum</em></span> <span class='ocrx_word' id='word_1_897' title='bbox 1986 2909 2177 2955; x_wconf 81' lang='lat' dir='ltr'><em>quibusdam</em></span> 
     </span>
     <span class='ocr_line' id='line_1_124' title="bbox 1300 2961 2179 3011; baseline -0.005 -12"><span class='ocrx_word' id='word_1_898' title='bbox 1300 2965 1415 3011; x_wconf 86' lang='lat' dir='ltr'><em>reponi</em></span> <span class='ocrx_word' id='word_1_899' title='bbox 1428 2965 1522 3008; x_wconf 86' lang='lat' dir='ltr'><em>poffit</em></span> <span class='ocrx_word' id='word_1_900' title='bbox 1530 2988 1542 3004; x_wconf 86' lang='lat'><em>,</em></span> <span class='ocrx_word' id='word_1_901' title='bbox 1566 2963 1656 3007; x_wconf 85' lang='lat' dir='ltr'><em>quod</em></span> <span class='ocrx_word' id='word_1_902' title='bbox 1677 2963 1830 3008; x_wconf 88' lang='lat' dir='ltr'><em>loquatur</em></span> <span class='ocrx_word' id='word_1_903' title='bbox 1852 2963 1895 2998; x_wconf 89' lang='lat' dir='ltr'><em>de</em></span> <span class='ocrx_word' id='word_1_904' title='bbox 1915 2961 2081 3006; x_wconf 86' lang='lat' dir='ltr'><em>primitivo</em></span> <span class='ocrx_word' id='word_1_905' title='bbox 2101 2968 2179 2995; x_wconf 88' lang='lat' dir='ltr'><em>ante</em></span> 
     </span>
     <span class='ocr_line' id='line_1_125' title="bbox 1302 3009 2211 3057; baseline -0.004 -8"><span class='ocrx_word' id='word_1_906' title='bbox 1302 3017 1392 3049; x_wconf 86' lang='lat' dir='ltr'><em>suam</em></span> <span class='ocrx_word' id='word_1_907' title='bbox 1413 3024 1540 3048; x_wconf 86' lang='lat' dir='ltr'><em>aetatem</em></span> <span class='ocrx_word' id='word_1_908' title='bbox 1561 3023 1716 3057; x_wconf 87' lang='lat' dir='ltr'><em>tempore.</em></span> <span class='ocrx_word' id='word_1_909' title='bbox 1753 3013 1868 3047; x_wconf 88' lang='lat' dir='ltr'><em>Palam</em></span> <span class='ocrx_word' id='word_1_910' title='bbox 1890 3012 2036 3056; x_wconf 85' lang='lat' dir='ltr'><em>loquitur</em></span> <span class='ocrx_word' id='word_1_911' title='bbox 2057 3009 2100 3044; x_wconf 92' lang='lat' dir='ltr'><em>de</em></span> <span class='ocrx_word' id='word_1_912' title='bbox 2117 3011 2178 3045; x_wconf 86' lang='lat' dir='ltr'><em>suo</em></span> <span class='ocrx_word' id='word_1_913' title='bbox 2209 3016 2211 3019; x_wconf 88' lang='grc'><strong>’</strong></span> 
     </span>
     <span class='ocr_line' id='line_1_126' title="bbox 1302 3060 2179 3108; baseline -0.007 -9"><span class='ocrx_word' id='word_1_914' title='bbox 1302 3075 1457 3108; x_wconf 90' lang='lat' dir='ltr'><em>tempore.</em></span> <span class='ocrx_word' id='word_1_915' title='bbox 1485 3064 1530 3097; x_wconf 95' lang='lat' dir='ltr'><em>Et</em></span> <span class='ocrx_word' id='word_1_916' title='bbox 1539 3063 1661 3098; x_wconf 85' lang='lat' dir='ltr'><em>exinde</em></span> <span class='ocrx_word' id='word_1_917' title='bbox 1671 3063 1842 3098; x_wconf 82' lang='lat' dir='ltr'><em>concludit</em></span> <span class='ocrx_word' id='word_1_918' title='bbox 1861 3062 2048 3096; x_wconf 86' lang='lat' dir='ltr'><em>Romanam</em></span> <span class='ocrx_word' id='word_1_919' title='bbox 2068 3060 2179 3094; x_wconf 89' lang='lat' dir='ltr'><em>Eccle-</em></span> 
     </span>
     <span class='ocr_line' id='line_1_127' title="bbox 1301 3109 2178 3159; baseline -0.003 -11"><span class='ocrx_word' id='word_1_920' title='bbox 1301 3116 1379 3150; x_wconf 86' lang='lat' dir='ltr'><em>siam</em></span> <span class='ocrx_word' id='word_1_921' title='bbox 1391 3125 1459 3148; x_wconf 92' lang='lat' dir='ltr'><em>non</em></span> <span class='ocrx_word' id='word_1_922' title='bbox 1471 3113 1643 3147; x_wconf 87' lang='lat' dir='ltr'><em>dumtaxat</em></span> <span class='ocrx_word' id='word_1_923' title='bbox 1654 3114 1741 3148; x_wconf 89' lang='lat' dir='ltr'><em>circa</em></span> <span class='ocrx_word' id='word_1_924' title='bbox 1753 3109 2065 3159; x_wconf 72' lang='lat' dir='ltr'><em>RebaPtismum‚sed</em></span> <span class='ocrx_word' id='word_1_925' title='bbox 2076 3110 2178 3145; x_wconf 85' lang='lat' dir='ltr'><em>etiam</em></span> 
     </span>
     <span class='ocr_line' id='line_1_128' title="bbox 1300 3160 2178 3204; baseline -0.008 -5"><span class='ocrx_word' id='word_1_926' title='bbox 1300 3166 1385 3199; x_wconf 74' lang='lat' dir='ltr'><em>eirca</em></span> <span class='ocrx_word' id='word_1_927' title='bbox 1396 3162 1588 3198; x_wconf 90' lang='lat' dir='ltr'><em>Paschalem</em></span> <span class='ocrx_word' id='word_1_928' title='bbox 1599 3162 1820 3198; x_wconf 85' lang='lat' dir='ltr'><em>Festivitatem</em></span> <span class='ocrx_word' id='word_1_929' title='bbox 1842 3161 1884 3195; x_wconf 80' lang='lat' dir='ltr'><em>ab</em></span> <span class='ocrx_word' id='word_1_930' title='bbox 1906 3160 2106 3204; x_wconf 77' lang='lat' dir='ltr'><em>Apostolicis</em></span> <span class='ocrx_word' id='word_1_931' title='bbox 2123 3160 2178 3197; x_wconf 83' lang='lat' dir='ltr'><em>In·</em></span> 
     </span>
     <span class='ocr_line' id='line_1_129' title="bbox 1300 3209 2178 3263; baseline -0.008 -13"><span class='ocrx_word' id='word_1_932' title='bbox 1300 3214 1420 3250; x_wconf 86' lang='lat' dir='ltr'><em>stitutis</em></span> <span class='ocrx_word' id='word_1_933' title='bbox 1431 3213 1566 3248; x_wconf 89' lang='lat' dir='ltr'><em>deviare.</em></span> <span class='ocrx_word' id='word_1_934' title='bbox 1594 3213 1705 3263; x_wconf 80' lang='lat' dir='ltr'><em>Qare</em></span> <span class='ocrx_word' id='word_1_935' title='bbox 1725 3211 1814 3246; x_wconf 89' lang='lat' dir='ltr'><em>aliud</em></span> <span class='ocrx_word' id='word_1_936' title='bbox 1832 3210 1940 3244; x_wconf 89' lang='lat' dir='ltr'><em>nescio</em></span> <span class='ocrx_word' id='word_1_937' title='bbox 1961 3210 2015 3245; x_wconf 86' lang='lat' dir='ltr'><em>res</em></span> <span class='ocrx_word' id='word_1_938' title='bbox 2011 3209 2154 3253; x_wconf 88' lang='lat' dir='ltr'><em>pondere</em></span> <span class='ocrx_word' id='word_1_939' title='bbox 2164 3233 2178 3250; x_wconf 87' lang='lat'><em>,</em></span> 
     </span>
     <span class='ocr_line' id='line_1_130' title="bbox 1301 3259 2178 3309; baseline -0.006 -10"><span class='ocrx_word' id='word_1_940' title='bbox 1301 3276 1400 3309; x_wconf 87' lang='lat' dir='ltr'><em>quam</em></span> <span class='ocrx_word' id='word_1_941' title='bbox 1411 3263 1500 3309; x_wconf 91' lang='lat' dir='ltr'><em>quod</em></span> <span class='ocrx_word' id='word_1_942' title='bbox 1512 3263 1818 3309; x_wconf 86' lang='lat' dir='ltr'><em>Hierosolymitana</em></span> <span class='ocrx_word' id='word_1_943' title='bbox 1826 3259 1965 3295; x_wconf 87' lang='lat' dir='ltr'><em>Ecclesia</em></span> <span class='ocrx_word' id='word_1_944' title='bbox 1978 3259 2064 3293; x_wconf 84' lang='lat' dir='ltr'><em>istud</em></span> <span class='ocrx_word' id='word_1_945' title='bbox 2077 3259 2178 3296; x_wconf 78' lang='lat' dir='ltr'><em>Caesa-</em></span> 
     </span>
     <span class='ocr_line' id='line_1_131' title="bbox 1300 3309 2179 3357; baseline -0.005 -8"><span class='ocrx_word' id='word_1_946' title='bbox 1300 3315 1418 3350; x_wconf 88' lang='lat' dir='ltr'><em>raeensis</em></span> <span class='ocrx_word' id='word_1_947' title='bbox 1430 3313 1558 3357; x_wconf 88' lang='lat' dir='ltr'><em>Synodi</em></span> <span class='ocrx_word' id='word_1_948' title='bbox 1570 3313 1749 3348; x_wconf 90' lang='lat' dir='ltr'><em>Decretum</em></span> <span class='ocrx_word' id='word_1_949' title='bbox 1758 3320 1815 3345; x_wconf 83' lang='lat' dir='ltr'><em>aut</em></span> <span class='ocrx_word' id='word_1_950' title='bbox 1825 3321 1994 3354; x_wconf 88' lang='lat' dir='ltr'><em>nunquam</em></span> <span class='ocrx_word' id='word_1_951' title='bbox 2001 3309 2179 3350; x_wconf 73' lang='lat' dir='ltr'><em>admiserit,</em></span> 
     </span>
     <span class='ocr_line' id='line_1_132' title="bbox 1300 3359 1892 3408; baseline -0.01 -9"><span class='ocrx_word' id='word_1_952' title='bbox 1300 3375 1355 3399; x_wconf 87' lang='lat' dir='ltr'><em>aut</em></span> <span class='ocrx_word' id='word_1_953' title='bbox 1372 3363 1583 3408; x_wconf 88' lang='lat' dir='ltr'><em>postmodum</em></span> <span class='ocrx_word' id='word_1_954' title='bbox 1595 3362 1636 3396; x_wconf 90' lang='lat' dir='ltr'><em>ab</em></span> <span class='ocrx_word' id='word_1_955' title='bbox 1647 3362 1717 3405; x_wconf 84' lang='lat' dir='ltr'><em>ipso</em></span> <span class='ocrx_word' id='word_1_956' title='bbox 1726 3359 1892 3395; x_wconf 76' lang='lat' dir='ltr'><em>recesserit.</em></span> 
     </span>
    </p>

    <p class='ocr_par' dir='ltr' id='par_1_15' title="bbox 1302 3408 2181 3606">
     <span class='ocr_line' id='line_1_133' title="bbox 1349 3408 2179 3453; baseline -0.005 -5"><span class='ocrx_word' id='word_1_957' title='bbox 1349 3416 1403 3448; x_wconf 85' lang='lat' dir='ltr'><em>Ex</em></span> <span class='ocrx_word' id='word_1_958' title='bbox 1424 3413 1567 3448; x_wconf 67' lang='lat' dir='ltr'><em>adductis</em></span> <span class='ocrx_word' id='word_1_959' title='bbox 1587 3411 1722 3445; x_wconf 88' lang='lat' dir='ltr'><em>Eusebii</em></span> <span class='ocrx_word' id='word_1_960' title='bbox 1744 3409 1849 3446; x_wconf 85' lang='lat' dir='ltr'><em>verbis</em></span> <span class='ocrx_word' id='word_1_961' title='bbox 1865 3408 2013 3453; x_wconf 74' lang='lat' dir='ltr'><em>Septimo</em></span> <span class='ocrx_word' id='word_1_962' title='bbox 2023 3409 2179 3446; x_wconf 79' lang='lat' dir='ltr'><em>discimus</em></span> 
     </span>
     <span class='ocr_line' id='line_1_134' title="bbox 1302 3458 2175 3503; baseline -0.002 -8"><span class='ocrx_word' id='word_1_963' title='bbox 1302 3465 1402 3497; x_wconf 85' lang='lat' dir='ltr'><em>varias</em></span> <span class='ocrx_word' id='word_1_964' title='bbox 1414 3463 1454 3498; x_wconf 91' lang='lat' dir='ltr'><em>de</em></span> <span class='ocrx_word' id='word_1_965' title='bbox 1467 3461 1527 3496; x_wconf 91' lang='lat' dir='ltr'><em>hac</em></span> <span class='ocrx_word' id='word_1_966' title='bbox 1540 3473 1573 3495; x_wconf 90' lang='lat' dir='ltr'><em>re</em></span> <span class='ocrx_word' id='word_1_967' title='bbox 1583 3459 1736 3503; x_wconf 83' lang='lat' dir='ltr'><em>Synodos</em></span> <span class='ocrx_word' id='word_1_968' title='bbox 1747 3483 1758 3499; x_wconf 91' lang='lat'><em>,</em></span> <span class='ocrx_word' id='word_1_969' title='bbox 1779 3471 1859 3503; x_wconf 90' lang='lat' dir='ltr'><em>quas</em></span> <span class='ocrx_word' id='word_1_970' title='bbox 1869 3470 1999 3503; x_wconf 86' lang='lat' dir='ltr'><em>oportet</em></span> <span class='ocrx_word' id='word_1_971' title='bbox 2009 3458 2175 3495; x_wconf 83' lang='lat' dir='ltr'><em>elucidari.</em></span> 
     </span>
     <span class='ocr_line' id='line_1_135' title="bbox 1304 3506 2181 3553; baseline -0.007 -7"><span class='ocrx_word' id='word_1_972' title='bbox 1304 3514 1412 3547; x_wconf 82' lang='lat' dir='ltr'><em>Prima</em></span> <span class='ocrx_word' id='word_1_973' title='bbox 1422 3513 1466 3547; x_wconf 89' lang='lat' dir='ltr'><em>est</em></span> <span class='ocrx_word' id='word_1_974' title='bbox 1477 3509 1641 3546; x_wconf 85' lang='lat' dir='ltr'><em>Palestina&#39;</em></span> <span class='ocrx_word' id='word_1_975' title='bbox 1649 3535 1660 3551; x_wconf 96' lang='lat'>‚</span> <span class='ocrx_word' id='word_1_976' title='bbox 1680 3510 1734 3544; x_wconf 89' lang='lat' dir='ltr'><em>cui</em></span> <span class='ocrx_word' id='word_1_977' title='bbox 1741 3509 1953 3553; x_wconf 87' lang='lat' dir='ltr'><em>praesederunt</em></span> <span class='ocrx_word' id='word_1_978' title='bbox 1964 3506 2181 3552; x_wconf 75' lang='lat' dir='ltr'><em>Theophilus</em></span> 
     </span>
     <span class='ocr_line' id='line_1_136' title="bbox 1303 3558 2175 3606; baseline -0.011 -8"><span class='ocrx_word' id='word_1_979' title='bbox 1303 3562 1510 3598; x_wconf 75' lang='lat' dir='ltr'><em>Caesaraeenfis</em></span> <span class='ocrx_word' id='word_1_980' title='bbox 1520 3559 1736 3606; x_wconf 82' lang='lat' dir='ltr'><em>Metropolita</em></span> <span class='ocrx_word' id='word_1_981' title='bbox 1746 3584 1758 3602; x_wconf 90' lang='lat'>‚</span> <span class='ocrx_word' id='word_1_982' title='bbox 1776 3559 1811 3595; x_wconf 73' lang='grc' dir='ltr'><em>ὅ(</em></span> <span class='ocrx_word' id='word_1_983' title='bbox 1822 3559 1986 3596; x_wconf 74' lang='lat' dir='ltr'><em>Narcissus</em></span> <span class='ocrx_word' id='word_1_984' title='bbox 1995 3558 2175 3603; x_wconf 83' lang='lat' dir='ltr'><em>Episcopus</em></span> 
     </span>
    </p>

    <p class='ocr_par' dir='ltr' id='par_1_16' title="bbox 2058 3605 2178 3643">
     <span class='ocr_line' id='line_1_137' title="bbox 2058 3605 2178 3643; baseline -0.025 0"><span class='ocrx_word' id='word_1_985' title='bbox 2058 3605 2178 3643; x_wconf 83' lang='lat' dir='ltr'><em>Hiero·</em></span> 
     </span>
    </p>
   </div>
  </div>
 </body>
</html>
