2346 3776
50 511 137 551 Epist.
161 521 207 549 57⁶

770 0 789 18 r.

549 125 862 182 SCHOLIIS,
886 140 968 179 ‚ET
990 141 1184 182 NOTIS
1206 138 1702 177 ILLUSTRATUM.

223 208 469 245 ordinationem
495 205 693 251 improbavit
729 203 1099 249 constantinopolitana

224 260 378 303 Synodus
395 284 407 300 ‚
435 259 470 293 ὃ(
489 266 590 302 quem
604 256 691 292 uarii
700 253 805 293 Graeci
818 254 930 289 Patres
941 255 1100 291 damnant

223 308 522 345 etiamdeHaeresi.
549 306 655 355 Qod
664 317 783 350 nempe
809 304 970 339 Romanae
992 306 1100 347 Eccle-

225 360 276 394 sm
300 358 435 394 decretis
452 382 464 399 ,
489 369 527 392 ac
554 356 714 400 loquendi
742 355 902 392 formulis„
915 355 1100 391 constanter

226 408 389 448 adhaerens
411 407 515 443 nollet
537 418 614 441 cum
634 407 706 440 aliis
727 405 847 444 Graecis
871 404 1043 440 admittere
1064 408 1099 440 in

224 461 321 496 Sacro
326 458 431 495 sanila
440 457 608 493 Trinitate
615 466 677 492 tres
688 453 853 499 Hypostafi’s
866 479 872 486 .
902 455 951 489 lta
960 454 1058 490 habes
1067 458 1100 490 in

222 509 340 548 litteris
352 508 463 545 Sancti
473 508 673 552 Hieronymi
698 505 739 541 ad
761 505 942 540 Damasum
964 505 1102 543 Pontifi-

220 570 296 595 cem
310 583 317 590 .
345 558 395 593 At
406 558 483 592 vero
495 558 605 592 omnis
616 557 735 592 Latina
749 554 892 592 Ecclesia
903 555 999 591 illum
1023 568 1100 591 con-

223 608 415 644 stantiffime
425 608 572 643 defendit
584 633 594 645 i
620 607 724 643 Lucet
735 616 776 639 ex
787 605 903 644 litteris
915 605 1102 649 Aquilejen·

226 653 266 695 fis
278 659 424 693 Concilii
435 684 446 699 ,
471 659 505 692 δε
515 657 708 701 exrplurium
722 656 949 693 Romanorum
966 654 1100 692 Pontifi-

224 721 302 745 cum
320 708 482 754 generosis
508 708 600 741 Astis
619 707 768 741 adversus
789 704 857 748 ejus
868 704 1099 742 Adversarium

223 761 438 796 Flavianum,
468 758 524 792 Ab
545 758 605 791 illo
629 757 762 791 Sanctus
785 754 1016 798 Hieronymus
1039 756 1100 789 fuit

224 810 395 845 ordinatus
414 809 450 844 in
471 806 723 850 Presbyterum,
748 805 783 839 ὃς
802 805 907 848 ipsum
927 804 1009 841 adeo
1022 817 1094 841 con·

227 860 348 894 stanter
357 857 505 896 defendit
515 881 526 897 ‚
551 866 588 895 ut
597 856 665 899 ejus
676 856 778 894 alium
789 855 1004 893 adversarium
1014 879 1025 894 ‚
1042 855 1097 898 qui

222 910 420 946 Flavianum
448 906 594 950 proxime
638 905 828 945 antecessit,
864 904 1041 944 Meletium
1062 904 1096 938 in

219 961 283 994 suo
304 957 478 992 Chronico
501 955 618 990 scribat
640 957 761 999 semper
787 955 880 993 fuisse
906 953 1069 993 Arianum
1090 979 1097 986 .

219 1009 331 1044 Sancti
356 1006 510 1051 Gregorii
537 1005 666 1045 Nisseni
694 1005 849 1048 Episcopi
881 1005 967 1045 sensa
994 1028 1006 1045 ,
1040 1004 1096 1049 qui

219 1059 317 1094 illum
340 1059 375 1092 in
394 1057 479 1091 dicta
501 1057 542 1091 ad
563 1055 970 1098 Constantinopolitanam
994 1055 1095 1098 Syno-

217 1109 302 1144 dum
327 1107 458 1147 funebri
484 1106 649 1150 Panegyri
674 1105 875 1148 comparavit
902 1104 1097 1149 Apostolis‚

218 1158 303 1194 adeo
315 1170 385 1194 non
396 1157 539 1194 curavit.
568 1156 611 1189 Et
622 1155 664 1191 de
685 1156 851 1196 Paulino,
874 1155 910 1191 ἀ
936 1155 977 1188 de
996 1153 1095 1193 Mele-

217 1210 289 1250 tio‚
313 1220 353 1243 ac
372 1207 473 1248 etiam
494 1206 537 1241 de
558 1205 718 1241 Flaviano
741 1204 988 1239 contrariiffima
1012 1202 1096 1248 apud

215 1259 354 1293 Graecos
376 1282 387 1298 ,
410 1258 447 1292 δε
463 1256 606 1295 Latinos
632 1255 745 1294 Patres
771 1253 928 1292 habemus
951 1254 1071 1299 Elegia
1088 1278 1096 1286 .

215 1308 327 1343 Porro
347 1308 483 1345 Sanetus
504 1306 646 1349 Joannes
670 1303 926 1348 Chrysostomus
947 1328 958 1344 ,
983 1304 1062 1339 licet
1080 1302 1098 1341 ὲ

216 1357 363 1394 Meletio
373 1356 543 1390 ordinatus
554 1355 588 1388 in
602 1354 794 1392 Diaconum
806 1378 818 1394 ,
830 1351 923 1389 hasce
933 1354 1007 1388 lites
1018 1355 1094 1398 spre·

217 1407 272 1442 vit
281 1432 292 1448 ‚
314 1406 437 1441 censuit
445 1405 624 1445 Paulinum
635 1405 697 1438 esse
706 1401 922 1437 Catholicum
935 1428 946 1443 ,
959 1403 1098 1448 ideoque

219 1454 609 1500 iniqueanathematizari
618 1479 626 1486 .
653 1453 759 1488 Lucet
769 1452 805 1492 id
814 1465 856 1487 ex
870 1452 958 1488 hisce
971 1452 1095 1489 verbis:

220 1510 277 1542 En
283 1505 384 1551 spec‘h
399 1511 482 1545 viros
495 1529 506 1546 ‚
530 1509 583 1547 qui
594 1502 797 1539 nihilomnino
817 1502 975 1549 sacrarum
1001 1507 1098 1537 Litte-

219 1559 328 1592 rar‘usn
342 1563 445 1596 tenent
463 1578 475 1596 ,
494 1553 679 1596 furibundos
689 1576 700 1593 ,
727 1564 854 1597 nugaces
866 1577 877 1593 ‚
887 1551 1077 1596 contentiofhs
1088 1577 1099 1594 ‚

222 1612 279 1651 qui
296 1617 390 1650 neque
404 1604 503 1649 sciunt
514 1616 583 1647 quae
599 1605 702 1637 dicunt
715 1627 726 1643 ‚
754 1615 846 1647 neque
857 1605 894 1637 de
904 1604 1011 1646 quibus'
1022 1604 1098 1645 affir-

222 1661 335 1700 mant,
357 1660 392 1694 in
401 1655 453 1693 boc
472 1666 529 1688 uno
540 1654 658 1688 tantum
669 1654 796 1687 audaces
807 1678 820 1694 ‚
844 1655 925 1697 quod
948 1657 1099 1697 Dogmata

218 1705 382 1750 statuunt,
407 1703 622 1742 &Anatbema
645 1704 800 1741 declarant
809 1715 866 1744 ea,
891 1715 960 1745 quae
969 1705 1100 1742 maxime*

222 1759 376 1800 ignorant.
401 1755 554 1794 Omnino
564 1753 633 1799 agit
644 1753 680 1787 in
689 1752 765 1790 illos
776 1778 786 1793 ,
799 1754 856 1795 qui
872 1754 971 1791 trium
981 1754 1103 1797 Hypo-

223 1806 353 1840 ssaseon
374 1805 409 1839 in
430 1804 582 1839 Domino
601 1803 677 1838 Deo
698 1803 947 1842 inficiationem
969 1803 1103 1837 damna-

218 1853 356 1891 ‘bantde
365 1854 485 1892 Haeresi
497 1879 508 1895 ,
528 1852 669 1896 ideoque
682 1852 717 1892 ἀ
728 1852 907 1887 Paulinum
919 1852 1103 1887 anathema-

224 1904 374 1941 tizabant
395 1929 404 1936 .
430 1903 500 1937 Cur
521 1903 596 1938 illos
617 1902 660 1937 de
682 1901 818 1936 audacia
830 1927 842 1944 ‚
868 1903 1104 1943 contentione,

224 1955 436 1999 nugacitate,
459 1952 669 1997 ignorantia,
695 1963 732 1989 ac
742 1953 851 1988 furore
870 1961 985 1993 notet,
1012 1952 1105 1987 elice-

222 2004 366 2048 :epoffis
384 2014 427 2040 mr
446 2002 577 2037 laudata
603 2001 805 2045 Hieronym‘i
817 2001 986 2045 Epistola:
1012 2007 1105 2036 Nunc

217 2056 281 2099 pro
306 2054 407 2093 dolor,
429 2051 492 2094 post
504 2056 664 2089 Naeaeiiam
689 2052 824 2092 Fidem,
844 2051 908 2094 post
930 2053 1106 2089 Alexandri-

223 2115 299 2138 num
328 2103 435 2144 janda
454 2107 575 2144 pariter
600 2102 763 2145 Occidente
779 2105 948 2137 Decretum
971 2127 982 2144 ‚
1016 2102 1112 2137 triu'm‘

223 2151 414 2195 &pollasbon
430 2151 470 2188 ab
482 2156 659 2187 Arianorum
677 2149 809 2195 Praesule
838 2154 873 2187 ὁ·
896 2151 1111 2195 Campenfibur

223 2203 375 2239 novellum
395 2204 484 2236 afme
499 2202 616 2236 homine
634 2206 768 2239 Romano
790 2227 803 2244 ,
829 2214 934 2240 nomen
955 2208 1084 2246 exigitur
1098 2228 1105 2235 .

226 2251 318 2287 lstud
343 2252 607 2295 Alexandrinum
633 2254 693 2290 suo
703 2252 781 2287 loco
805 2252 1040 2297 exponendum
1052 2252 1102 2286 de-

224 2311 354 2344 cretum
361 2327 374 2346 ‚
384 2302 440 2339 seu
448 2302 672 2339 Occidentalis
683 2326 694 2343 ,
719 2303 755 2341 dc
763 2303 947 2340 Orientalis
959 2302 1106 2340 Ecclesiae

225 2351 476 2387 Concordatum
487 2376 499 2393 ,
524 2353 583 2387 suo
593 2351 703 2388 adhuc
713 2362 860 2396 tempore
881 2354 986 2397 sperni
997 2353 1017 2387 a
1036 2353 1107 2396 qui-

223 2401 362 2438 busdam
372 2403 507 2437 santius
516 2403 663 2446 Ioannes*
677 2414 755 2439 cum
763 2402 936 2438 stomacho
954 2402 1022 2437 indi
1026 2398 1111 2448 gna-'

226 2450 322 2485 batur
332 2476 339 2484 .
366 2452 512 2487 Proinde
522 2453 650 2490 videtur
669 2455 739 2488 non
750 2453 893 2499 quodvis
905 2477 916 2493 ,
932 2452 988 2488 sed
998 2453 1111 2486 solum

222 2499 384 2543 injustum
394 2511 450 2537 aut
460 2501 547 2537 certe
556 2502 766 2537 indiscretum
779 2504 814 2537 in
826 2502 966 2541 verosde
985 2501 1112 2548 Hateri,

225 2548 349 2585 temere
359 2577 362 2582 .
371 2559 503 2587 notatos
524 2551 640 2587 fideles*
654 2551 844 2590 Anathema
864 2552 1058 2597 improbasse
1071 2577 1090 2587 .>
1109 2572 1112 2594 ;

277 2597 339 2638 Ast
350 2599 442 2634 aliud
451 2600 595 2636 clamant
605 2601 672 2636 haec
693 2603 760 2647 ejus
772 2602 869 2638 verba
883 2617 894 2637 .·
921 2604 1085 2649 Paulinum
1094 2621 1113 2645 ,ς
1138 2603 1141 2615 ’

224 2650 280 2683 vel
295 2650 510 2692 Apollinarium
535 2651 710 2697 defignando
727 2678 734 2685 .
761 2653 850 2699 Quis
871 2653 962 2687 enim
982 2654 1112 2689 nesciat,

232 2698 479 2742 Apollinarium
490 2712 559 2741 non
571 2702 702 2736 tantum
713 2702 732 2736 a
753 2704 873 2738 Sancto
898 2701 1083 2738 Athanasio
1090 2716 1112 2744 ,4
1138 2706 1140 2709 ’

227 2748 302 2782 aliis
313 2748 404 2783 istius
412 2750 510 2793 seculi
524 2750 722 2792 Patribus,ac
730 2752 884 2790 Romana
894 2752 1102 2794 Ecclesia,sed

227 2798 330 2832 etiam
340 2798 359 2831 ὸ,
370 2798 740 2845 Constantinopolitano
752 2801 910 2839 Concilio
923 2804 1017 2838 fuisse
1037 2815 1111 2841 ma-.

223 2858 250 2893 g
258 2860 302 2883 no
311 2859 387 2882 cum
396 2850 547 2884 examine
565 2850 758 2887 damnatum
782 2854 798 2884 ἓ
823 2853 969 2888 Proinde
987 2850 1111 2895 Theo-f

224 2898 328 2932 dorus
335 2897 507 2933 Balsamon
517 2900 632 2935 Sanno
642 2903 761 2945 Joanni
771 2902 1011 2946 Chrysostomo
1021 2902 1112 2939 teste*

223 2948 384 2992 opposuit
397 2947 622 2993 Gangrensem
635 2975 646 2990 ‚
672 2952 706 2987 ὃς
717 2950 1024 2990 Chalcedonensem
1044 2955 1102 2997 Sy-

227 2996 354 3032 nodum
381 3022 388 3030 .
413 2999 551 3042 opponi
569 3000 687 3043 possint
707 3002 808 3036 etiam
831 3003 865 3038 N
869 3003 982 3044 icaena,
1011 3003 1098 3037 Con-

227 3047 566 3091 stantinopolitana,&
576 3048 644 3083 aliae
651 3050 836 3096 pluremum
845 3051 964 3087 Arium
974 3053 1007 3087 &
1017 3053 1100 3088 alios

224 3096 467 3134 vHaeresiarchas
479 3098 806 3136 Anathematizarunt
816 3126 824 3134 .
855 3102 900 3137 Et
923 3104 1007 3146 ipsas
1033 3114 1097 3149 pcr-

229 3150 325 3189 poeua
338 3147 486 3190 Ecclefiae
505 3149 709 3184 consuetudo
727 3150 912 3188 constanter
936 3153 1098 3197 sequitur.

226 3195 316 3243 Qis
325 3207 405 3243 ergo
416 3198 461 3232 est
473 3198 583 3232 sensus
593 3199 700 3234 Sancti
718 3200 876 3245 Joannis‚?
902 3202 1098 3245 Respondeo

226 3246 291 3279 esse
301 3246 482 3283 scabrosam
493 3249 706 3292 quaestionem
719 3262 726 3281 ε
753 3250 887 3287 Sanetus
898 3251 980 3296 Joan
986 3263 1042 3286 nes
1054 3253 1097 3286 vi-

229 3293 322 3328 detur
331 3296 373 3332 ab
384 3298 478 3331 omni
504 3298 594 3342 lapsu
614 3310 683 3333 non
711 3300 930 3335 excusandus:
960 3301 1098 3338 Videtur

229 3353 273 3376 ex
286 3354 374 3386 parte
381 3347 545 3391 amplexus
557 3348 761 3385 Tertulliani
772 3350 907 3394 Dogma
919 3351 951 3385 in
965 3350 1049 3387 libro
1059 3352 1098 3387 de

231 3391 396 3429 Pudicitia
413 3420 421 3428 ·
447 3397 676 3434 Tertullianus
693 3399 762 3434 illic
773 3399 907 3435 discutit
932 3401 1097 3445 antiquam

230 3441 380 3477 Ecclesiae
387 3447 668 3489 consuetudinem,
679 3460 751 3492 quae
761 3448 969 3491 Idololatriae,
981 3450 1099 3486 Homi-

227 3491 314 3528 cidii
322 3517 334 3535 ,
359 3494 394 3528 δε
402 3493 545 3532 Mechiae
551 3499 690 3542 peccatis
700 3499 949 3536 Sacramentalis
958 3502 1100 3536 reconci-
1120 3513 1125 3517 ·

1168 206 1316 244 liationis
1325 217 1435 250 pacem
1445 205 1602 250 negabat,
1626 207 1726 241 etiam
1734 208 1770 240 in
1789 211 1904 247 mortis
1913 212 2031 247 articu-

1164 256 1208 290 lo.
1235 255 1398 290 Adfirmat
1409 255 1501 293 illam
1513 267 1582 290 non
1591 255 1631 294 ad
1643 256 1861 300 Disciplinam
1873 262 2030 304 spestaffe,

1162 306 1218 346 sed
1228 306 1270 341 ad
1280 307 1427 352 Dogma:
1436 305 1809 351 ideoq-ueZephyrinum
1820 307 2031 350 Pontificem,

1137 392 1140 397 ,
1165 357 1221 398 qui
1242 354 1476 400 poenitentibus
1497 355 1627 393 Mechis
1650 368 1763 400 pacem
1784 356 1876 391 dedit
1896 381 1907 397 ,
1933 361 1967 393 ἃ
1989 360 2031 398 ab

1155 407 1258 445 'omni
1280 406 1445 450 Episcopo
1461 406 1605 440 dandam
1625 405 1711 449 juffit
1721 431 1733 447 ,
1758 407 1852 441 fuiffe
1863 419 1931 441 non
1944 408 2034 451 Apo-

1165 456 1316 490 stolicum
1342 455 1536 500 Evangelici
1561 456 1697 500 depositi
1725 456 1906 493 Custodem
1928 471 1943 497 ·,
1979 457 2033 491 sed

1166 505 1397 549 Apostolicum
1421 506 1654 550 Diffipatorem
1681 532 1690 545 ,.
1729 507 1853 545 Verum
1883 505 2035 541 obstabat

1144 582 1146 584 v
1165 555 1363 592 incestuosus
1375 555 1679 600 Corinthius,quem
1691 557 1780 600 prius
1794 555 1933 592 sathana
1939 556 2035 592 tradi·

1165 616 1256 647 tum,
1282 607 1336 643 seu
1347 604 1678 647 anathematizatum,
1705 607 1879 650 postmodo
1891 606 2034 651 Aposto—

1163 657 1213 689 lus
1238 656 1403 699 recepit-in
1426 656 1566 700 gratiam
1578 680 1588 696 ,
1614 657 1648 690 &
1659 667 1715 705 per
1726 655 1882 692 Corinthi
1901 657 2037 702 Episco-

1164 718 1239 749 pum
1263 706 1349 750 juffit
1383 706 1655 744 sacramentaliter
1678 707 1886 744 reconciliari
1905 732 1915 744 ,.
1952 705 2034 741 Ter·

1138 773 1139 776 ¹
1162 756 1318 795 tullianus
1330 754 1384 795 hic
1396 755 1507 796 haefit,
1527 756 1623 790 vertit
1649 757 1682 790 se
1706 756 1741 789 in
1752 757 1972 798 omnelatus‚
1998 757 2034 797 ὃς

1161 817 1254 850 urget
1266 806 1420 850 Apostoli
1434 805 1549 840 verba:
1575 807 1770 849 ‚Egoquidem
1779 805 1885 849 absens
1895 815 2029 848 corpore,
2052 813 2167 853 Epist,1‚

1156 856 1291 900 praesens
1300 866 1403 894 autem
1416 854 1530 902 spiritu
1541 880 1552 895 ,
1571 858 1642 897 jam
1659 857 1804 898 judicavi
1829 865 1864 890 ut
1877 854 2033 899 praesens,
2051 864 2113 898 <2³1³-
2123 860 2150 891 5·

1159 918 1223 940 eum
1235 930 1245 946 ,
1273 912 1324 948 qui
1328 905 1368 947 fic
1389 914 1527 948 operatus
1538 906 1598 946 est,
1624 910 1660 938 In
1680 910 1811 945 Nomine
1830 910 1950 940 Domini
1971 910 2035 943 No-

1152 956 1208 997 stri
1221 954 1304 1000 Jesu
1324 954 1433 999 Christi
1455 981 1466 996 ‚
1491 962 1673 1000 congregatis
1695 956 1781 990 vobis
1812 957 1848 990 ὁ*
1868 964 1931 989 meo
1946 954 2036 1000 spiri·

1158 1015 1192 1039 tu
1210 1030 1221 1047 ‚
1250 1016 1313 1039 cum
1334 1011 1448 1042 virtute
1475 1008 1596 1039 Domini
1621 1005 1708 1045 nostri
1732 1004 1821 1051 Jesic
1841 1005 1951 1047 christi
1975 1016 2038 1040 tra·

1158 1057 1226 1089 dere
1247 1053 1425 1101 hujusmodss
1432 1055 1579 1089 sarbanae
1598 1061 1632 1088 in
1652 1061 1807 1089 interitum
1828 1060 1940 1089 Carnis
1966 1080 1977 1096 ,
2002 1066 2037 1089 ut

1156 1108 1287 1147 spiritus
1294 1103 1403 1147 salvus
1420 1103 1460 1147 fit
1487 1111 1520 1141 in
1533 1106 1582 1137 die
1603 1108 1725 1139 Domini
1745 1105 1834 1146 nostri
1847 1108 1880 1151 J
1882 1104 1931 1149 esu
1950 1105 2038 1138 Chri-

1151 1155 1191 1196 sti
1201 1180 1210 1194 ‚
1238 1153 1389 1191 Adducit
1398 1152 1650 1193 Catholicorum
1662 1152 1900 1198 Episcoporum
1911 1156 1951 1188 de
1964 1156 2036 1198 ipsis

1159 1205 1303 1245 sensum:
1330 1207 1389 1243 Hic
1390 1206 1462 1245 jam
1479 1209 1581 1244 carnis
1607 1210 1761 1241 interitum
1770 1210 1805 1243 ‚in
1811 1205 1935 1247 officium
1941 1211 2036 1247 poenn
2053 1200 2129 1237 Capi
2141 1205 2191 1234 13·

1158 1261 1261 1289 rentiae
1278 1260 1517 1296 interpretantur
1528 1279 1539 1296 ,
1564 1256 1644 1297 quod
1661 1256 1803 1291 videatur
1816 1257 1948 1296 jejuniis
1962 1280 1973 1296 ,
2000 1256 2035 1289 ὁ·

1153 1304 1314 1349 sordibus,
1340 1306 1498 1339 &incuria
1507 1311 1585 1338 omni
1611 1329 1621 1345 ,
1647 1306 1682 1339 ὠ·
1705 1306 1811 1339 dedita
1835 1314 1924 1348 opera
1945 1305 2036 1339 mala

1158 1355 1346 1388 intrationis
1358 1379 1369 1395 ,
1393 1366 1512 1388 carnem
1523 1356 1750 1393 exterminando
1754 1354 1781 1398 s
1774 1362 1834 1388 atis
1846 1359 1907 1390 Deo
1909 1355 2015 1397 facere
2025 1380 2036 1396 ‚

1157 1415 1192 1438 ut
1201 1417 1239 1438 ex
1250 1405 1301 1438 boc
1320 1414 1564 1448 argumententur
1586 1408 1614 1437 F
1617 1411 1806 1442 ornicatorem
1819 1417 1876 1438 non
1897 1412 1930 1439 in
1937 1407 2039 1447 perdi-

1159 1462 1267 1489 tionem
1276 1454 1422 1489 sathana
1431 1452 1471 1490 ab
1485 1454 1612 1499 Apostolo
1621 1456 1782 1494 traditum,
1788 1453 1847 1497 sed
1856 1461 1888 1487 in
1901 1456 2039 1489 emenda·

1159 1512 1288 1546 tionem,
1314 1503 1400 1547 quast
1408 1503 1508 1546 postea
1520 1510 1643 1541 veniam
1655 1504 1690 1537 ob
1716 1510 1873 1545 inperitum
1885 1530 1895 1545 ,
1922 1506 1958 1538 id
1979 1504 2040 1545 est,

1158 1555 1399 1597 conflic‘lationem
1410 1560 1512 1588 carnis
1523 1552 1739 1598 consecuturum
1752 1579 1763 1596 ‚
1789 1561 1883 1599 igitur
1904 1556 1938 1590 &¹
1948 1553 2041 1598 confit·

1159 1615 1275 1644 cutum.
1303 1605 1403 1639 Hanc
1416 1605 1723 1649 interpretationem
1736 1604 1915 1646 acerrime,
1937 1617 1975 1639 ac
1989 1617 2042 1639 va-

1161 1656 1205 1689 rie
1216 1655 1389 1699 impugnat
1402 1679 1412 1694 ,
1426 1655 1560 1689 tandem
1571 1655 1626 1689 dat
1638 1654 1737 1699 longe
1745 1656 1842 1689 aliam
1856 1680 1862 1688 .
1892 1655 2044 1690 Adducit

1164 1705 1229 1740 haec
1239 1704 1379 1748 ejusdem
1392 1704 1592 1748 Apostolicae
1603 1703 1756 1748 Epistolae
1775 1706 1892 1740 verba:
1919 1709 1966 1739 Et
1988 1718 2044 1739 vos

1161 1755 1260 1796 inflati
1270 1754 1335 1795 estis
1347 1769 1358 1789 :
1377 1756 1410 1794 (φ’
1421 1766 1479 1788 non
1490 1760 1588 1800 magis
1601 1755 1712 1792 luc‘lum
1723 1755 1865 1796 habuistis
1876 1765 1911 1789 ut
1923 1757 2044 1789 tollatur
2063 1772 2138 1809 Cap,
2155 1780 2166 1804 1
2173 1779 2200 1809 4,

1163 1807 1200 1839 de
1210 1806 1304 1839 medio
1314 1805 1442 1846 vestrum
1457 1829 1467 1845 ,
1493 1811 1546 1847 qui
1567 1804 1619 1838 hoc
1628 1813 1700 1847 opus
1702 1805 1796 1847 fecit:
1826 1807 1861 1840 &
1882 1807 2046 1850 prosequi·
2073 1804 2080 1807 ”

1164 1867 1216 1889 tur
1243 1868 1251 1891 ;
1278 1858 1338 1889 Pro
1357 1866 1413 1898 quo
1435 1856 1569 1898 lugerent
1591 1857 1608 1893 ‚?
1633 1860 1740 1899 Utique
1755 1864 1814 1897 pro
1836 1865 1965 1890 mortuo.
1995 1858 2046 1889 Ad

1165 1915 1249 1948 quem
1273 1906 1408 1948 lugerent
1423 1903 1440 1938 ?‘
1459 1909 1565 1946 Utique
1575 1906 1620 1936 ad
1638 1908 1815 1938 Dominum.
1844 1908 1998 1950 ,Quomodo
2007 1917 2042 1940 ut

1165 1954 1368 1996 auferaturde
1386 1955 1481 1989 medio
1491 1955 1628 1987 illorum?
1656 1959 1731 1987 Non
1759 1962 1883 1999 utique,
1909 1965 1944 1990 ut
1952 1966 2044 1991 extra

1166 2004 1323 2046 Ecclesiam
1335 2006 1423 2038 detur
1434 2029 1441 2035 .
1471 2009 1530 2038 Hoc
1539 2011 1617 2037 enim
1629 2016 1686 2037 non
1696 2007 1718 2042 a*
1730 2008 1791 2039 Deo
1812 2006 2009 2048 postularetur
2028 2033 2041 2049 ‚

1166 2056 1318 2097 quoderat
1340 2059 1372 2086 in
1386 2054 1575 2096 Praefidentis
1587 2056 1671 2096 officio
1683 2067 1695 2097 ς
1712 2053 1775 2098 fid
1791 2066 1826 2094 ut
1833 2064 1891 2098 per
1918 2067 2042 2091 mortem

1166 2105 1242 2138 hanc
1252 2115 1364 2147 quoque
1373 2115 1551 2137 communem
1571 2106 1605 2137 ὢ·
1619 2111 1776 2146 propriam
1801 2113 1904 2139 carnis
1930 2106 2043 2149 ipsius,

1157 2161 1234 2198 'quae
1248 2156 1319 2195 jam
1331 2156 1464 2188 cadaver
1476 2178 1487 2194 ,
1512 2166 1580 2197 quae
1599 2156 1740 2196 capulum
1759 2156 1825 2199 effet
1847 2159 2043 2190 immunditia

1165 2205 1383 2246 irrecuperabili
1395 2203 1562 2247 tabidosum
1580 2205 1702 2246 plenius
1713 2207 1751 2238 de
1775 2206 1903 2248 Ecclesia
1923 2207 2043 2241 deberet

1166 2254 1302 2296 auferri.
1330 2258 1377 2287 Et
1396 2257 1460 2287 ideo
1479 2256 1619 2297 quomodo
1645 2261 1766 2289 interim
1780 2263 1882 2298 potuit
1905 2257 2043 2299 auferri,

1158 2306 1315 2346 judicavit
1328 2306 1508 2339 'dedendum
1525 2304 1694 2348 huiusmodi
1715 2306 1860 2346 sathanae
1884 2313 1917 2340 in
1940 2313 2042 2341 interi-

1166 2364 1230 2389 tum
1239 2362 1341 2388 carnis
1356 2380 1366 2395 ,
1387 2357 1528 2389 Maledici
1542 2362 1621 2394 enim
1636 2368 1702 2389 eam
1717 2355 1925 2399 sequabantur
1936 2382 1946 2397 ,
1973 2369 2042 2400 quae

1166 2406 1278 2438 diabolo
1294 2406 1509 2447 projiciebatur
1531 2430 1541 2446 ,
1562 2415 1595 2441 ut
1611 2404 1798 2450 sacramento
1818 2408 2041 2441 Benedic‘lionis

1139 2495 1141 2499 ,
1164 2456 1406 2489 exaui‘loraretur
1418 2479 1429 2495 ‚
1453 2466 1606 2500 nunquam
1615 2461 1648 2494 in
1670 2456 1777 2502 Castra
1795 2456 1929 2500 Ecclefiae
1940 2469 2042 2491 rever-

1138 2503 1141 2549 1
1159 2504 1235 2548 sura
1247 2530 1255 2537 .
1281 2506 1601 2542 Hanc-traditionem
1613 2507 1753 2541 facturus
1764 2507 1945 2550 Apostolus
1965 2518 2046 2542 con..

1138 2554 1388 2600 ·-gregarijuffit
1408 2566 1542 2593 omnem
1566 2555 1750 2595 Corinthiae
1767 2557 1915 2594 Ecclesiae
1935 2559 2044 2601 Syno-

1163 2605 1268 2646 dum,
1293 2606 1324 2639 ei
1347 2606 1440 2643 suum
1464 2606 1622 2649 Spiritum
1639 2607 1718 2644 fecit
1736 2606 1919 2651 praefflere,
1946 2608 2042 2642 invo-

1138 2676 1140 2682 ·
1160 2656 1249 2690 eavit
1270 2656 1421 2690 virtutem
1444 2655 1622 2693 Dominici
1634 2657 1781 2694 nominis
1792 2669 1846 2700 per
1874 2656 1971 2691 verba
1992 2658 2041 2691 so·

1158 2705 1431 2740 -1emnia.'Hanc
1457 2705 1634 2742 terribilem
1648 2730 1659 2749 ‚
1684 2706 1880 2745 &feriendae
1904 2717 2039 2741 excom-

1163 2755 1382 2793 municationi
1403 2756 1591 2790 nullatenus
1611 2757 1819 2791 necessariam
1846 2756 2038 2791 Paraturam

1163 2805 1391 2843 Tertullianus
1403 2815 1514 2850 urget,
1540 2806 1573 2839 ὅ(
1583 2817 1624 2840 ex
1633 2806 1697 2849 ipsa
1706 2805 1875 2840 concludit
1888 2806 1957 2840 illic
1967 2818 2038 2842 non

1162 2856 1338 2899 simplicem
1350 2857 1517 2893 censuram
1534 2856 1626 2893 fuisse
1654 2855 1860 2891 fulminatam
1886 2856 1928 2892 ab
1946 2854 2039 2900 Apo·

1162 2905 1266 2947 stolo,
1294 2905 1347 2942 sed
1374 2903 1710 2942 anathematizantem
1726 2905 2004 2942 'Malediistionem
2022 2924 2035 2947 ⁵

1161 2967 1231 2999 quae
1256 2954 1426 2989 hominem
1454 2955 1595 2992 omnino
1614 2954 1680 2989 Dei
1696 2954 1941 2992 Bene-dictione
1966 2957 2038 2999 spo-

1162 3005 1218 3039 liet
1240 3028 1251 3046 ‚
1278 3005 1313 3039 &
1334 3015 1503 3046 nunquam
1524 3005 1690 3048 permittat
1712 3003 1842 3050 ‘regredi
1867 3006 1904 3039 in
1925 3005 2039 3040 Eccle-

1161 3055 1234 3089 siam
1251 3067 1258 3090 ς
1273 3054 1352 3101 quin
1365 3055 1400 3090 &
1408 3065 1478 3098 quae
1488 3053 1659 3089 hominem
1667 3051 1840 3099 temporali
1854 3066 1959 3092 morte
1969 3066 2038 3100 per-

1161 3105 1263 3138 cutiat
1276 3128 1288 3146 ‚
1313 3115 1410 3149 atque
1421 3105 1465 3140 ita
1478 3104 1520 3138 de
1533 3104 1674 3138 Ecclesia
1699 3105 1847 3143 ablatum
1860 3106 2037 3150 praecipitet

1162 3155 1194 3187 in
1207 3154 1392 3194 infernum,
1419 3154 1586 3188 utiSansti
1608 3153 1703 3188 Petri*
1716 3153 1877 3206 ‘Apostoli
1897 3154 2038 3189 Maledi-

1160 3204 1224 3238 stio
1245 3203 1393 3246 percuffit
1406 3204 1573 3239 Ananiam
1595 3205 1630 3240 δε
1652 3203 1839 3248 Saphiram.
1868 3205 1913 3240 Et
1935 3206 2035 3240 talem

1162 3253 1423 3290 maledictionem
1450 3253 1677 3290 Tertullianus
1699 3254 1824 3292 censuit
1850 3266 1920 3289 non
1947 3256 2035 3299 posse

1162 3303 1240 3337 solvi
1253 3314 1308 3348 per
1320 3303 1512 3344 Ecclesiam,
1542 3303 1684 3348 ideoque
1697 3304 1885 3340 infecunda
1898 3305 2035 3349 epistola

1163 3353 1301 3388 solutum
1312 3352 1355 3388 ab
1366 3352 1528 3396 Apostolo
1539 3353 1854 3394 Corinthiumfuisse
1866 3355 1968 3390 alium
1993 3353 2037 3395 ab

1162 3402 1223 3439 hoc
1235 3402 1435 3440 incestuoso.
1695 3414 1699 3432 ’-
1719 3413 1721 3416 ’
1752 3426 1756 3431 ·
1777 3415 1780 3432 ι
1800 3421 1818 3432 ·-

1209 3452 1456 3488 Tertullianum
1466 3453 1501 3487 in
1513 3454 1715 3498 exponendos
1721 3454 1876 3500 Apostoli
1890 3454 2034 3489 testimo-

1162 3503 1219 3538 nio
1230 3503 1332 3538 secuti
1350 3502 1424 3540 sunt
1434 3502 1692 3542 Navatianenses
1699 3529 1713 3550 ,
1738 3513 1854 3552 utpote
1865 3506 2033 3585 sestptgres

1906 3561 1956 3597 eJu
1971 3566 1985 3598 ·.
