2346 3776
618 185 1060 240 Dtssr-:uTA-rm

172 270 233 309 'hic
243 269 288 311 est
295 268 449 314 septimus
458 278 468 300 ι
492 265 525 300 si
534 269 602 310 quis
612 265 775 310 Epifi‘opus
788 291 800 307 ,
811 269 864 301 vel
873 267 1026 309 Presbyter
1035 293 1047 309 ,

175 323 230 359 vel
246 319 394 361 Diaconus
409 316 549 361 fitndi'um
568 314 692 360 Pascbae
718 319 796 351 diem
825 319 898 352 ante
921 329 1047 352 vernum

176 362 402 415 AEquibofflum
421 378 487 400 cum
489 370 523 412 J
524 368 622 404 udaeis
633 367 826 408 celebraverit
837 392 849 409 ,
875 368 1045 410 deponatur.

176 420 234 457 Ad
253 419 392 464 primum
412 413 583 461 respondet
603 417 641 452 in·
660 417 802 462 superius
810 416 950 458 addudto
973 419 1048 454 loco

174 470 289 507 Petrus
298 467 441 502 Halloix
452 491 464 508 ,
488 467 508 508 a
520 468 550 502 S.
561 467 695 513 Ignatio
712 467 860 502 damnari
880 479 950 503 non
969 480 1026 503 eos
1037 493 1048 509 ‚

118 554 122 559 ,
171 519 234 564 qui
244 519 340 553 Luna
350 517 605 561 decima-quarta
615 516 839 558 Christianum
847 517 969 553 Pascha
976 530 1050 564 age-

171 578 246 606 rent
258 592 269 608 ,
296 567 351 602 sed
361 567 418 612 qui
430 577 510 607 tunc
522 567 636 604 eadem
656 568 692 603 in
707 568 817 602 mensa
839 580 915 603 curn
936 568 1050 612 Judaeis

172 617 307 664 Judaice
318 617 458 663 Agnum
467 617 614 660 ederent,
624 627 680 660 aut
690 616 731 655 ad
744 618 777 652 se
786 618 894 655 miffas
905 619 972 661 ejus
982 630 1051 663 par-

169 677 222 704 tes
233 667 476 709 manducarent.
499 667 581 705 Non
591 668 679 707 diem
690 667 853 708 interdici,
864 668 916 703 sed
924 668 1050 715 Judaici

172 717 275 754 Ritus
287 716 439 759 hostiam.
468 717 525 759 Est
536 718 698 762 responfio
715 716 818 752 devia.
844 718 979 754 Etenim
998 718 1052 765 Ju-

171 767 309 807 daicum
322 767 461 813 Agnum
471 792 483 808 ,
502 768 672 812 praesertim
681 768 715 806 in
728 767 843 807 eadem
853 780 931 802 cum
943 767 1051 811 Iudeis

171 819 288 857 mensa
299 842 310 858 ‚
335 817 533 859 sacrificare,
558 828 614 852 aut
625 817 694 862 ejus
711 817 730 856 ,ὲ
753 817 867 862 Judaeis
884 818 1051 858 sacrificati

171 867 368 903 transtnissits
377 876 483 910 partes
491 867 662 902 admittere
673 867 765 903 nulla
777 868 920 905 Ecclesia
931 868 1052 914 potuit,

172 918 234 955 nifi
243 917 311 956 sola
321 916 626 960 Hierosolymitana
636 943 647 959 ,
672 927 770 962 atque
781 918 826 952 ita
838 918 1051 953 universalem

169 967 216 1006 de
225 965 287 1000 hac
296 977 332 1005 re
341 977 401 1010 pro
411 966 507 1007 omni
516 966 577 1004 sub.
586 967 678 1002 coelis
690 967 830 1002 Ecclefia
841 993 852 1009 ,
878 977 935 1003 aut
952 968 1052 1003 etiam

172 1027 235 1065 pro
241 1016 336 1050 omni
346 1016 402 1050 sua
412 1015 627 1058 patriarchali
640 1017 781 1058 Dioecefi
802 1019 977 1053 canonem
987 1018 1052 1053 dei-

172 1067 223 1107 fer
231 1066 381 1112 ignatius
391 1065 504 1101 frustra
515 1067 682 1107 statuisset.
702 1067 847 1106 Proinde
856 1081 899 1104 ex
909 1069 979 1112 ipso
990 1079 1052 1102 ver-

171 1114 216 1158 ba
225 1115 368 1153 omnino
379 1116 531 1151 sanciunt
540 1117 689 1156 adversus
700 1118 873 1162 Iudaicum
892 1118 981 1153 diem
991 1117 1052 1152 Pa-

169 1164 302 1207 schatis.
330 1165 375 1202 Et
385 1164 464 1208 hinc
474 1167 625 1212 quaeritur
648 1190 660 1207 ,
685 1167 856 1217 quomodo
876 1168 933 1208 ille
942 1168 1030 1207 diem
1040 1190 1051 1207 ,

170 1226 273 1260 quem
283 1215 352 1258 ipse
362 1214 546 1257 celebrabat
555 1240 568 1259 ‚
592 1218 738 1260 potuerit
746 1218 902 1256 damnare
924 1219 937 1258 ξ
973 1218 1051 1257 Hoc

172 1276 258 1312 opus
269 1289 280 1305 ‚
305 1262 361 1299 hic
371 1263 463 1298 labor
472 1264 528 1299 est.
554 1265 754 1309 Respondeo
765 1266 929 1309 Epistolas
947 1266 1015 1309 ejus
1033 1267 1051 1301 a

171 1312 413 1356 posterioribus
425 1313 545 1348 Graecis
552 1337 564 1354 ,
582 1316 716 1349 suorum
726 1314 869 1349 Rituum
878 1315 1054 1355 adulatori-

173 1364 236 1406 bus
245 1388 257 1404 ‚
281 1362 465 1403 effemultis
474 1363 510 1397 in
520 1361 603 1397 locis
613 1363 824 1408 interpolatas
844 1377 882 1400 ac
901 1366 1030 1406 vitiatas
1040 1380 1052 1400 .-

173 1412 287 1454 Verba
297 1412 355 1454 ista
364 1411 428 1451 effe
438 1411 503 1453 illis
515 1412 646 1454 intrusa.
684 1415 765 1454 Hoc
787 1416 823 1452 in
843 1416 909 1455 suis
927 1416 968 1457 ad
978 1417 1052 1450 istas

173 1462 340 1508 Epistulas
351 1460 492 1503 Scholiis
502 1463 627 1505 erudite
634 1462 833 1506 demonstrat
843 1464 982 1508 Iacobus
994 1466 1052 1499 Us-

172 1514 276 1551 serius
286 1510 499 1554 Armachanae
507 1512 646 1556 Ecclefie
657 1514 691 1547 in
701 1515 892 1559 Anglicano
905 1514 1053 1554 schisma-

173 1572 211 1603 te
220 1561 515 1611 Archi-Episcopus
525 1587 536 1603 ‚
562 1563 612 1597 vir
622 1574 690 1598 non
703 1563 804 1609 longe
813 1564 831 1598 ὲ
843 1565 963 1610 Regno
975 1564 1053 1607 Dei,

171 1624 274 1658 quem
285 1612 403 1647 eruditi
414 1624 452 1647 ac
463 1611 514 1646 Pii
525 1612 640 1648 dolent
652 1614 743 1648 fuisse
753 1615 957 1660 segregatum
979 1616 998 1650 ὲ
1009 1615 1053 1650 le-

172 1664 298 1719 gitimo
308 1662 416 1703 Altari
430 1687 442 1707 ,
452 1675 489 1698 ac
500 1664 536 1703 in
547 1664 609 1703 isto
619 1674 752 1711 peccato
764 1663 967 1706 defunctum.
984 1665 1052 1703 Dei

173 1712 299 1761 judicia
308 1714 382 1753 sunt
392 1711 522 1761 abyssus
534 1715 647 1752 multa„

224 1761 329 1796 Porro
340 1763 446 1797 Hiero
451 1764 649 1809 solymitana
658 1765 714 1800 sub
721 1766 916 1802 circumcisis
923 1767 1054 1812 Episto-

173 1812 227 1860 εἰς
236 1812 378 1849 Ecclefia
391 1824 459 1851 non
472 1814 493 1846 s
509 1813 579 1851 lum
591 1815 762 1857 Iudaicum
782 1815 948 1852 Paschatis
964 1818 1054 1851 diem

173 1863 313 1901 servavit
323 1886 335 1904 ,Α
359 1860 412 1895 sed
426 1862 460 1900 ὥς
519 1863 637 1902 μφίὶίειῐῐι
659 1878 666 1897 :
694 1865 884 1910 Antiquam
901 1867 995 1900 fimul
1020 1867 1054 1900 ὅ(

173 1923 303 1950 novum
314 1909 439 1957 Pascha
449 1912 519 1956 e'git
529 1936 541 1953 ‚
567 1923 604 1948 ut
625 1912 778 1951 Christus.
793 1917 963 1952 Dominus
974 1918 1054 1951 fece-

173 1970 226 2000 rat
237 1962 272 1998 in
283 1960 452 1995 novissima
464 1961 580 1997 Coena.
602 1964 737 2001 Etenim
748 1965 843 2009 plene
853 1965 1050 2008 Judaizabat.

174 2010 221 2046 Et
232 2010 299 2051 haec
305 2011 350 2049 est
362 2011 444 2050 ratio
457 2035 471 2053 2
496 2023 553 2046 cur
564 2011 622 2047 sub
631 2013 753 2051 eisdem
774 2014 945 2059 Episcopis
955 2017 1054 2051 fuerit

172 2061 308 2107 quidem
316 2060 400 2099 inter
408 2060 565 2100 Ecclefias
573 2063 657 2100 circa
667 2062 860 2099 Paschalem
869 2065 1055 2101 diemdiffe-

171 2112 278 2150 tentia
290 2136 300 2151 ,
310 2110 365 2146 sed
376 2122 486 2145 tamen
501 2112 590 2147 nulla
603 2114 784 2151 contentio.
806 2115 942 2152 Etenim
953 2117 988 2152 in
999 2116 1055 2153 Li-

37 2172 99 2209 ffib,
111 2185 156 2213 10·
170 2160 241 2196 bris
251 2160 400 2196 adversus
410 2161 565 2196 Faustum
577 2162 800 2198 Manichaeum
814 2163 1053 2210 &Augustinus

35 2224 154 2255 capez..
170 2210 256 2249 xeeie
266 2210 363 2245 docet
383 2211 507 2255 primos
525 2223 569 2246 ex
591 2213 781 2248 Gentilibus
804 2214 916 2251 fideles
929 2215 971 2250 ad
983 2215 1054 2250 Cir-

170 2261 410 2299 ‹:umcifionemr
419 2271 477 2301 aut
486 2262 549 2296 alia
563 2262 746 2308 Judaeorum
758 2265 979 2306 Sacramenta,
989 2277 1053 2309 que

173 2321 254 2349 tunc
264 2310 434 2350 dumtaxat
446 2322 575 2351 mortua
587 2313 701 2361 Judaeis
721 2313 864 2351 licebant
876 2340 891 2355 ,.
909 2327 978 2353 non
995 2327 1052 2359 po-

173 2361 268 2396 tuisse
278 2362 365 2407 cogi,
377 2372 473 2407 atque
484 2362 630 2408 adjungit
644 2378 654 2397 :
664 2367 697 2397 Si
706 2371 745 2397 iis
756 2390 767 2406 ‚
778 2371 829 2408 qui
841 2377 879 2399 ex
892 2372 1052 2401 circumvi-

166 2409 245 2455 ,ὅσην
257 2421 404 2445 venerant
418 2437 429 2453 ‚
454 2411 619 2457 talibusque
631 2416 833 2448 sacramentis
844 2415 940 2448 adbuc
956 2417 1052 2449 dediti

172 2469 263 2497 erant
270 2484 281 2501 ,
291 2463 369 2494 ultro
380 2463 493 2496 vellent
503 2464 635 2506 conferre
644 2472 876 2510 congruentiam,
887 2477 944 2498 non
949 2464 1051 2507 prohi-

172 2510 322 2544 berentur.
350 2511 576 2550 Ecclefiasticae
586 2515 782 2552 Concordiae
788 2517 897 2550 caussa
907 2515 1052 2562 Judaiza-

172 2571 210 2595 re
219 2559 360 2596 omnino
370 2571 519 2604 poterant
529 2588 540 2604 ‚
566 2564 620 2600 vel.
629 2565 668 2601 in
676 2576 788 2602 totum
806 2591 818 2607 ,
843 2565 940 2603 veliti
954 2576 1049 2610 parte·

174 2610 252 2645 Hac
261 2610 353 2646 enim
363 2611 404 2648 de
414 2612 538 2653 caussa„
545 2613 634 2657 quod
646 2614 772 2651 ibidem
781 2614 989 2661 Augustinus
997 2616 1051 2651 ad-

173 2660 284 2700 vertit,
292 2661 427 2705 gentilis
449 2674 487 2699 ac
506 2662 924 2706 jamadultus-Timotheus
935 2667 1052 2711 permi-

173 2710 214 2744 fit
224 2710 283 2744 sea
296 2710 432 2749 S-Paulo
443 2710 644 2748 circumcidi.
668 2715 711 2751 Et
723 2716 873 2757 Galatas,
879 2728 947 2751 non
958 2716 1048 2761 quod

173 2770 217 2794 ex
231 2759 288 2794 tali
298 2760 417 2804 pietate
425 2786 440 2803 2
464 2762 517 2798 sed
530 2763 672 2809 quod-ex
683 2765 804 2801 erranti
824 2767 1050 2810 superstitione

173 2809 365 2845 circumcidi
376 2821 414 2845 ac
422 2811 588 2853 Judaizare
607 2814 751 2857 vellent„
769 2816 939 2851 damnavit
960 2816 1050 2851 idem

173 2858 365 2904 Apostolus.
386 2860 464 2894 Hoc
476 2861 576 2906 igitur
587 2875 629 2897 ex
639 2865 854 2900 fundamento
866 2866 1047 2901 licuittunc

172 2909 300 2944 eunctis
321 2911 481 2946 Gentium
504 2911 651 2949 Ecclefiis
671 2914 755 2950 circa
777 2914 942 2950 Paschatis
958 2915 1051 2951 diem

173 2958 348 3003 Judaizare.
375 2960 419 2994 Et
431 2962 590 3003 quoniam
600 2963 634 2996 in
646 2963 810 2999 Palestina
822 2989 832 3006 ,
845 2966 950 3009 Syria,
960 2965 1048 3008 Asia,

175 3008 408 3053 Cappadocia,
433 3010 545 3045 Ponto
557 3035 568 3051 ,
593 3011 649 3046 ubi
661 3013 911 3059 paffimdisperfi
924 3040 936 3056 ‚
954 3016 1048 3059 pluti-

174 3058 224 3092 mi
235 3058 336 3103 Judaei‘
344 3058 539 3095 admiserant
550 3061 772 3107 Evangelium-
781 3089 792 3105 ,
818 3066 865 3101 eis
874 3077 916 3100 ex
928 3067 1056 3109 pietate-

177 3107 327 3143 volentes
347 3120 529 3155 congruere
550 3111 737 3146 Gentilium
763 3112 858 3149 isthic
878 3107 1027 3150 Ecclefiae
1037 3140 1047 3156 ,

175 3157 288 3200 quoad,
297 3159 397 3193 istum
403 3159 615 3203 diempassim
625 3160 845 3204 Judaizabant.
881 3165 1048 3200 Occidens

175 3208 299 3251 semper
311 3207 430 3244 habuit
438 3221 558 3254 paucos
568 3210 694 3254 Judaeos
712 3236 722 3252 ‚
753 3223 849 3257 atque
858 3214 903 3248 ita
915 3214 974 3248 ista
986 3215 1049 3258 pie-

175 3265 225 3291 tas
235 3257 332 3292 nobis
343 3270 412 3294 non
424 3260 489 3294 fuit
501 3261 682 3295 necessaria.
702 3260 751 3295 At
761 3261 837 3298 vero
846 3262 916 3307 post
928 3263 1047 3299 destru-

173 3307 265 3340 ctum
274 3306 520 3352 ablmperatore,
530 3311 703 3346 Hadriano
716 3311 899 3356 Templum
911 3313 1047 3357 ‚ejestos

173 3355 217 3391 ab
229 3356 468 3402 Hierosolymis
486 3372 524 3394 ac
545 3362 640 3394 omni
662 3360 826 3397 Palestina
841 3363 1048 3398 circumcisos

174 3405 357 3449 Episcopos
368 3430 379 3446 ,
403 3419 440 3443 ac
450 3410 672 3445 introdustum
691 3411 845 3447 Marcum
866 3413 1025 3457 gentilem
1036 3438 1047 3454 ,

174 3454 310 3507 Legalia
321 3456 526 3494 Sacramenta
536 3472 577 3495 ex
588 3461 732 3495 mortuis
747 3463 830 3496 fasta
850 3463 924 3496 sunt
935 3463 1048 3498 morti-

176 3505 242 3539 fera
254 3529 265 3544 ‚
284 3514 381 3548 atque
392 3506 435 3540 ita
448 3519 515 3542 non
526 3510 593 3544 fine
604 3510 821 3546 fundamento
831 3511 982 3547 Ecclefiae
993 3525 1046 3547 cz-

173 3565 291 3602 perunt
301 3554 341 3588 de
350 3553 496 3590 paschali
506 3558 560 3591 die
569 3558 736 3597 dissentire
756 3573 794 3598 ac
814 3562 953 3610 litigare.
979 3563 1060 3600 R0⁴¹

274 3605 389 3648 Differt.
400 3607 523 3639 Prooem.
536 3611 614 3643 Tom.
624 3613 647 3643 I.
1053 3591 1063 3640 ι

1098 3015 1240 3059 ‚modica
1249 3015 1445 3050 discrimina.

1109 186 1524 244 Paooemmms:
1908 201 1978 248 161

1107 268 1241 307 mani&
1252 265 1409 311 AEgyptii
1419 265 1519 300 moris
1528 263 1699 306 dilestores
1717 262 1872 309 Episcopi
1887 266 1980 303 adfir-

1108 327 1238 353 marunt
1248 316 1420 360 Iudaicum
1429 314 1519 352 diem
1529 315 1621 350 fuiffe
1633 313 1802 358 Iudaicam
1813 338 1826 355 ‚
1843 326 1912 349 non
1922 318 1981 352 nili

1108 366 1338 412 dispensatorie
1358 364 1400 400 ad
1420 375 1548 409 tempus
1568 364 1751 410 permiffam
1770 388 1783 405 ‚
1814 362 1982 400 observan-

1107 418 1189 452 tiam
1199 442 1209 458 ‚
1236 416 1312 451 cum
1322 416 1582 450 Circumcifione
1592 427 1629 450 ac
1639 414 1712 449 aliis
1723 413 1866 460 Iudaicis
1876 415 1983 452 Sacra-

1110 466 1303 509 mentisjam
1313 465 1455 500 omnine>
1475 467 1677 500 mortiferam
1696 490 1707 506 ,
1743 463 1883 509 ideoque
1894 463 1984 499 dein-

1110 529 1181 562 ceps
1194 527 1261 551 non
1273 515 1362 560 pofl‘e
1370 516 1509 551 retineri.
1525 516 1612 562 ⁴Effe
1622 526 1700 553 cum
1711 515 1829 553 caeteris
1839 514 1986 559 Synago-

1110 579 1159 614 gae
1167 565 1300 604 Ritibus
1309 565 1543 609 Sepeliendam.

1161 616 1218 652 Ad
1239 615 1414 652 secundam
1435 614 1633 659 Respondeo
1653 615 1755 651 etiam
1774 613 1986 659 Apostolicas

1113 667 1170 701 sub
1180 669 1210 702 S.
1222 666 1405 701 Clementis
1414 666 1551 700 nomine
1562 665 1827 703 Constitutiones
1847 665 1909 699 effe
1927 664 1987 700 du-

1111 717 1179 751 bias
1190 742 1201 757 ,
1226 717 1415 762 posteriores
1426 716 1562 751 Nicaena
1571 714 1709 759 Synodo
1720 739 1732 755 ‚
1749 718 1843 758 opus
1854 726 1921 748 non
1931 726 1988 758 pet

1112 767 1224 801 omnia
1232 778 1349 811 purum
1361 791 1372 808 ‚
1398 778 1435 801 ac
1446 765 1487 801 de
1497 766 1567 810 ipfis
1577 764 1660 800 reste
1670 764 1769 799 statui
1790 765 1809 802 a
1820 764 1998 802 Trullana,

1112 816 1266 860 Synodo:
1293 819 1445 864 ,Quoniam
1465 825 1565 850 autem
1582 822 1615 849 in
1637 814 1687 848 his
1707 814 1791 848 nobis
1811 813 1988 847 Canonibus·

1107 874 1290 908 praceptum
1300 865 1338 909 est
1349 890 1361 907 ,
1386 876 1420 902 ut
1435 867 1592 900 eorundem
1602 864 1775 909 sanderum
1795 863 1990 907 Apostolorum

1108 924 1163 957 per
1173 917 1354 954 Clementem.
1373 916 1599 957 constitutiones
1616 913 1852 958 sustiperemus‚
1877 913 1986 957 quibus

1105 967 1176 1006 jam
1184 968 1252 999 olim
1261 965 1301 999 ab
1310 972 1349 1000 iis
1359 990 1370 1006 ‚
1395 972 1447 1008 qui
1458 968 1478 1000 ἂ
1484 965 1546 1008 fide
1565 967 1664 999 aliena
1677 963 1815 1009 sentiunt
1827 990 1838 1006 ‚
1864 965 1909 997 ad
1926 966 1988 997 Ec-

1111 1014 1199 1057 clefiae
1210 1021 1336 1049 exitium
1347 1016 1515 1052 adulterina
1525 1017 1665 1058 quaedam
1674 1016 1709 1049 e·
1728 1017 1749 1047 ἃ
1763 1021 1879 1057 pietate
1889 1014 1990 1048 aliena

1110 1063 1378 1108 introduc‘laficnt,
1404 1076 1472 1107 quae
1495 1069 1675 1101 Divinarum
1693 1065 1777 1098 nobis
1800 1070 1993 1099 Decretorum

1111 1118 1273 1159 elegantem
1287 1126 1321 1147 ac
1332 1116 1468 1148 decoram
1473 1113 1600 1157 speciem
1609 1113 1800 1157 obscurarunt
1811 1127 1819 1146 :
1846 1117 1913 1150 Has
1923 1124 1989 1156 can-

1105 1164 1272 1206 stitutiones
1283 1188 1295 1205 ,
1314 1165 1360 1197 ad
1369 1163 1600 1206 Christianiffimi
1605 1169 1707 1208 gregis
1719 1162 1944 1206 aedificationem
1952 1173 1989 1198 ac

1106 1213 1297 1258 securitatem
1306 1214 1528 1250 conducibiliter
1539 1239 1550 1255 ‚
1572 1217 1728 1256 rejecimus
1738 1238 1749 1255 ,
1762 1211 1991 1254 Haereticaefal-

1105 1264 1206 1306 sitatis
1217 1264 1319 1306 faetus
1340 1275 1530 1308 nequaquam
1553 1262 1749 1308 immiscentes
1772 1288 1783 1304 ‚
1810 1264 1845 1297 (δ’
1862 1266 1988 1298 Germa-

1112 1326 1160 1353 nae
1170 1326 1204 1348 ac
1212 1320 1336 1359 Integrae
1348 1313 1540 1358 Apostolorum
1558 1313 1699 1347 doctrina
1719 1312 1892 1358 inserentes.
1920 1313 1986 1349 Hae

1112 1365 1366 1399 constitutiones
1401 1375 1609 1409 nequaquam
1645 1365 1720 1398 sunt
1750 1363 1985 1407 Apostolieum

1113 1417 1207 1460 Opus
1219 1439 1230 1456 a
1255 1412 1430 1458 postmodo
1440 1415 1596 1452 inferitum
1607 1424 1663 1447 aut
1680 1413 1830 1447 falsatum
1842 1424 1852 1454 ;
1878 1411 1933 1446 sed
1945 1413 1992 1450 est

1113 1463 1434 1508 Opusadulterinum
1443 1488 1454 1503 ‚
1474 1463 1532 1502 sub
1544 1463 1643 1501 sansti
1655 1462 1838 1496 Clementis
1850 1473 1888 1499 ac
1901 1461 1994 1506 Apo-

1114 1515 1272 1552 stolorum
1282 1514 1420 1552 nomine
1430 1514 1542 1548 fletum
1551 1536 1562 1553 ,
1585 1523 1622 1546 ac
1633 1512 1782 1550 Ecclefiae
1793 1511 1996 1556 suppofitum

1113 1565 1131 1598 a
1151 1564 1296 1608 quodam
1317 1588 1330 1606 ,
1355 1564 1432 1598 licet
1450 1574 1519 1601 non
1540 1562 1696 1606 imperito
1718 1586 1730 1602 2
1755 1560 1901 1596 homine.
1941 1562 1986 1600 Et

1115 1614 1193 1649 hinc
1203 1613 1405 1658 Apostolicae
1415 1612 1680 1648 Constitutiones
1690 1636 1704 1654 ,ι
1727 1623 1807 1656 quas
1816 1611 1858 1646 ab
1871 1610 1995 1648 Audia-

1114 1665 1165 1699 nis
1174 1664 1345 1699 Haereticis
1355 1663 1509 1699 addut‘ias
1529 1662 1684 1706 produxit
1708 1662 1834 1699 sanctus
1852 1660 1996 1706 Epiphae

1115 1715 1210 1756 nius,
1236 1714 1278 1751 ab
1301 1713 1389 1749 hisce
1409 1711 1774 1748 Pseudo-clementinis
1800 1713 1874 1745 sunt
1897 1711 1996 1755 pluri«

1115 1766 1208 1804 mum
1219 1765 1357 1799 diversae.
1394 1765 1500 1800 Lucet
1508 1775 1550 1799 ex
1571 1761 1673 1799 hocce
1692 1762 1817 1798 laudati
1827 1762 1933 1796 Patris
1950 1761 1992 1796 de

1115 1816 1180 1850 illis
1190 1815 1381 1852 testimonio
1395 1829 1406 1849 :
1433 1818 1498 1859 ‚Qui
1506 1815 1581 1849 liber
1591 1813 1814 1855 tametst‘dublae
1824 1814 1909 1857 apud
1917 1825 1987 1846 non·
2011 1805 2113 1838 Haetef',
2126 1848 2129 1852 ,

1116 1866 1209 1902 nullos
1214 1864 1253 1906 fit
1258 1865 1333 1907 fidei
1345 1890 1355 1905 ,
1383 1877 1439 1901 non
1451 1865 1488 1905 est
1499 1875 1600 1899 tamen
1611 1864 1833 1906 improbandus.
1860 1869 1947 1900 Nam
1958 1869 1992 1902 in
2008 1855 2086 1883 7⁰'c‘
2095 1857 2129 1879 ω

1115 1927 1163 1956 eo,
1191 1927 1259 1958 quae
1280 1916 1326 1947 ad
1340 1914 1474 1956 Ecclefiae
1494 1913 1689 1957 Dtfignlinam
1709 1921 1863 1956 attinent,
1887 1922 1994 1952 omnia

1114 1964 1417 2007 comprehenduntur:
1446 1969 1554 2007 Neque
1573 1966 1737 2007 quidquam
1755 1974 1809 1998 aut
1829 1971 1863 1997 in
1886 1967 1966 2000 Fide
1980 1989 1997 2006 ,,

1114 2026 1150 2048 ac
1169 2014 1322 2050 Catholiea
1338 2014 1506 2057 prffeffione
1526 2015 1748 2056 depravatum,
1775 2024 1829 2047 aut
1849 2014 1984 2055 Ecclesiae

1114 2064 1361 2105 administrationi
1382 2089 1396 2104 ,‚
1429 2075 1463 2098 ac
1485 2067 1621 2097 Decretis
1652 2070 1832 2099 contrarium
1852 2071 1990 2101 continet.

1104 2114 1219 2149 -Vides
1230 2113 1331 2148 hocce
1342 2114 1568 2148 testimonium
1586 2113 1604 2146 a
1626 2113 1796 2147 Trullanae
1808 2113 1936 2156 Synodi
1948 2124 1994 2148 te-

1114 2164 1273 2201 stimonio
1284 2163 1461 2207 plurimum
1471 2162 1608 2198 differre.
1636 2163 1769 2197 Deinde
1797 2162 1994 2207 Epiphania-

1116 2227 1163 2251 nae
1174 2213 1438 2250 Constitutiones
1449 2213 1619 2254 mandant,
1645 2213 1862 2250 Clementinae
1882 2224 1996 2251 autem

1114 2275 1222 2301 vetant
1233 2262 1356 2300 Pascha
1376 2263 1495 2300 eodem
1515 2274 1591 2297 cum
1614 2262 1730 2306 Iudaeis
1748 2263 1804 2300 die
1825 2263 1989 2300 celebrari.

1114 2314 1254 2355 Tertio,
1282 2313 1516 2358 Epiphanianae
1535 2312 1801 2350 Constitutiones
1821 2313 1991 2348 adducunt

1113 2365 1218 2398 varios
1230 2363 1442 2408 Apostolicos
1463 2363 1645 2403 canones,
1666 2375 1809 2407 quorum
1828 2364 1918 2398 nulla
1944 2363 1994 2398 est'

1112 2416 1240 2451 mentio
1252 2415 1286 2448 in
1297 2413 1525 2451 Clementinis.
1552 2412 1681 2447 Primus
1691 2413 1736 2447 est
1757 2412 1814 2447 hie
1834 2426 1841 2445 z
1869 2418 1905 2446 In
1931 2425 1992 2448 me-

1110 2466 1339 2504 dio-azymorum
1349 2472 1477 2506 tempore
1481 2464 1676 2507 pervigilium
1687 2462 1907 2502 esi—obeundum.
1937 2464 1992 2498 Se-

1110 2515 1238 2550 cundus
1247 2513 1293 2549 est
1306 2512 1381 2548 hic:
1407 2517 1489 2547 Dum
1511 2513 1612 2556 Judaei
1634 2514 1817 2556 epulantur,
1843 2516 1992 2556 vosjeju-·

1110 2575 1216 2599 nantes
1234 2573 1292 2607 pro
1312 2565 1371 2597 illis
1393 2564 1496 2608 lugete.
1524 2565 1677 2608 ‚Quoniam
1689 2564 1767 2607 festo
1779 2565 1828 2599 illo
1837 2566 1886 2600 die
1895 2564 1986 2600 Chri-

1102 2615 1182 2656 stum
1192 2622 1226 2648 in
1241 2619 1365 2648 Crucem
1369 2611 1576 2657 ficbstulerunt.
1604 2614 1742 2650 Tertius
1753 2615 1798 2653 est
1811 2614 1865 2649 hic
1886 2627 1892 2646 ι
1919 2618 1987 2658 ,Qut
2008 2615 2119 2653 Capax

1108 2665 1254 2708 afflixerit
1270 2671 1404 2699 animam
1419 2662 1511 2709 suam
1530 2668 1685 2700 DomInica
1704 2667 1754 2699 die
1772 2690 1782 2705 ‚
1809 2663 1985 2698 maledillus

1107 2715 1146 2757 est
1157 2718 1178 2749 ἃ
1190 2719 1258 2750 Deo.
1284 2708 1430 2763 Quartus
1442 2715 1579 2751 habetur
1591 2716 1626 2749 in
1637 2716 1701 2750 fine
1722 2715 1813 2749 Libri
1833 2715 1964 2749 Panarii
1977 2727 1992 2748 >
2005 2729 2133 2769 Capu*

1107 2768 1190 2799 Sacri
1194 2768 1285 2808 porra
1295 2770 1470 2800 Conventus
1480 2768 1515 2800 (2
1526 2768 1546 2799 5
1541 2777 1655 2805 ynaxes
1668 2765 1710 2799 ab·
1727 2764 1862 2807 apostolis
1875 2764 1985 2804 institu-

1107 2822 1132 2850 tt‘
1138 2814 1213 2859 fiant
1223 2815 1272 2849 bis
1278 2816 1453 2858 potiffimum
1461 2816 1566 2849 diebus
1586 2824 1698 2857 quarta
1719 2817 1754 2849 (9⁹
1766 2813 1858 2858 sexta
1868 2818 1961 2847 Feria
1972 2840 1983 2855 ‚

1107 2867 1306 2901 &Dominica
1317 2867 1373 2899 diet.
1413 2865 1461 2899 At
1483 2864 1559 2899 vero
1579 2864 1794 2900 Clementinae
1814 2863 1984 2898 Constitu-

1108 2918 1215 2950 tiones
1228 2916 1263 2949 in
1274 2916 1350 2950 solis
1362 2916 1551 2950 Dominicis
1572 2926 1610 2949 ac
1632 2913 1804 2949 Sabbathis
1827 2913 1985 2949 mandant

1107 2967 1254 3009 Synaxes
1264 2965 1332 2999 fieri
1344 2990 1358 3005 ‚
1381 2975 1479 3009 atque
1490 2966 1535 2999 ita
1547 2964 1729 2998 lucetinter
1742 2965 1824 3008 ipsas
1833 2964 1894 2998 este
1915 2976 1984 2999 non

1476 3015 1586 3062 Qare
1597 3015 1624 3046 F
1626 3015 1788 3049 ranciscus
1798 3014 1986 3049 Turrianus

1107 3073 1282 3109 temperare
1291 3064 1446 3099 debuerat
1465 3065 1507 3098 ab
1531 3063 1620 3097 hisce
1641 3063 1763 3097 verbis:
1794 3065 1882 3098 Tales
1895 3063 1984 3098 babet

1107 3124 1186 3149 aetas
1198 3114 1292 3155 nostra
1305 3114 1496 3157 Apostolorum
1507 3112 1732 3153 constitutiones
1743 3139 1755 3155 ,
1770 3110 1866 3156 fimas
1871 3112 1983 3157 seilicet

1105 3166 1140 3200 (θ’
1151 3171 1338 3205 incorruptas-
1348 3189 1358 3204 ‚
1370 3165 1472 3206 quales
1484 3162 1652 3205 Epiphanii
1664 3173 1742 3197 aetas
1754 3162 1867 3197 habult.
1895 3163 1984 3197 Pho-

1106 3215 1171 3249 tius
1181 3215 1216 3248 in
1228 3212 1436 3248 Bibliotheca
1456 3212 1672 3256 Apostolicas.
1688 3213 1872 3248 Clementis
1893 3214 1982 3249 Con·
2000 3223 2114 3262 mma

1106 3264 1296 3298 stitutiones
1303 3264 1410 3307 arguit
1422 3263 1462 3297 de
1474 3262 1577 3297 tribus
1588 3277 1598 3297 .·
1620 3262 1662 3298 de
1672 3263 1778 3307 spuria
1791 3264 1983 3307 suppofitim

1106 3325 1148 3348 ne
1158 3338 1175 3354 ‚,
1194 3313 1236 3348 de
1258 3311 1545 3347 criminationibus
1562 3313 1603 3346 iu
1617 3312 1757 3348 Librum
1775 3314 1983 3348 Deuterono·

1106 3364 1188 3403 mii,
1215 3362 1303 3397 aede
1318 3362 1513 3398 Arianismo.
1550 3361 1683 3405 Addit„
1704 3364 1813 3398 nescio
1837 3376 1878 3398 an
1889 3363 1981 3406 vere,

1106 3414 1187 3458 ipsas
1199 3412 1320 3446 abistis
1330 3413 1417 3446 vitiis
1426 3412 1514 3456 posse
1526 3413 1666 3447 faciliter
1675 3414 1857 3458 expurgari.
1885 3414 1982 3446 Alios

1104 3462 1320 3501 charasteres‚
1346 3473 1388 3496 ex
1398 3463 1515 3506 quibus
1526 3462 1613 3496 lucet
1625 3462 1699 3498 istas
1718 3463 1981 3497 Constitutiones

1104 3524 1174 3547 non
1196 3512 1259 3546 effe
1282 3511 1512 3555 Apostolicas,
1537 3512 1660 3546 adduxi
1681 3514 1715 3546 in
1737 3512 1880 3552 secundo
1893 3513 1983 3554 Opu-

1103 3561 1245 3597 sculosde
1256 3561 1384 3605 Juribus
1393 3563 1609 3598 Ecclefiatum
1630 3562 1855 3608 Regularium»

1578 3611 1615 3645 X
1846 3608 1982 3643 Restant

2010 2498 2125 2538 Capro
