2346 3776
73 572 137 604 Lib.
169 583 192 602 2.

73 620 137 653 cap.
149 617 190 646 16·

44 2627 106 2659 Lib.
136 2639 160 2656 2.

37 2676 104 2706 cap.
115 2673 160 2699 60.

39 2723 100 2754 Lib.
117 2736 138 2755 1.

38 2772 100 2802 cap.
114 2776 124 2795 1
131 2788 137 2794 .

170 2260 304 2293 <nanum
314 2260 553 2294 statim-erudiri
566 2286 576 2302 ,
603 2262 636 2295 &
649 2261 748 2296 Clero
760 2264 864 2306 parari
884 2263 971 2306 juffit
984 2289 994 2304 ‚
1020 2277 1057 2298 ac

167 2493 216 2542 'de
225 2511 400 2543 confirmat
411 2510 617 2544 Caesaraeenfis
630 2512 800 2551 Eusebius,
812 2512 950 2546 scribens
961 2513 1053 2548 Aria-

651 135 1100 186 DissERTATm
1149 131 1571 183 Pnooefflsms.
1984 147 2028 195 53

1154 218 1325 248 Creatorem
1335 214 1475 248 laudibus
1486 212 1635 246 celebrari.
1664 214 1775 246 Idcirco
1786 224 1840 247 non
1851 218 1953 258 aperte
1962 227 2026 249 con·

1155 274 1204 297 tra
1214 268 1310 298 Deum
1321 262 1524 307 &salutarem
1535 272 1658 299 mortem
1675 269 1750 296 ciere
1763 263 1868 296 bellum
1880 291 1890 305 ‚
1911 265 1969 307 sed
1977 266 2027 299 ho-

1153 321 1248 348 mines
1259 315 1365 348 nudus
1375 339 1385 355 ‚
1396 320 1511 347 nomine
1521 314 1641 356 quidem
1652 312 1832 353 christianos
1843 338 1853 352 ,
1865 314 1962 356 reipsa
1972 328 2027 350 ve-

1153 367 1185 396 rb
1195 364 1365 397 ambitionis
1377 375 1412 397 ac
1422 371 1523 398 inanis
1526 365 1631 407 gloriae
1648 362 1755 407 servos
1767 388 1778 404 ‚
1803 362 1852 397 bis
1874 373 2029 405 tamquam

1153 414 1265 447 idoneis
1276 424 1430 447 conatuum
1435 414 1556 457 ficorum
1565 414 1771 454 Instrumentis
1782 421 1828 447 uti
1839 421 2030 456 caepit,atque

1151 462 1253 497 borum
1265 472 1352 506 opera
1361 466 1521 507 complures
1532 470 1564 497 in
1578 465 1737 507 pristinum
1757 476 1884 500 errorem
1894 467 2026 498 induxit.

1152 518 1223 546 Non
1233 515 1270 546 id
1278 516 1397 556 quidem
1416 526 1508 558 agens
1528 525 1563 547 ut
1582 525 1754 554 creaturam
1772 517 1867 549 denuo
1879 517 2004 548 colerent
2016 539 2028 554 ,

1145 561 1204 606 sed
1210 564 1334 605 efficiens
1345 573 1379 597 ut
1391 568 1517 598 Creator
1528 565 1562 597 Θ·
1570 566 1681 597 Mundi.
1690 565 1802 606 opifex
1831 568 1929 598 eodem
1940 590 1950 605 ,
1972 577 2029 608 quo

1149 623 1294 647 creaturae
1305 639 1315 655 ,
1336 616 1439 648 ordine
1450 613 1625 657 censeretur.
1649 614 1781 657 Utique
1793 627 1847 657 per
1860 615 1933 649 Arii
1947 615 2027 649 blas:-

1150 662 1455 706 phemias.Eandem
1467 662 1614 698 Ecclefiae
1623 675 1735 706 pacem
1747 664 1857 699 laudat
1871 667 2026 702 Hermias
2043 688 2094 719 Lib
2129 699 2143 719 1

1150 714 1438 755 Zozomenusy&
1459 714 1626 759 adjungit:
1647 717 1732 759 Jam
1752 717 1822 747 vero
1843 727 2025 763 quamquam
2041 711 2104 768 cap]
2117 711 2161 764 14⁸,

1148 765 1258 807 Religio
1269 764 1437 805 Christiana
1448 771 1480 798 in
1490 770 1607 798 caeteris
1619 765 1752 798 omnibus
1775 765 1863 798 rebus
1882 766 2002 805 floreret
2013 793 2023 808 ,

1147 822 1247 846 tamen
1258 814 1480 858 Disputationes
1491 816 1631 858 quaedam
1637 812 1773 858 liti‘giofae
1783 814 1927 855 Ecclefias
1937 816 2024 850 vehe-

1122 874 1126 894 l
1145 873 1258 896 menter
1263 865 1491 906 perturbarunt.
1503 866 1682 908 Irnperator
1693 865 1888 898 Maxentius
1897 864 2022 900 duode-

201 916 266 949 fius
276 940 287 955 ,
299 915 440 959 ideoque
451 926 531 950 tunc
545 917 728 960 expleverat
740 926 865 949 annum
875 913 1083 958 trigesimum.
1121 944 1125 964 ἰ
1143 913 1231 946 cimo
1240 937 1251 952 ,
1278 914 1484 949 Maximinus
1492 915 1624 949 decimo
1635 925 1750 961 quarto
1761 939 1772 955 ,
1797 914 1948 949 Licinius
1960 917 2025 959 pri-

200 964 338 999 Etenim
350 965 733 1007 Arhanalium,adversus
745 965 836 1008 cujus
850 964 1092 1007 Episcopatumv
1120 990 1122 995 ,
1144 961 1235 996 mum
1244 964 1406 998 extintstus
1428 965 1491 998 fuit
1512 967 1602 999 anno
1621 964 1712 998 istius
1735 965 1838 998 saeculi
1854 966 2024 1010 vigesimo-

201 1025 320 1050 venata
329 1015 517 1061 estlquasvis
527 1018 620 1051 ansas
632 1041 642 1057 ,
665 1009 851 1050 E‘usebiana
865 1009 977 1048 Faffio'
989 1023 1082 1047 num-
1119 1000 1123 1041 l
1142 1013 1240 1046 tertio
1253 1025 1260 1045 ε
1283 1013 1398 1060 Qare
1410 1026 1479 1048 non
1489 1013 1531 1047 de
1542 1016 1698 1048 omnium
1722 1015 1871 1049 Personis
1881 1040 1891 1055 ,
1918 1016 1971 1050 sed
1983 1017 2024 1050 de

196 1068 301 1109 quam
313 1067 477 1101 accusavit
486 1067 528 1101 de
537 1065 639 1101 astatis
658 1064 900 1100 insufficientia.
917 1065 1081 1104 ·Hermias
1140 1063 1293 1097 omnium
1304 1063 1418 1097 contra
1432 1063 1638 1098 Christianos
1659 1064 1782 1098 Edistis
1804 1066 1958 1100 extinctis
1970 1066 2025 1100 de-

194 1115 411 1150 Zozomenus
422 1117 594 1161 adjung'it:
623 1118 793 1149 Alexander
808 1115 895 1148 haud
898 1121 948 1148 ita
957 1112 1079 1156 diu-post
1141 1111 1194 1148 bet
1207 1111 1444 1152 Theodoretus
1456 1114 1611 1158 intelligi.
1636 1115 1718 1147 Haec
1724 1125 1833 1148 autem
1846 1116 1963 1157 partim
1977 1115 2022 1150 ob

201 1166 392 1208 Athanafium
402 1168 437 1200 Θ
451 1167 654 1200 σοηυῐιῗονηη
675 1167 710 1200 ὠ·
728 1167 863 1199 Scribam
876 1164 965 1207 suum
985 1163 1079 1205 constt-
1116 1159 1118 1165 '
1139 1161 1294 1196 immistas
1315 1163 1508 1197 Maximino
1533 1164 1645 1208 plagas
1665 1188 1675 1203 ,
1712 1163 1828 1207 partim
1851 1164 1896 1197 ob
1908 1167 2023 1209 magni

198 1223 266 1250 tuit.
296 1216 338 1250 Et
349 1216 585 1250 Theodoretus
593 1216 722 1249 scribit:
751 1213 929 1253 Athaenafius
950 1216 972 1246 ἃ
985 1223 1079 1256 pum
1139 1211 1349 1247 Constantini
1359 1223 1485 1248 metum
1492 1214 1638 1247 extincta
1651 1215 1782 1247 fuerunt
1793 1226 1882 1248 anno
1892 1215 2024 1248 undeci-

198 1270 325 1299 Divinis
337 1268 371 1299 (5
377 1265 478 1308 sacrls
489 1269 603 1297 Litoris
613 1264 765 1303 institutus
779 1288 790 1303 ‚
812 1262 975 1306 &fingulis
988 1265 1078 1304 Ordi-
1114 1296 1117 1309 ‚
1138 1273 1193 1296 mo
1202 1284 1214 1301 ,
1242 1273 1298 1296 aut
1310 1264 1395 1298 certe
1406 1264 1605 1298 duodecimo
1618 1288 1628 1303 ,
1655 1275 1753 1307 quem
1764 1264 1933 1298 Dominus
1946 1265 2021 1299 Cat-

195 1313 536 1354 num'Ecclefflrstieorum
547 1314 719 1346 muneribus
727 1337 738 1352 ,
749 1311 939 1356 cumficmma
950 1321 1077 1347 omnium
1114 1326 1115 1352 3
1137 1311 1255 1345 dinalis
1268 1313 1371 1347 Caesar
1380 1314 1542 1348 Batonius
1554 1315 1690 1348 affirmat
1704 1315 1796 1347 fuisse
1818 1315 1969 1349 Ecclefiis
1979 1316 2022 1350 fct-

194 1366 395 1397 admiratione
411 1363 595 1405 perfundas
616 1362 665 1402 est.
692 1362 799 1397 Addit
827 1363 961 1397 tandem
982 1365 1074 1398 fuisse
1113 1360 1115 1398 i
1137 1361 1343 1404 liciffimum,
1354 1364 1443 1407 quod
1454 1374 1533 1397 tunc
1546 1364 1715 1398 Maxentii
1738 1363 1879 1398 Persona
1903 1365 1939 1398 in
1955 1367 2021 1400 Oc-

189 1413 376 1448 'Alexandri
387 1412 696 1447 Archi-Diaconum
708 1437 718 1452 ,
738 1414 818 1447 &in
831 1412 889 1446 ista
899 1415 1074 1458 Dignitate
1112 1420 1115 1440 5
1135 1412 1274 1453 cidente‚
1284 1414 1319 1447 in
1332 1412 1469 1448 Oriente
1481 1413 1623 1447 crudelia
1634 1410 1815 1448 Maximini
1829 1414 1940 1448 Edicta
1954 1417 2022 1449 fue-

192 1465 373 1508 profeustum
384 1471 459 1497 cum
474 1463 534 1497 illo
545 1463 585 1497 ad
611 1463 778 1498 Nicenum
802 1464 1002 1497 Concilium.
1030 1465 1072 1498 Et
1112 1465 1113 1509 J
1136 1464 1200 1496 rint
1211 1462 1475 1498 ablataProinde
1487 1463 1549 1496 isto
1556 1462 1698 1497 omnino
1708 1474 1798 1497 anno
1809 1465 1907 1507 coepit
1920 1463 2021 1499 Arius

1135 1512 1299 1548 blaterare.
1313 1514 1356 1546 Et
1368 1514 1513 1557 superius
1523 1512 1660 1547 addudia
1673 1513 1793 1557 Mag-ni
1804 1513 2020 1549 Constantini

190 1514 226 1547 in
237 1513 433 1548 Praelatione
445 1513 485 1547 ad
498 1515 527 1547 S.
541 1513 686 1547 Antonii
699 1514 801 1547 vitam
814 1512 923 1547 scribit
948 1514 1016 1558 ipse
1028 1512 1072 1547 A·

190 1562 355 1598 thanafius
368 1576 374 1595 :
402 1565 527 1607 ‚Quae-&¹
539 1562 600 1607 ipse
611 1565 649 1596 de
661 1567 787 1597 Antonio
796 1570 866 1597 novi
880 1588 890 1603 ,
898 1562 982 1606 steps?
992 1557 1071 1598 enim
1109 1607 1110 1612 1
1132 1564 1173 1598 ad
1184 1562 1411 1598 Alexandrum
1422 1565 1457 1598 ἃς
1469 1562 1589 1597 Arium
1601 1562 1748 1606 Epistola
1774 1564 1911 1598 affirmat
1934 1565 2019 1598 fimi-

1133 1615 1177 1648 les
1189 1614 1487 1648 Donatistarumin
1501 1611 1615 1647 Africa
1626 1624 1735 1647 motus
1760 1614 1853 1647 fuisse
1878 1616 2017 1658 suppres-

189 1615 274 1650 illum
286 1615 366 1653 vidi,
376 1624 502 1656 quaeque
511 1625 551 1646 ex
562 1625 593 1646 eo
605 1613 758 1657 agnosi‘ere
775 1621 881 1656 potui,
908 1621 960 1656 qui
980 1621 1071 1648 inter-

188 1659 305 1697 visuum
315 1663 400 1697 haud
408 1665 551 1697 modicum
561 1665 603 1696 illi
609 1662 730 1706 servivi
742 1689 752 1704 ‚
767 1668 944 1706 lavantique
957 1677 1066 1698 manus
1132 1666 1181 1699 sos
1193 1665 1376 1708 nuperrime
1384 1690 1394 1706 ‚
1415 1677 1452 1699 ac
1463 1665 1636 1699 damnatos
1654 1677 1661 1696 :
1689 1662 1818 1706 Nempe
1828 1675 1886 1706 per
1893 1665 2016 1699 Roma·

1133 1728 1207 1750 nam
1228 1717 1327 1749 sancti
1347 1715 1440 1760 Papae
1459 1713 1658 1749 Melchiadis
1679 1713 1872 1760 synodum,
1895 1716 2014 1748 fastam

183 1717 299 1755 'tiquam
310 1713 405 1754 affudi
417 1739 426 1754 ,
454 1716 568 1747 Pietati
589 1713 695 1753 vestrae
711 1714 813 1755 studui
824 1713 960 1757 scribere.
988 1716 1069 1750 Haec

1107 1790 1109 1796 ,
1130 1766 1220 1800 istius
1230 1766 1334 1801 saeculi
1346 1779 1436 1801 anno
1447 1767 1578 1801 decimo
1587 1765 1697 1799 tertio.
1713 1763 1761 1798 At
1773 1763 1849 1798 vero
1861 1765 1922 1799 ista
1933 1765 2013 1808 Epi-

185 1764 330 1797 bmnino
340 1764 422 1797 faeta
433 1764 592 1797 shntante
604 1764 815 1798 Clericatum.
826 1766 860 1798 N
862 1777 898 1798 ec
911 1766 1000 1799 enim
1013 1765 1069 1799 lai-

1129 1815 1210 1851 stola
1227 1817 1273 1851 est
1292 1817 1363 1860 post
1386 1817 1459 1851 Arii
1479 1816 1520 1851 ab
1543 1815 1737 1851 Alexandro
1762 1814 2012 1849 damnationem

1106 1861 1107 1864 '
1128 1866 1261 1909 scripta:
1290 1867 1333 1901 Et
1341 1867 1430 1910 quod
1443 1866 1633 1901 Alexander
1654 1868 1689 1899 in
1712 1864 1904 1901 damnando
1926 1865 2011 1899 Ario

1128 1916 1224 1950 fuerit
1236 1916 1376 1957 tardior,
1404 1917 1542 1954 affirmat
1553 1917 1707 1950 Hermias
1719 1916 1937 1950 Zozomenus.
1952 1917 2011 1949 Er-

1125 1966 1170 2010 go
1183 1966 1283 2000 Arius
1292 1977 1368 2000 ante
1379 1966 1476 2000 istum
1483 1965 1649 2000 decimum
1660 1965 1795 2000 tertium
1805 1977 1929 2000 annum
1940 1978 2009 2000 om-

1125 2015 1208 2048 nino
1220 2016 1318 2059 coepit
1329 2016 1473 2050 delirare.
1486 2015 1589 2050 Porro
1598 2016 1688 2060 quod
1702 2017 1824 2059 primus
1837 2015 1910 2050 Arii
1922 2017 2008 2060 apud

1123 2065 1352 2099 Alexandrum
1365 2066 1531 2099 accusator
1542 2077 1612 2099 non
1635 2067 1731 2099 fuerit
1751 2066 1908 2100 Meletius
1922 2090 1932 2106 ‚
1960 2066 2007 2109 est

1123 2115 1213 2158 supra
1224 2115 1489 2150 demonstratum.
1518 2116 1562 2149 Et
1571 2115 1773 2149 confirmant
1796 2116 1831 2148 in
1843 2114 2004 2150 exhibitis

1121 2166 1251 2209 Magno
1262 2165 1453 2209 Imperatori
1465 2164 1658 2200 Theodosio
1681 2164 1830 2209 precibus
1854 2167 2003 2201 Romani

1120 2215 1304 2258 Presbyteri
1317 2216 1490 2250 Faustinus
1503 2228 1539 2250 ac
1551 2216 1768 2250 Marcellinus
1782 2228 1788 2247 :
1817 2218 2003 2257 Alexander,

1119 2265 1241 2307 quisuit
1254 2270 1379 2299 Divinae
1392 2270 1420 2298 F
1421 2268 1480 2299 idei
1493 2270 1523 2297 E
1521 2264 1658 2308 piscqvus
1671 2273 1703 2298 in
1717 2267 1903 2309 Alexandria
1914 2292 1923 2307 ‚
1951 2274 2002 2309 qui

1118 2317 1152 2349 l&
1159 2317 1267 2357 plenus
1274 2315 1430 2359 sapientia
1443 2341 1452 2355 ‚
1463 2318 1524 2349 &5
1520 2323 1619 2357 piritu
1631 2314 1882 2358 sam‘loftrvenss
1896 2321 2001 2350 Arium

1112 2371 1231 2406 primus
1240 2367 1274 2399 (θ’
1282 2367 1398 2399 detexit
1409 2390 1419 2405 ,
1446 2367 1481 2399 Θ
1491 2366 1607 2407 expulit
1618 2391 1627 2405 ,
1639 2368 1673 2399 ἐν
1688 2372 1719 2397 in
1728 2374 1907 2407 perpetuum
1918 2368 2001 2399 dam-

1116 2415 1392 2448 navit.Affirmant
1405 2414 1632 2454 Alexandrum
1643 2416 1736 2448 fuisse
1747 2414 1818 2448 Arii
1827 2428 1895 2449 *non
1909 2416 2002 2450 dum-

1115 2475 1203 2498 taxat
1216 2465 1453 2499 Damnatorem
1467 2490 1476 2505 ‚
1505 2465 1558 2499 fed
1571 2466 1604 2499 &
1614 2466 1835 2499 Detestorem.
1858 2466 1940 2499 Non
1965 2467 2001 2499 in

1113 2514 1237 2560 angulo
1249 2525 1303 2548 aut
1316 2516 1438 2549 secreto
1460 2514 1614 2549 cubiculo
1628 2539 1638 2554 ‚
1663 2515 1716 2548 led
1741 2516 1776 2548 in
1798 2515 1999 2550 Baucaliensi

1114 2565 1247 2599 Basilica
1259 2566 1359 2599 Arius
1369 2564 1498 2609 publice
1508 2565 1655 2599 evomuit
1668 2564 1738 2598 suas
1762 2564 1997 2607 blasphemias:

1112 2616 1204 2648 Hinc
1216 2616 1401 2649 accusatore
1413 2627 1495 2659 opus
1507 2614 1694 2649 Alexander
1705 2626 1774 2650 non
1786 2614 1902 2648 habuit
1920 2640 1931 2655 ,
1943 2615 1999 2652 sed

1110 2666 1145 2699 in
1156 2666 1261 2708 ipsum
1272 2665 1421 2708 processit
1432 2677 1475 2700 ex
1488 2666 1622 2701 Officio.

216 221 341 258 &ander
351 244 362 262 ,
386 218 505 254 erudiri
514 214 601 260 juffit
614 215 650 249 in
664 214 799 248 Clerum
812 237 823 253 ,
833 214 867 247 &
880 211 968 245 haud
979 212 1023 245 ita
1037 213 1093 246 diu
1128 246 1130 248 ,

216 271 287 314 post
299 268 458 306 totondit,
470 279 507 301 ac
520 266 682 308 adscripsit
694 265 730 298 in
739 265 830 305 suam
842 261 1010 296 familiam.
1031 263 1097 297 Eo..

214 320 291 355 dem
302 318 479 353 undecimo
490 327 579 360 anno
591 313 783 349 Alexander
793 313 837 348 est
849 313 950 346 faetus
962 312 1092 354 Episco-

214 380 283 413 pus.
304 367 402 412 vErgo
414 365 514 400 Arius
524 366 633 400 statim
644 365 761 413 inipso
773 362 870 406 hujus
880 362 1101 407 Episcopatus,

211 417 350 453 exordio
361 417 461 460 coepit
471 416 623 451 insanire.

261 467 413 500 Sanstum
431 464 649 501 Athanasium
663 490 673 505 ,
698 465 779 499 dum
801 465 837 496 in
859 462 957 497 maris
979 463 1101 500 littore.

210 516 411 560 Episcopum
422 526 531 561 ageret
542 541 553 556 ,
575 517 669 550 fuiffe
689 514 795 548 adhuc
817 524 954 556 puerum
972 512 1090 546 diserte

208 566 321 601 scribit
332 567 488 600 Hermias
510 567 727 600 Zozomenus.
754 563 811 597 Est
834 562 1088 607 intelligendum

205 617 285 651 cum
296 616 528 653 moderamine.
557 617 621 650 Per
631 615 774 649 Puerum
784 613 830 647 est
849 612 1088 657 intelligendus

206 665 420 701 Adolescens.
450 667 585 701 Etenim
596 664 793 701 Athanasius
805 673 884 698 tunc
895 662 1036 697 habebat
1047 662 1088 696 ad

203 717 318 759 minus
330 728 438 751 annos
450 717 600 752 sedecim.
627 716 762 750 Faffllm
773 713 807 747 id
820 715 883 747 fuit
894 713 986 747 istius
998 713 1088 745 saecu-

204 767 231 800 li
241 766 421 801 undecimo
434 790 444 806 ‚
462 767 571 813 primo
581 778 672 801 anno
682 763 867 799 Alexandri
880 760 1085 797 Patriarchae.

205 815 254 850 At
265 815 342 850 vero
352 816 495 859 ejusdem
507 816 613 850 saeculi
636 826 727 849 anno
748 814 904 858 vigefimo
923 814 1013 847 sexto
1034 812 1088 846 de-

206 867 338 900 functus
348 867 394 900 est
406 866 607 906 Alexander,
619 866 652 899 &
663 864 773 899 statim
786 863 930 898 succeffit
941 861 1088 896 Athana-

187 1824 245 1847 cus
256 1812 426 1846 Antonius
437 1813 620 1856 permisisset
632 1813 691 1846 fibi
702 1813 824 1848 lavanti
840 1821 958 1857 aquarn
971 1815 1066 1849 fundi

184 1862 356 1897 &clerica
385 1862 440 1895 An
452 1872 528 1896 ante
540 1863 698 1907 puerilem
719 1863 953 1907 Episcopatum
975 1864 993 1897 a
1015 1877 1068 1908 pa-

183 1911 331 1946 rentibus
340 1935 350 1950 ‚
362 1923 405 1944 an
420 1911 490 1954 post
504 1913 608 1955 ipsum
619 1913 638 1945 a
648 1914 677 1946 S.
690 1911 884 1947 Alexandro
893 1910 1067 1948 suerit’tra-

183 1962 316 1996 ditusin
326 1961 396 1999 &A
403 1961 512 1995 ntonii
524 1961 741 1995 ministerium
762 1973 800 1996 ac
819 1964 1041 2007 Disciplinam
1054 1990 1065 2006 ,

183 2015 253 2045 'non
266 2011 381 2054 poffim
393 2020 498 2044 certus
509 2011 676 2045 affirmare.
699 2011 906 2046 Postremum
918 2012 964 2047 est
977 2025 1063 2048 vero-

181 2061 325 2095 similius.
337 2061 440 2110 Qod
450 2060 649 2095 enim-Clero
659 2061 845 2105 applicandi
860 2063 996 2106 Juvenes
1007 2076 1023 2098 a
1030 2064 1062 2098 li-

180 2115 250 2154 quo
262 2120 408 2154 tempore
426 2111 632 2145 erudirentur
644 2135 654 2151 ‚
681 2123 718 2146 ac
741 2114 1015 2148 mortificarentur
1026 2116 1059 2148 in

179 2160 389 2194 Monasterio
402 2185 412 2200 ‚
435 2160 484 2195 *est
497 2161 763 2204 antiquissima&
783 2175 931 2207 congrua
947 2163 1061 2198 Eccle-

178 2210 230 2245 fiae
239 2210 432 2253 Disciplina.
460 2211 634 2257 Quidquid
645 2212 696 2251 sit,
705 2211 945 2247 adolescentem
955 2209 1061 2248 Atha-

176 2309 340 2344 eruditum
353 2311 385 2344 ὅ(
396 2320 543 2353 paratum
554 2311 664 2345 statim
685 2312 785 2347 Clero
810 2312 970 2356 adscripsit
990 2316 1057 2348 san—

176 2361 245 2394 etus
256 2359 447 2395 Alexander
458 2385 468 2399 ,
495 2371 591 2404 atque
613 2362 658 2396 ita
681 2362 790 2396 statim
810 2363 976 2397 adversum
988 2364 1056 2407 eius

176 2409 385 2453 Episcopalia
394 2410 529 2444 exordia
540 2413 637 2454 coepit
645 2411 746 2446 Arius
758 2412 947 2447 machinari.

229 2458 273 2491 Et
285 2457 355 2493 haec
366 2461 480 2494 omnia
494 2462 526 2493 in
540 2462 660 2506 Magni
673 2462 885 2496 Constantini
898 2464 963 2497 vita
974 2463 1054 2497 luci-

177 2569 238 2592 nos
249 2569 359 2593 motus
370 2559 477 2593 statim
489 2560 506 2592 a
517 2561 642 2594 reddita
655 2561 805 2595 Ecclefiis
819 2574 873 2605 per
881 2563 1050 2598 laudatum

176 2607 362 2652 Principem
375 2620 453 2652 pace
466 2634 476 2649 ‚
486 2610 520 2643 &
532 2611 763 2646 circumductis
774 2613 898 2646 cunetis
908 2613 943 2645 in
955 2612 1050 2647 Chri-

175 2658 233 2691 stia
239 2669 297 2696 nos
309 2659 444 2700 Ediffls,
455 2671 511 2702 per
521 2660 659 2694 Diaboli
671 2661 877 2706 indignantis
889 2663 1048 2697 invidiam

173 2706 328 2742 ebuliiffe.
339 2709 381 2743 Et
392 2710 427 2742 in
437 2710 654 2745 Ecclefiastica
666 2709 800 2746 historia
814 2712 923 2747 scribit
935 2711 1050 2748 Theo-

173 2758 306 2792 doretus
317 2772 328 2791 .·
353 2759 483 2793 Sublatis
504 2762 542 2793 de
561 2763 657 2794 medio
677 2761 803 2803 nefariis
826 2765 886 2796 illis
901 2765 934 2797 ὦ·
945 2770 1046 2806 impiis

172 2810 318 2846 Tyrannis
332 2832 342 2847 ,
370 2812 522 2842 Maxentio
525 2809 637 2852 scilicet
650 2836 660 2852 ,
672 2816 840 2846 Maximino
851 2838 861 2853 ,
872 2825 908 2846 ac
920 2817 1046 2855 Licinio,

169 2856 282 2901 sedata
289 2857 327 2898 est
334 2858 469 2900 Ecclefiae
474 2862 603 2901 procella
616 2885 626 2901 ‚
651 2862 843 2904 quamfuriae
853 2865 913 2897 illa·
925 2889 935 2904 ,
962 2866 1045 2898 velut

173 2908 308 2940 turbines
322 2910 445 2950 quidam
456 2933 466 2947 ‚
490 2917 694 2952 concitarant,
721 2912 914 2956 violentisque
925 2914 1043 2950 flatibus

168 2959 339 2999 compressis,
347 2959 438 3000 firma
450 2960 598 3001 deinceps,
609 2964 817 3004 tranquilitate
827 2963 1045 3005 Ecclefiafrue-

169 3007 266 3040 batur.
294 3007 412 3041 Clausa
424 3020 479 3050 per
491 3010 655 3053 Magnum
672 3012 929 3047 Constantinum
952 3015 1043 3048 *Fana

167 3058 331 3097 Deorum,
343 3058 497 3092 damnata
507 3059 658 3104 sacrilega
668 3062 842 3103 sacrificia,
853 3064 886 3096 &
897 3063 972 3097 data
985 3063 1043 3098 Ec-

167 3107 269 3140 clefiis
280 3107 449 3152 privilegia
461 3108 590 3142 extollit
602 3134 612 3149 ,
623 3120 729 3153 atque
741 3113 959 3155 prosequitur:
988 3118 1042 3147 Ve-

166 3157 371 3198 rumpeffimus
383 3168 473 3200 atque
483 3160 608 3191 invidus
622 3162 745 3193 Daemon
757 3185 767 3201 ,
794 3161 916 3194 hamam·
919 3171 1040 3206 generis·

161 3212 307 3259 pernicies
320 3232 331 3247 ,
357 3219 422 3240 cum
437 3207 593 3247 Ecclesiam
599 3207 727 3251 serundo
746 3223 781 3243 ac
797 3211 935 3254 prospero
956 3212 1040 3256 cursu

161 3254 241 3295 ferri
249 3267 378 3289 cerneret
390 3282 400 3298 ‚
421 3265 491 3299 pati
503 3270 560 3290 non
573 3266 672 3299 potuit
685 3283 695 3298 ‚
715 3258 917 3302 sedpestifera
928 3262 1040 3304 consilia

168 3312 347 3348 excogitavit
356 3332 365 3347 ‚
393 3308 499 3349 quibus
511 3310 593 3341 illam
607 3333 616 3347 ‚
630 3320 686 3350 que
695 3310 732 3342 ab
744 3310 951 3353 Universbrum
964 3318 1040 3345 Con-

1322 2845 1353 2879 C
1379 2843 1411 2878 A
1437 2845 1465 2878 P
1493 2844 1533 2882 U
1559 2845 1597 2880 T
1649 2844 1736 2877 XII
1750 2843 1775 2875 1.

1201 2951 1260 2992 De
1284 2949 1407 2992 'uariis
1430 2949 1517 2993 Arii
1542 2949 1579 2991 in
1602 2948 1738 2993 Errare
1763 2946 1897 2991 Sociis.

1220 3063 1394 3110 Icephorus
1404 3063 1567 3097 Callixtus
1577 3062 1686 3097 scribit
1700 3075 1707 3094 :
1728 3065 1805 3095 Sunt
1825 3069 1877 3104 qui
1887 3065 1990 3098 dicunt
2008 3066 2065 3097 Lib.
2079 3074 2103 3098 3.

1234 3121 1426 3147 contentionis
1437 3112 1527 3153 buius
1538 3114 1630 3144 alium
1651 3122 1785 3145 autorem
1804 3123 1874 3146 ante
1884 3118 1987 3147 Arium
2007 3117 2066 3146 ‘2²1¹-
2080 3119 2104 3144 5-

1094 3164 1182 3206 fuzffe
1197 3166 1412 3202 Alexandrum,
1422 3161 1550 3204 secundo
1561 3161 1663 3195 locoab
1677 3166 1745 3194 Ario
1757 3163 1963 3202 Presbyterum
1978 3189 1988 3204 ,

1102 3215 1261 3246 Baucalim
1271 3221 1436 3255 cognomine
1448 3236 1458 3251 ,
1479 3219 1530 3254 qui
1541 3223 1644 3245 nomen
1655 3213 1692 3244 id
1701 3214 1829 3253 adeptus
1835 3212 1936 3253 fuerit
1948 3226 1986 3247 ex

1098 3261 1343 3307 fitpercrescentis
1356 3268 1457 3296 carnis
1464 3264 1595 3303 pondere
1607 3286 1616 3301 ,
1638 3262 1751 3295 collec‘lo
1759 3269 1793 3294 in
1802 3262 1884 3305 dorso
1894 3266 1959 3304 ejus
1975 3290 1985 3305 ,

1100 3313 1212 3354 testacei
1223 3311 1301 3352 vasis
1305 3311 1414 3353 forma
1425 3336 1435 3351 ,
1456 3313 1536 3354 quod
1549 3313 1747 3345 Alexandrini
1759 3315 1917 3346 vernaculo
1922 3312 1984 3355 Jer-

168 3355 260 3387 ditore
270 3367 305 3388 ac
315 3360 439 3389 Domino
453 3358 682 3400 gubernabatur
695 3383 705 3398 ,
733 3369 866 3393 evertere
886 3367 1037 3395 niteretur.
1100 3375 1195 3401 mone,
1205 3362 1381 3400 Baucalem,
1393 3367 1544 3395 nominare
1551 3360 1655 3404 solen't.
1668 3366 1771 3401 Hune,
1784 3370 1906 3404 inquam
1918 3388 1927 3402 ,
1937 3361 1983 3405 Je-

169 3403 296 3436 Videbat
305 3413 382 3438 em'm
394 3409 558 3440 Gentilium
568 3420 695 3441 errorem
700 3409 891 3450 patefac‘i‘um
903 3435 913 3450 ,
940 3413 974 3444 Θ
985 3424 1039 3444 va·
1097 3414 1209 3445 cundas
1222 3418 1254 3443 in
1267 3414 1354 3444 sacro
1366 3410 1903 3454 Ministerioofferentem,diffi²nstbnis
1915 3423 1983 3444 cau-

166 3458 230 3483 rias
241 3456 410 3487 Daemonum
416 3457 549 3497 fraudes
567 3457 722 3500 perspicue
743 3459 958 3503 deprehensas,
986 3473 1054 3529 πει,
1093 3461 1162 3505 sam
1172 3461 1417 3504 extitiffi’putant
1430 3485 1440 3500 ‚
1450 3463 1528 3494 unde
1536 3460 1633 3502 postea
1643 3468 1721 3494 inter
1734 3462 1982 3494 Alexandrum&

166 3503 294 3543 amplius
306 3504 467 3546 aplurimis
479 3508 598 3539 adorari
609 3518 775 3542 creaturam
788 3534 799 3550 ,
819 3508 878 3553 sed
896 3518 953 3555 pro
973 3510 1056 3574 ipsal
1098 3515 1200 3546 Arium
1207 3517 1351 3547 contentio
1360 3513 1549 3551 commota&
1561 3513 1674 3545 CONs
1675 3513 1752 3544 uBs
1755 3514 1842 3543 TAN
1846 3514 1889 3542 TI
1891 3512 1980 3542 ALIs

635 3563 639 3572 '
1507 3562 1510 3563 ⁷
1915 3567 1982 3602 pro»
