2346 3776
602 137 1044 189 D1ssERTAT10

159 231 269 270 patum
279 223 405 259 obtinuit
416 221 524 255 ritulis
539 243 550 260 ,
571 217 640 254 huic
661 229 760 253 autem
770 218 895 262 succefflt
907 219 1051 264 Philogo·—'

164 283 243 310 ntus,
271 277 361 310 Dum
371 270 451 314 ergo
471 268 672 303 Maximiani
694 281 732 304 ac
753 268 932 304 Maximini
945 294 954 309 ‚
977 269 1035 303 sub

162 326 283 368 quibus
293 322 394 366 passus
403 320 447 353 est
472 321 502 353 S.
528 320 695 353 Lucianus
704 345 715 361 ,
740 320 876 354 ferveret
896 320 1036 362 persecu-

162 375 215 409 tio
225 398 236 414 ‚
248 373 427 415 Tyrannus
439 379 507 403 erat
518 369 706 404 Antiochiae
719 369 896 413 Episcopus
906 393 917 409 ‚
938 379 1038 403 extre-

161 433 237 458 mus
249 421 384 455 istorum
394 420 503 453 trium.
516 419 652 455 Interim
660 430 775 454 omnes
785 429 847 453 tres
858 417 1038 452 damnatio-

161 471 219 507 nes
228 469 502 513 fueruntinjustae.
529 471 672 513 Ipsarum
694 469 837 503 iadicem
857 469 959 512 aperit
972 468 1039 502 lau-

160 520 236 556 data
247 521 276 554 S.
288 520 429 554 Luciani
438 518 514 553 vita.
543 519 695 554 Affirmat
706 518 735 552 S.
750 519 935 553 Lucianum
947 517 1039 552 fuisse

161 570 406 605 famofiffimum
417 595 427 611 ,
453 569 495 604 ab
505 570 701 614 Imperatore
713 569 921 602 Maximiano
934 592 945 608 ‚
971 579 1040 601 om-

162 631 221 656 nes
243 619 422 655 Christiani
443 619 589 654 nominis
609 619 790 654 Columnas
809 629 949 652 evertere
972 627 1039 651 ten-

160 679 254 705 tante
264 695 275 711 ,
302 671 411 714 sepius
423 671 586 714 quaefitum
597 695 608 710 ,
633 668 774 711 ideoque
795 669 826 702 se
838 667 1038 702 abscondisse

160 731 202 754 ac
210 720 358 761 latuisse,
365 729 462 763 atque
471 719 621 765 adjungit
632 731 639 750 :
669 721 818 751 Lucianus
829 720 845 751 e*
855 715 978 751 civitate
988 728 1040 750 ex-

162 771 290 811 cedens,
313 776 347 802 in
358 781 427 813 agro
439 771 567 811 quodam
585 768 706 803 latebat.
737 770 918 800 'Pancratius
940 777 1039 800 autem

162 819 287 862 quidam
300 818 495 852 antiochenus
506 843 517 858 ‚
543 825 594 862 qui
608 817 774 856 Presbyteri
784 819 905 860 quidem
913 826 978 850 erat
991 816 1039 848 bo-

163 880 262 902 norem
273 866 431 911 adsecutus
444 892 454 907 ‚
465 870 543 902 idem
551 880 622 903 vero
625 867 761 911 sentiens
771 869 852 910 quod
861 866 1038 906 Sabbellius,

156 919 229 959 jam
240 919 293 951 diu
301 928 373 951 ante
383 919 463 951 illius
474 921 580 962 gloriae
603 919 745 952 invidens
757 941 767 957 ‚
791 916 887 961 ipsum
903 917 1040 958 prodidit

162 972 262 1010 iisqui
273 967 456 1009 quaerebant.
488 969 610 1003 Evenit
620 969 651 1003 S.
664 967 815 1001 Luciano
830 991 840 1006 ,
866 966 956 1010 quod
969 977 1036 1000 non

162 1016 209 1050 ita
229 1016 354 1051 dudum
376 1027 472 1052 antea
491 1019 775 1052 evenerat-saneto
797 1016 964 1059 Dionysio
981 1015 1039 1049 Pa-

153 1064 307 1101 triarchae
315 1066 553 1102 Alexandrino.
574 1067 756 1102 Sabelliana
769 1065 888 1100 haerefis
898 1066 960 1099 fuit
973 1063 1038 1098 An-

152 1116 291 1151 -tiochiae
301 1118 442 1161 grassata.
472 1118 516 1151 Et
535 1119 585 1151 uti
609 1117 710 1160 ipsam
732 1117 768 1150 in
790 1115 1038 1159 Pentapolitana

160 1165 270 1210 Libya
281 1167 384 1201 dic‘kus
394 1167 576 1209 Dionysius
589 1191 600 1207 ‚
625 1167 671 1200 ita
683 1166 824 1200 eandem
845 1166 879 1199 in
892 1165 1040 1205 Orienta-

161 1215 187 1249 li
195 1216 336 1251 Dioecefi
351 1216 549 1261 impugnans
561 1217 685 1249 sanstus
702 1216 870 1248 Lucianus
889 1213 1020 1248 excesfit
1029 1237 1039 1253 ‚

161 1265 239 1300 licet
250 1277 318 1299 non
329 1266 504 1304 credendi,
529 1274 642 1297 tamen
658 1262 817 1305 loquendi
828 1262 959 1296 limites.
988 1263 1040 1296 De

162 1315 292 1350 Divinae
304 1314 484 1355 Maiestatis
495 1337 505 1353 ,
526 1312 606 1347 dum
618 1311 824 1346 Personalem
835 1311 1039 1346 Trinitatem

159 1373 300 1398 conatur
310 1362 452 1396 stabilire
463 1387 474 1403 ‚
499 1361 656 1397 essentiali
671 1361 816 1396 Unitate
840 1361 992 1395 licentius
1002 1373 1038 1396 ac

159 1414 269 1457 ample
278 1411 419 1447 nimium
429 1413 474 1446 est
488 1412 670 1450 locutus,&
682 1410 874 1455 quibusdam
883 1411 966 1445 visus
976 1412 1039 1445 fuit

159 1464 261 1506 ipsam
282 1462 424 1497 dividere
440 1463 476 1496 in
486 1472 550 1496 tres
560 1462 717 1495 essentias.
746 1461 790 1493 Et
811 1461 862 1494 vel
873 1461 1038 1504 oppressus

159 1513 201 1548 ab
214 1512 437 1552 Adversariis,
465 1512 514 1546 vel
527 1511 686 1555 quosdam
698 1509 859 1544 liberioris
871 1511 932 1543 suae
951 1510 1038 1544 locu-

158 1563 262 1596 tionis
274 1561 390 1596 modos
400 1572 566 1595 recantare
578 1561 694 1595 nolens
705 1585 716 1601 ‚
742 1561 805 1594 fuit
826 1559 998 1594 damnatus
1017 1561 1034 1593 a

159 1610 346 1647 patriarcha
361 1612 492 1645 Timaeo
506 1636 515 1651 ,
541 1623 578 1645 ac
591 1610 733 1645 Ecclesia
741 1609 868 1652 ejeetus.
898 1609 941 1643 Et
952 1609 1036 1643 istud

159 1662 202 1696 de
211 1663 280 1705 ipso
289 1662 451 1704 judicium
462 1662 493 1696 C
495 1662 610 1704 yrillus
620 1673 657 1695 ac
669 1659 853 1703 Tyrannus
864 1660 1036 1693 confirma-

160 1720 286 1745 verunt.
298 1712 430 1745 Harum
441 1712 669 1759 Qaestionum
681 1711 826 1753 pertaesus
837 1709 963 1743 videtur
977 1708 1035 1742 sub

159 1761 315 1803 Tyranni
328 1762 527 1804 Episcopatu
537 1760 686 1804 scripsisse
707 1759 852 1795 Libellos
873 1759 914 1794 de
937 1758 1018 1793 Fide
1026 1783 1036 1799 ,

158 1810 309 1844 laudatos
320 1810 338 1842 ὲ
350 1811 379 1844 S.
393 1811 605 1853 Hieronymo
616 1834 626 1849 ‚
652 1821 689 1843 ac
702 1810 800 1843 etiam
813 1808 984 1851 Epistolas‚
995 1809 1036 1842 de

157 1859 278 1904 quibus
286 1860 327 1892 Su
332 1859 410 1892 idas:
425 1863 575 1892 Lucianus
583 1861 617 1893 Θ·
630 1858 778 1900 Epistulas
791 1860 888 1891 edidit
893 1857 1036 1898 praestan-

157 1910 279 1950 tiffimas
291 1933 301 1948 ,
327 1910 343 1941 ἑ
354 1909 460 1950 quibus
475 1908 622 1949 facillime
642 1907 846 1949 deprehendas
861 1933 871 1948 ‚
898 1919 965 1949 quae
976 1913 1036 1940 viri

157 1957 249 2000 hujus
255 1958 354 2000 fuerit
365 1959 401 1990 de
410 1959 499 1991 rebus
510 1961 633 1990 Divinis
640 1955 803 1999 sententia.
832 1957 890 1990 An
911 1957 971 1991 fint
981 1968 1036 1991 eae-

157 2007 265 2048 dem,
301 2020 380 2051 quas
402 2009 526 2042 sanstus
547 2008 774 2050 Hieronymus
797 2007 933 2040 affirmat
945 2006 1036 2040 fuisse

158 2057 269 2092 breves
281 2082 292 2097 ‚
317 2068 387 2093 non
400 2058 514 2101 possim
527 2057 693 2091 affirmare.
721 2055 897 2104 Qidquid
908 2056 943 2089 sit
957 2080 967 2095 ‚
978 2056 1036 2090 sub

156 2106 315 2151 Tyranni
328 2108 526 2151 Episcopatu
539 2107 643 2150 plures
650 2118 707 2150 pro
723 2107 777 2140 sua
791 2106 856 2139 fide
869 2106 1037 2150 Apologe-

155 2157 242 2192 ticos
253 2157 381 2191 libellos
394 2168 491 2200 atque
512 2156 673 2200 Epistolas
692 2157 832 2199 scripsit,
859 2156 1034 2190 elucidavit

156 2207 215 2241 sua
227 2208 325 2243 Dicta
337 2231 347 2247 ,
376 2208 469 2250 plene
486 2207 678 2252 expurgavit
701 2206 908 2248 semetipsum
921 2230 933 2246 ,
959 2217 996 2240 ac
1016 2207 1034 2239 a

156 2255 325 2300 Tyranno
339 2258 400 2291 fuit
413 2258 447 2291 in
462 2257 610 2291 Gradum
619 2266 763 2300 receptus
775 2257 807 2290 ὅ(
819 2255 1036 2290 Communic-

156 2317 244 2341 nem.
272 2307 382 2341 Etiam
394 2306 578 2350 blasphema
601 2308 657 2351 JE
670 2308 691 2340 S
707 2306 743 2340 U
766 2307 800 2339 δε
814 2305 915 2340 Pilati
931 2305 1013 2339 Asta
1025 2330 1034 2345 ,

155 2368 226 2400 quae
237 2357 348 2400 Jovius
360 2358 569 2391 Maximinus
581 2357 761 2401 Imperator
773 2356 897 2401 fingi&
909 2356 1033 2400 vulgari

155 2417 322 2441 curaverat
335 2432 345 2447 ‚
372 2408 524 2441 refutavit
548 2419 585 2441 ac
606 2406 720 2442 evertit
732 2431 742 2446 ,
770 2416 866 2450 atque
887 2407 932 2439 ita
941 2406 1034 2448 iplius

155 2466 279 2489 nomen
289 2456 413 2499 ubique
422 2457 540 2491 floruit.
570 2456 712 2491 Videtur
725 2455 790 2490 hoc
813 2457 920 2490 fecisse
932 2456 965 2489 N
970 2456 1034 2489 ico-

154 2505 270 2539 mediae
280 2507 315 2539 in
327 2505 428 2539 libera
438 2507 585 2540 custodia
600 2531 610 2546 ‚
629 2507 683 2540 ubi
698 2518 755 2548 pro
768 2505 951 2540 Christanis
962 2507 1035 2539 scri-

155 2554 213 2597 psit
223 2555 323 2589 etiam
337 2567 374 2588 ac
387 2555 472 2590 dixit
486 2555 753 2600 Apologeticum.
776 2556 827 2588 Ex
840 2555 907 2589 istis
915 2557 982 2598 ejus
992 2556 1033 2590 de

154 2603 236 2638 Fide
249 2604 384 2639 Libellis
394 2606 535 2639 omnino
558 2606 684 2640 videtur
704 2607 796 2639 fuisse
817 2605 1011 2648 Symbolum
1023 2631 1033 2646 ,

155 2653 329 2697 postmodo
341 2655 510 2700 vulgatum
523 2656 556 2688 in
568 2656 705 2698 Synodo
730 2655 951 2689 Antiochena.
981 2657 1033 2690 Li-

154 2714 207 2737 cet
220 2704 371 2738 Hermias
379 2706 586 2740 Zozomenus
598 2717 634 2739 ac
648 2704 857 2749 Nicephorus
867 2706 1032 2740 Callixtus

154 2752 258 2787 hacde
268 2765 301 2787 re
313 2753 463 2788 dubitent
475 2780 485 2795 ‚
511 2766 618 2790 meam
631 2766 741 2790 tamen
752 2755 975 2790 adsertionem
983 2758 1032 2790 fir-

154 2813 223 2837 mat
234 2803 319 2846 apud
329 2802 576 2839 S.Athanasium
587 2817 699 2840 extans
707 2805 944 2839 Macedoniani
955 2819 1031 2840 cum

154 2851 357 2888 orthodoxo
370 2854 541 2899 Dialogus.
555 2857 688 2890 Etenim
700 2855 904 2890 Macedonio
915 2868 1031 2901 rogan-

154 2902 181 2936 ti
192 2927 202 2942 ,
231 2903 338 2936 Credis
349 2912 384 2935 ut
392 2903 495 2936 beatus
518 2908 668 2938 Lucianus
682 2929 693 2945 ‚
719 2904 936 2950 Ortliodoxus
959 2907 1029 2940 illic

154 2951 327 2995 respondet
340 2964 346 2982 ι
367 2957 398 2997 J
400 2965 450 2984 am
463 2964 515 2985 nos
536 2957 652 2988 credere
668 2957 735 2987 dixi
746 2980 756 2995 ‚
784 2967 840 2987 non
858 2957 976 2989 tantam
998 2966 1031 2989 ut

152 3003 282 3035 credidit
292 3001 396 3034 beatus
411 3006 560 3035 Lucianus
573 3028 583 3043 ‚
593 3006 699 3038 veriam
709 3012 800 3038 etiam
811 3014 844 3037 ut
856 3017 954 3039 omnes
960 3005 1030 3048 san-

151 3052 192 3085 c‘li
204 3055 351 3090 Martyres
363 3054 397 3085 ὼ·
408 3051 535 3093 Apostoli
565 3053 607 3086 Et
628 3054 744 3088 iterum
767 3057 898 3098 roganti
918 3055 1031 3089 Mace-

150 3101 260 3135 donio
273 3124 284 3141 ,
310 3103 401 3143 ,Quid
408 3108 440 3134 in
453 3102 626 3143 Confeffione
650 3107 775 3136 Luciani
785 3106 913 3137 damnas
926 3107 942 3136 ?
968 3108 1030 3140 Or-

152 3149 321 3185 thodoxus
332 3152 460 3194 reponit
477 3164 483 3182 :
514 3154 681 3184 Condemno
690 3153 815 3192 vestrum
826 3155 902 3187 illud
909 3156 1029 3187 addita-

151 3209 284 3233 mentum
295 3226 304 3241 ,
330 3203 419 3243 idque
427 3201 536 3244 poffum
549 3201 743 3241 demonstrare
755 3205 772 3234 ἆ
786 3204 869 3236 vobis
880 3205 1028 3245 adjellum

152 3249 205 3290 effe
224 3259 325 3282 contra
344 3253 409 3291 ejus
424 3249 614 3293 sententiam.
654 3252 804 3285 Affirmat
834 3253 928 3287 istam
951 3254 1026 3289 fidei

156 3299 402 3334 Confeffionem
414 3301 476 3335 esse
487 3302 559 3334 vere
570 3301 709 3335 Luciani
722 3325 732 3340 ,
758 3301 811 3335 sed
820 3313 875 3344 per
885 3304 1027 3338 Arianos

156 3359 193 3379 ac
207 3347 468 3384 Macedonianos
477 3352 603 3384 anetam
626 3361 723 3394 atque
742 3361 937 3395 corruptam.
965 3354 1027 3388 Lu-

157 3397 290 3431 cianum
299 3399 416 3433 assidue
434 3401 552 3443 apellat
577 3400 705 3434 beatum
719 3426 729 3441 ‚
757 3403 924 3444 profitetur
934 3403 1024 3437 istam

156 3445 233 3479 fidei
245 3446 432 3481 Formulam
442 3451 504 3483 esse
514 3450 654 3484 omnino
675 3452 768 3493 iplius
792 3475 801 3490 ,
827 3451 1024 3487 demonstrat

156 3506 342 3538 corruptam
355 3497 396 3529 ab
408 3498 541 3532 Arianis
550 3511 587 3533 ac
599 3499 683 3535 male
696 3501 856 3546 intelligi,
866 3511 962 3547 atque
972 3503 1025 3538 ad-

258 3545 372 3588 Dffert.
384 3549 506 3581 Prooem.
519 3552 597 3582 Tom.
607 3554 629 3583 Ι.

1095 137 1512 190 PROOEMIALIS.
1919 167 1965 203 57

1101 221 1228 265 jungit:
1257 224 1373 254 Beatus
1387 226 1536 255 Lucianus
1547 245 1558 262 ‚
1584 229 1647 252 cum
1658 221 1766 267 diceret
1782 224 1892 256 Filium
1915 223 1968 266 esse

1098 276 1255 314 Imaginem
1267 274 1371 304 Patris
1379 274 1504 315 effentiae
1515 296 1525 312 ,
1553 272 1587 305 e·
1595 268 1698 312 consilii
1709 294 1719 310 ‚
1744 270 1779 303 6·
1793 272 1944 311 potestatis
1957 296 1970 312 ‚

1099 322 1244 364 &gloriae
1254 332 1310 353 non
1319 319 1472 364 diversam
1484 346 1494 362 ,
1517 329 1574 363 per
1586 322 1699 355 Filium
1710 344 1722 360 ‚
1747 321 1827 362 quod
1846 331 1883 352 ex
1903 321 1969 363 ipsa

1099 370 1217 412 effentia
1228 371 1295 413 esset
1304 395 1314 410 ,
1334 380 1391 412 per
1402 372 1478 404 illud
1486 396 1496 411 ,
1523 383 1581 404 non
1593 368 1746 413 diversam
1758 394 1767 410 ‚
1780 372 1970 402 identitatem

1099 418 1227 459 ostendit.
1254 421 1299 453 Et
1310 421 1391 454 infra
1406 433 1412 452 :
1440 422 1593 464 ,Quipoffis
1601 424 1621 453 5
1617 427 1745 463 piritum
1757 421 1852 453 dicere
1864 423 1972 459 Deum,

1101 474 1151 511 qui
1161 468 1244 501 nobis
1255 472 1378 503 eandem
1393 471 1540 513 essentiam
1559 473 1594 505 &
1607 472 1735 515 gloriam
1757 495 1767 510 ‚
1793 471 1872 503 idem
1890 467 1972 509 confi-

1100 520 1172 551 itum
1182 542 1194 558 ,
1219 520 1399 562 eandemque
1405 521 1578 561 potestatem
1599 527 1705 556 Patris
1732 521 1766 553 ὠ*
1776 523 1805 552 F
1807 520 1850 553 ilii
1852 518 1952 561 fateri
1962 541 1974 557 ,

1102 569 1136 601 &
1147 576 1308 610 compertus
1313 569 1354 611 fis
1365 569 1421 612 ipsi
1436 571 1516 603 beati
1540 574 1665 602 Luciam·
1682 569 1858 610 confeffioni,
1885 579 1975 611 quam

1102 618 1265 659 opponebas
1277 644 1288 659 ,
1314 626 1463 652 contraria
1468 619 1581 663 sentire
1593 620 1608 651 ἒ
1627 624 1672 652 Et
1682 621 1736 652 tibi
1747 619 1802 661 ipfi
1808 644 1817 659 ‚
1842 620 1877 652 Θ
1890 618 1977 651 beato

1102 671 1231 700 Luciano
1242 671 1427 703 contradicis.

1149 717 1248 751 Plura
1261 717 1339 752 hinc
1349 719 1511 754 discimus.
1539 718 1653 752 Primo
1664 743 1674 758 ,
1700 717 1789 762 quod
1809 718 1975 751 Lucianus

1100 767 1135 799 sit
1147 767 1219 800 vere
1229 769 1362 802 sanstus.
1388 767 1540 803 Secundo
1552 793 1562 808 ‚
1589 768 1677 812 quod
1691 768 1748 801 ista
1761 765 1974 800 Antiochena

1101 815 1176 849 fidei
1199 817 1354 852 Formula
1373 819 1411 852 fit
1432 820 1505 853 vere
1527 819 1629 862 ipsius.
1664 817 1784 852 Tertio
1797 841 1808 857 ,
1835 816 1924 860 quod
1937 816 1975 849 sit

1101 864 1195 908 plene
1204 865 1399 902 orthodoxa.
1426 868 1554 917 Qarto
1564 893 1575 908 ‚
1586 868 1675 912 quod
1687 879 1741 911 per
1754 866 1895 900 Arianos
1907 866 1974 899 fue-

1101 915 1141 948 rit
1152 925 1311 959 corrupta.
1340 918 1503 952 Lucianaei
1516 918 1557 952 de
1569 918 1633 953 fide
1657 929 1725 952 non
1746 917 1836 951 Libri
1857 925 1949 950 erant
1962 939 1974 955 ,

1101 963 1154 998 sed
1162 963 1333 999 dumtaxat
1341 967 1468 1001 Libelli.
1489 969 1591 1002 Erant
1602 967 1722 1002 Libelli
1735 966 1948 1010 Apologetici
1963 989 1974 1005 ,

1102 1013 1219 1056 quibus
1230 1016 1320 1048 suam
1332 1040 1342 1055 ‚
1353 1016 1438 1059 apud
1450 1017 1572 1051 multos
1582 1017 1717 1052 dubiam
1729 1019 1762 1051 ὅ(
1775 1018 1951 1059 suspectam
1963 1039 1974 1055 ,

1098 1063 1139 1097 de
1152 1062 1429 1099 Consubstantiali
1442 1067 1541 1099 trium
1563 1067 1746 1100 divinarum
1760 1067 1975 1100 Personarum

1100 1112 1245 1147 Unitate
1256 1123 1353 1157 atque
1363 1116 1494 1149 essentia
1517 1115 1617 1150 fidem
1635 1117 1668 1150 &
1692 1127 1846 1159 nuper-am
1857 1115 1976 1148 destri-

1099 1172 1176 1202 nam
1193 1164 1378 1207 exponebat
1400 1165 1568 1199 Lucianus
1590 1190 1600 1205 ,
1626 1175 1724 1209 atque
1746 1165 1821 1198 ideo
1843 1164 1976 1197 formati

1098 1222 1190 1246 erant
1201 1212 1242 1249 ad
1252 1214 1388 1248 modum
1400 1214 1610 1249 Profeffionis
1621 1216 1652 1249 &
1664 1215 1821 1261 Symboli.
1840 1215 1919 1247 Haec
1929 1214 1975 1248 est

1099 1263 1233 1305 antiqua
1245 1264 1331 1307 apud
1344 1264 1454 1298 Patres
1475 1264 1672 1309 fignificatio
1694 1266 1784 1300 vocis
1797 1289 1807 1304 ‚
1834 1265 1975 1297 Libellus.

1100 1311 1203 1345 Porro
1215 1314 1251 1345 in
1262 1314 1335 1357 ipsis
1346 1313 1428 1348 adeo
1441 1315 1568 1348 nullum
1591 1325 1658 1349 erat
1680 1327 1739 1358 pro
1760 1314 1894 1348 Arianis
1904 1315 1976 1348 fun-

1098 1361 1310 1403 damentum,
1335 1373 1373 1396 ut
1383 1364 1430 1397 eis
1441 1365 1488 1397 uti
1507 1376 1575 1398 non
1589 1366 1756 1408 potuerint
1770 1389 1781 1404 ,
1806 1365 1864 1397 nisi
1888 1364 1978 1407 prius.

1098 1413 1319 1455 corrupissent.
1334 1412 1468 1447 Unicus
1480 1414 1686 1448 fundamenti
1701 1416 1794 1448 fucus
1804 1412 1975 1456 erat,quod

1099 1461 1166 1496 illic
1180 1474 1249 1496 non
1260 1462 1337 1496 esset
1347 1474 1412 1496 vox
1424 1487 1434 1502 ‚
1459 1461 1721 1505 Consubstantiale.
1759 1464 1804 1496 Et
1816 1462 1897 1505 quid
1910 1473 1975 1496 ma-

1098 1505 1146 1544 li?
1164 1512 1197 1545 N
1201 1512 1299 1545 icaena
1309 1512 1399 1546 enim
1411 1512 1564 1554 Synodus
1575 1513 1669 1547 istam
1680 1537 1691 1554 ‚
1704 1513 1745 1547 ab
1760 1511 1976 1547 Antiochena

1096 1561 1178 1595 olim
1200 1561 1339 1595 Luciani
1373 1561 1516 1596 Ecclesia
1536 1563 1570 1596 δε
1589 1564 1726 1606 Synodo
1745 1563 1953 1606 proscriptam
1963 1586 1976 1603 ‚

1098 1621 1211 1651 vocem
1223 1610 1363 1646 necdum
1372 1611 1544 1646 induxerat
1558 1613 1593 1646 in
1602 1614 1865 1648 EcclefiasHinc
1873 1613 1976 1656 ipsam

1098 1662 1177 1695 item
1189 1673 1257 1695 non
1268 1660 1365 1695 habet
1376 1663 1498 1696 acris&
1506 1662 1623 1697 acerba
1635 1664 1750 1708 magni
1761 1662 1976 1697 Constantini

1096 1711 1247 1745 adversus
1262 1711 1380 1745 Arium
1392 1713 1425 1746 ὅ(
1437 1711 1582 1747 Arianos
1604 1713 1759 1757 Epistola.
1788 1714 1861 1747 Nec
1881 1711 1975 1746 dubi-

1095 1761 1244 1803 tandum,
1255 1762 1335 1805 quin
1349 1761 1563 1797 Antiochena
1579 1764 1811 1797 Encaeniorum
1822 1760 1976 1806 Synodus

1096 1811 1283 1853 produxerit
1294 1812 1391 1855 quam
1404 1813 1540 1847 minime
1550 1812 1609 1847 fibi
1621 1813 1788 1848 adversum
1807 1811 1975 1855 exemplar

1098 1861 1265 1894 Lucianaei
1287 1861 1414 1895 Libelli.
1452 1863 1496 1896 Et
1514 1864 1673 1906 quoniam
1694 1862 1749 1897 hic
1770 1863 1815 1897 est
1832 1859 1976 1896 omnino

1095 1909 1311 1944 Orthodoxus
1321 1935 1331 1950 ‚
1360 1921 1484 1945 certum
1494 1912 1539 1945 est
1550 1912 1633 1946 alios
1643 1938 1653 1953 ‚
1681 1925 1763 1956 quos
1776 1912 1892 1946 Ariani
1905 1922 1975 1944 non

1095 1970 1322 2004 corruperunt,
1334 1962 1427 1995 fuisse
1436 1962 1589 2005 puriores.
1602 1963 1719 1996 Ariani
1728 1963 1901 1996 trastarunt
1913 1959 1976 1994 hos

1095 2010 1242 2044 Libellos
1253 2034 1264 2050 ,
1274 2010 1444 2053 quomodo
1457 2011 1599 2045 famosos
1608 2013 1706 2045 sandii
1718 2012 1860 2055 Dionysi
1873 2012 1977 2045 Areo-

1094 2060 1211 2104 pagitae
1221 2059 1369 2093 Libellos
1388 2060 1497 2103 postea
1508 2061 1684 2094 trastarunt
1706 2059 1973 2104 Eutychianist3.

1096 2109 1208 2142 Ambo
1230 2109 1336 2143 venati
1359 2110 1432 2143 sunt
1452 2111 1599 2144 fomenta
1610 2112 1657 2144 sui
1678 2112 1764 2155 pravi
1783 2111 1971 2155 Dogmatis.

1097 2159 1139 2192 Et
1151 2170 1186 2193 ut
1198 2159 1238 2192 ad
1251 2160 1402 2202 Dionysii
1417 2160 1539 2203 Scripta
1551 2161 1690 2204 primum
1697 2161 1867 2205 cespitavit
1881 2186 1891 2202 ‚
1910 2172 1975 2195 ma-

1095 2208 1165 2242 ture
1175 2220 1284 2243 autem
1297 2209 1432 2243 discussa
1444 2210 1605 2252 probavit,
1614 2211 1697 2245 acin
1707 2210 1975 2254 Eutychianistas

1095 2259 1219 2293 retorsit
1231 2260 1342 2293 Mater
1356 2260 1496 2293 Ecclesia
1508 2285 1518 2300 ‚
1548 2261 1592 2293 ita
1612 2261 1712 2295 etiam
1724 2262 1871 2295 tractavit
1883 2260 1976 2294 Aria-

1095 2320 1155 2342 nos
1168 2333 1178 2349 ,
1190 2321 1226 2343 ac
1239 2308 1386 2343 Libellos
1398 2310 1549 2343 Luciani.
1560 2310 1704 2344 Proinde
1716 2321 1840 2345 certum
1851 2310 1896 2344 est
1908 2311 1972 2343 Lu-

1094 2359 1224 2392 cianum
1235 2383 1245 2398 ‚
1265 2370 1438 2402 antequam
1460 2359 1477 2391 a
1501 2360 1710 2394 Maximiano
1723 2371 1889 2404 caperetur
1898 2385 1908 2400 ‚
1941 2361 1976 2393 &

1093 2408 1264 2442 duceretur
1272 2409 1506 2443 Nicomediam
1519 2434 1528 2450 ,
1556 2410 1649 2444 fuisse
1661 2422 1699 2444 ex
1710 2411 1839 2455 integro
1860 2421 1976 2455 purga-

1094 2469 1164 2492 tum
1176 2470 1212 2492 ac
1235 2469 1422 2502 reparatum.
1449 2460 1631 2506 Qomodo
1653 2460 1730 2494 alias
1749 2461 1855 2494 suisset
1879 2470 1976 2494 tantas

1092 2508 1205 2552 gloriae
1229 2508 1314 2552 apud
1332 2520 1446 2542 omnes
1471 2509 1625 2543 Ecclefias
1642 2512 1654 2543 ?
1681 2511 1797 2544 Certus
1819 2510 1974 2544 existimo

1093 2558 1182 2602 quod
1203 2557 1269 2592 haec
1292 2560 1443 2603 purgatio
1464 2569 1562 2602 atque
1583 2561 1742 2603 reparatio
1756 2561 1895 2603 priorem
1921 2559 1978 2593 illi

1091 2608 1233 2652 gloriam
1244 2620 1312 2642 non
1324 2608 1555 2644 tantummodo
1566 2609 1660 2652 plene
1672 2610 1869 2644 reddiderint
1880 2634 1892 2650 ‚
1916 2608 1972 2643 sed

1091 2659 1190 2692 etiam
1202 2659 1410 2692 auxerint-Et
1422 2658 1499 2692 hinc
1511 2659 1622 2693 invida
1635 2661 1739 2694 rabies
1750 2660 1973 2693 Sabellianum

1093 2708 1301 2742 Pancratium
1314 2709 1445 2752 impulit
1456 2709 1497 2742 ad
1509 2710 1693 2743 Lucianum
1707 2734 1716 2748 ‚
1729 2721 1826 2753 quem
1840 2709 1973 2751 Episco-

1092 2758 1156 2801 pali
1169 2759 1309 2801 amplis&
1329 2771 1398 2792 non
1416 2769 1542 2801 poterat
1554 2783 1564 2798 ‚
1592 2760 1755 2803 lmperiali
1776 2759 1888 2803 gladio
1900 2769 1970 2801 pro-

1090 2808 1236 2841 dendum
1249 2819 1346 2851 atque
1354 2808 1563 2852 perdendum.
1591 2810 1635 2842 Et
1655 2809 1737 2842 tanti
1759 2809 1912 2842 Doctoris
1922 2819 1970 2842 re-

1091 2860 1174 2891 &am
1185 2858 1284 2891 fidem
1295 2859 1424 2902 magnis
1436 2859 1543 2891 statim
1563 2858 1632 2901 post
1658 2859 1857 2900 Martyrium
1869 2858 1970 2891 Mira-

1089 2907 1172 2940 culis
1184 2908 1307 2940 Divina
1322 2908 1485 2951 Maiestas,
1496 2907 1626 2942 eximiis
1636 2906 1777 2941 Fabricis
1791 2907 1969 2950 Imperator

1091 2956 1329 2991 Constantinus
1341 2970 1378 2991 ac
1399 2957 1466 2999 ejus
1484 2958 1591 2991 Mater
1612 2957 1742 2994 Helena
1764 2956 1970 2991 declararunt

1090 3017 1186 3049 atque
1198 3005 1456 3041 honorarunt.Et
1468 3017 1577 3051 praeter
1589 3007 1729 3040 sanetum
1740 3006 1967 3041 Alexandrum

1093 3069 1150 3090 nec
1162 3068 1300 3100 magnus
1315 3056 1510 3091 Athanasius
1522 3080 1532 3095 ‚
1544 3066 1604 3088 nec
1617 3055 1701 3089 ullus
1712 3056 1859 3090 Ecclefiae
1869 3056 1967 3091 Pater

1089 3107 1258 3140 accusavit.
1285 3108 1419 3140 Sanstus
1430 3104 1615 3139 Alexander
1629 3129 1640 3145 ‚
1662 3105 1802 3139 Luciani
1826 3107 1964 3141 nomine

1089 3155 1218 3189 territus
1235 3167 1274 3188 ex
1286 3157 1472 3198 improviso,
1484 3154 1611 3188 videtur
1619 3166 1660 3189 ex
1671 3156 1815 3199 quodam
1826 3158 1967 3199 praecipi-

1088 3207 1137 3238 tio
1151 3205 1306 3246 scripsisse.
1333 3204 1434 3251 Qod
1447 3205 1475 3236 S.
1490 3203 1629 3238 Luciani
1641 3217 1758 3248 corpus
1781 3207 1967 3248 posteriori-'

1088 3255 1146 3289 bus
1157 3254 1275 3287 saeculis
1290 3255 1384 3287 fuerit
1397 3254 1613 3288 transmissum
1635 3255 1763 3299 Magno
1785 3256 1908 3290 Carolo
1927 3257 1963 3289 in

1087 3304 1212 3338 Gallias
1225 3328 1234 3342 ‚
1247 3305 1280 3337 ὅ(
1292 3304 1309 3336 a
1320 3303 1476 3347 Turpino
1489 3304 1700 3338 Remenfium
1712 3303 1961 3349 Archi-Episco·

1085 3354 1283 3398 polocatum
1297 3377 1308 3392 ,
1320 3365 1357 3387 ac
1367 3364 1478 3387 annuo
1490 3353 1585 3387 Festo
1596 3353 1784 3388 decoratum
1807 3355 1842 3388 in
1854 3355 1964 3389 Arela-

1085 3405 1163 3438 tensi
1177 3403 1468 3443 Ecclefia‚affirmat
1479 3404 1514 3436 in
1528 3402 1702 3437 Gallicano
1715 3405 1963 3448 Martyrologio

1086 3452 1234 3486 Andreas
1246 3453 1519 3496 Saussayus.Hinc
1534 3453 1624 3496 plura
1636 3454 1837 3487 Gallicarum
1849 3457 1960 3490 Eccle-

1085 3504 1199 3538 siarum
1210 3502 1451 3548 Martyrologia
1463 3502 1615 3585 laudanIt-I
1607 3503 1748 3538 eundem
1764 3504 1852 3538 Mart
1855 3517 1958 3588 yrsem.

1907 3567 1963 3589 an⁴
