2346 3776
108 654 247 697 Epist.24.'

370 127 466 173 194

286 198 429 236 seeundo
446 223 458 240 ,
479 198 516 234 ἀ
538 195 691 244 omnium
709 203 808 233 antea
820 195 1033 243 cognitorum
1046 193 1182 229 fuitob-.

286 250 386 291 litus,
413 258 525 295 praeter
543 251 639 284 Pater
663 247 754 289 noster
767 270 779 287 ,
805 246 946 292 Credoin
959 249 1077 284 Deum,
1103 245 1169 278 Glo-

284 297 336 334 ria
355 305 389 334 in
411 298 527 343 excelfis
539 322 551 340 ,
576 296 753 342 Magnificat
775 320 787 338 ‚
813 297 850 330 <5³
869 294 1076 330 Benediilus:
1102 304 1177 339 pro—

285 349 365 387 inde
377 344 458 392 'Ave
475 349 585 385 Maria
607 357 665 383 aut
687 345 858 392 ignoravit
882 356 1000 390 antea,
1026 354 1083 380 aut
1110 344 1174 379 fuit

284 400 387 436 etiam
405 399 532 435 oblitus
551 423 563 440 ,
589 398 623 432 &
646 397 688 431 fic
709 396 768 432 ista
790 396 828 432 in
852 397 1032 440 Deiparam
1059 392 1176 440 Virgi-

283 463 364 487 nem
379 451 483 498 pietas
503 447 645 484 necdum
658 445 790 492 vigebat
801 471 810 481 .
838 446 943 491 Igitur
955 446 1063 491 vigere
1074 447 1174 490 coepit

283 502 396 538 medio
413 509 563 544 tempore
582 498 669 532 intra
693 496 820 533 dietum
835 496 1036 542 Urbanum,
1066 508 1104 532 ac
1115 496 1170 531 ln-

282 551 496 588 nocentium.
525 549 650 594 Ignoto
669 548 874 583 Austorem.
900 547 1035 583 Sanctus
1048 546 1168 581 Domi-

281 602 377 638 nicus
387 600 452 635 fuit
464 609 605 645 magnus
616 597 706 633 illius
729 607 945 643 propagator.
1111 646 1113 648 ι

331 652 467 687 Zoenus
477 650 659 695 Episcopus
669 648 752 684 reste
772 648 879 683 sanxit
905 659 1021 692 pueros
1046 648 1172 690 septen-

282 713 342 739 nes
352 700 509 737 omnibus
519 699 712 735 Dominicis
736 710 775 734 ac
788 698 912 733 festivis
927 697 1043 732 diebus
1066 696 1170 732 dedu-

279 754 315 788 ci
327 752 368 788 ad
380 751 561 787 Ecclesiam
585 750 620 784 δε
630 750 715 784 circa
736 747 929 784 necessarios
942 746 1037 782 Fidei
1056 747 1173 782 articu-

282 803 335 838 los
345 802 490 838 erudiri.
515 800 574 835 Est
599 799 832 844 Apostolicurn
859 795 1068 837 institutum.
1097 797 1172 832 Ete-

280 854 355 889 nim
375 853 412 887 in
423 852 540 886 litteris
561 849 603 885 ad
636 850 731 883 suum
741 847 875 883 Clerum
887 848 1022 882 Sanctus
1033 847 1172 892 Cypria-

277 915 345 939 ·nus
365 901 503 936 scribit:
530 904 678 943 optatum
703 903 784 932 inter
808 897 927 931 lec‘lores
950 897 1106 932 Doaqorum
1116 910 1171 932 au-

281 954 431 991 dientium
441 950 652 992 constitatmus.
682 947 726 983 Et
737 948 773 984 in
785 949 842 982 sua
852 947 1003 983 adversus
1013 948 1167 984 Sanctum

280 999 535 1045 Hieronymum
559 998 727 1033 Investiva
740 997 914 1042 Presbyter
940 998 1095 1033 Ruffinus
1115 998 1167 1033 ha-

281 1052 340 1089 bet
364 1052 406 1087 de
430 1049 576 1085 Eusebio
587 1046 806 1093 Aquilejenfis
829 1047 975 1083 Ecclessae,
995 1049 1171 1085 Diacono:

280 1106 377 1139 Pater
399 1100 474 1135 mibi
509 1101 546 1135 Θ
566 1098 675 1134 noller
693 1099 818 1138 symboli
841 1111 878 1133 ac
892 1099 966 1142 fidei
982 1098 1050 1141 fuit
1069 1125 1078 1133 .
1125 1100 1168 1134 Et

279 1143 405 1188 librum
417 1151 460 1186 de
471 1149 725 1193 Catecbizandis
745 1148 882 1184 rudibus
910 1149 1042 1184 Sanetus
1054 1149 1171 1195 Augu-

280 1205 385 1240 stinus
398 1201 519 1246 scripfit
542 1200 585 1235 ad
605 1200 814 1244 Deo-gratias
842 1199 1036 1235 Diaconum
1061 1200 1168 1239 &Ca-

280 1253 456 1290 techistam
467 1249 734 1295 Carthaginiensis
748 1249 918 1284 Eccleliae.
946 1250 991 1284 Et
1016 1251 1103 1285 inter
1114 1262 1170 1284 an—

281 1304 390 1347 tiquas
402 1299 783 1344 Constantinopolitanae
794 1298 943 1334 Ecclesiae
954 1300 1146 1345 Dignitates
1157 1325 1166 1342 ,

281 1354 330 1390 est
342 1352 491 1388 officium
501 1348 706 1387 Catechistae.
733 1349 833 1385 Adeo
844 1349 915 1384 illic
926 1350 1076 1386 eminens
1091 1353 1165 1386 sem·

283 1415 341 1449 per
363 1403 426 1439 fuit
446 1400 533 1436 istud
552 1401 723 1436 officium.
749 1401 933 1448 Rationem
944 1399 1002 1435 dat
1022 1397 1059 1436 ih
1071 1401 1164 1436 tertia

284 1455 379 1498 super
405 1452 543 1497 primam
570 1450 612 1485 ad
623 1448 1002 1493 Corinthiosepistolam
1027 1450 1166 1486 homilia

285 1504 471 1548 Episcopus
512 1500 655 1545 ejusdem
682 1500 833 1535 Ecclefiae
855 1501 991 1535 Sanctus
1027 1499 1170 1545 Joannes

286 1553 566 1598 Chrysostomus,
593 1550 750 1595 Apostoli
761 1550 916 1586 verbum:
943 1553 1017 1585 Non
1038 1551 1170 1595 mifitme

286 1604 423 1646 Christus
450 1602 633 1645 baptizare,
653 1599 714 1644 sed
736 1600 948 1645 evangelizare
964 1624 976 1642 ‚
1001 1612 1170 1643 commen-

284 1666 376 1690 tans:
404 1653 499 1698 ‚Quod
505 1661 571 1686 erat
581 1649 741 1695 laboriosus
751 1675 762 1692 ,
788 1652 823 1685 δ’
834 1652 932 1684 multa
947 1652 1090 1695 indigens
1099 1660 1168 1694 per·
1194 1680 1203 1693 N

281 1706 401 1750 peffione
429 1705 463 1738 &
488 1703 670 1741 tolerantia,
695 1702 730 1735 <ir
747 1700 848 1742 ferreo
873 1706 973 1734 animo
989 1726 1000 1742 ‚
1027 1703 1062 1736 ὁ·
1087 1703 1168 1744 quod

284 1761 385 1789 omnia
405 1752 574 1787 continebat
586 1777 597 1792 ,
621 1751 672 1784 boc
693 1760 779 1785 erat.
806 1754 853 1784 Et
871 1752 937 1784 ideo
961 1753 997 1784 id
1012 1751 1167 1784 trac‘labat

287 1807 422 1841 Paulus.
448 1807 495 1836 Et
506 1814 669 1846 quamnam
679 1801 713 1834 ob
724 1799 843 1843 causam
861 1812 918 1834 non
930 1802 1028 1844 miffus
1053 1803 1098 1834 ad
1114 1802 1168 1835 ba-

281 1855 468 1899 ptizandum
478 1852 681 1895 baptizabat?
707 1849 1076 1894 nonpugnansadverfits
1099 1863 1165 1885 eum

285 1911 336 1951 qui
358 1902 502 1946 miserat,
523 1900 642 1946 sedboc
658 1900 782 1942 faciens
802 1912 841 1934 ex
853 1899 1064 1936 abundantii«.
1095 1905 1168 1934 Non

285 1961 366 1992 enim
377 1955 459 1987 dixit
477 1951 511 1996 se
533 1952 583 1996 effie
589 1950 793 1994 prohibitum,
817 1948 879 1993 sed
901 1952 947 1983 ad
964 1949 1015 1983 boc
1037 1963 1096 1984 non
1118 1951 1171 1994 effi·

285 2005 400 2049 miffim
415 2029 425 2044 ,
452 2015 559 2038 verum
580 2002 624 2034 ad
641 2012 705 2034 rem
717 2002 851 2033 maxim«,³
861 2001 1050 2043 necessariam
1063 2026 1074 2042 ,
1094 2013 1168 2034 nam

286 2055 515 2098 Evangelizane
543 2052 662 2095 quidem
674 2049 712 2089 est
726 2055 816 2083 unius
841 2052 876 2084 (ν
897 2051 1044 2091 alterius,
1069 2051 1169 2092 bapti-

286 2116 360 2140 zare
380 2113 481 2137 autem
503 2101 541 2143 est
553 2100 711 2142 cujuslibet
728 2101 1035 2141 praeditisacerdotio
1048 2125 1056 2132 .
1083 2104 1170 2133 Nam

287 2166 366 2192 nunc
390 2163 503 2197 quoque
522 2149 748 2195 simplicioribus
775 2148 958 2188 Presbmrts
983 2149 1034 2183 hoc
1058 2162 1166 2184 munus

284 2205 468 2240 mandamus
482 2227 493 2243 ‚
521 2201 648 2236 Verbum
661 2208 762 2232 autem
772 2200 818 2231 ad
833 2200 993 2233 docendum
1010 2207 1169 2242 pertinens

284 2252 518 2300 sapientioribus
533 2277 540 2284 .
569 2252 631 2284 Illic
642 2254 720 2283 enim
744 2248 870 2290 &labor
887 2251 922 2283 Θ
925 2248 1032 2293 sudor.
1064 2253 1171 2294 ‚Quan-

287 2307 327 2340 do
337 2301 488 2345 Catecbefi
497 2300 580 2349 [unffi
599 2300 751 2334 imbuendi
776 2298 992 2342 &instituendi
1014 2299 1147 2342 infideles
1159 2324 1170 2341 ‚
1232 2323 1249 2340 x

287 2356 379 2392 multo
390 2354 489 2389 labore
506 2377 516 2392 ,
540 2353 574 2386 (ν
585 2351 681 2384 multa
698 2342 829 2392 opus‘est
835 2348 1008 2392 sapientia.
1037 2349 1091 2384 Ex
1103 2362 1170 2394 quo

288 2405 381 2439 vides
393 2401 771 2444 Constantinopolitanae
782 2410 863 2435 tunc
881 2399 1043 2442 ate-omnis
1051 2401 1169 2436 Orien*
1229 2428 1233 2430 .

289 2454 366 2489 talis
394 2453 544 2487 Ecclefiae
570 2449 771 2486 Catechistas
795 2460 866 2493 non
889 2450 987 2491 fuisse
1000 2450 1171 2486 Diaconos

287 2514 348 2540 aut
374 2502 530 2541 lestotes,
556 2500 610 2534 sed
624 2500 835 2543 sapientiores
856 2499 1086 2543 Presbyteros.
1113 2501 1167 2535 Et-

287 2554 379 2590 enim
387 2554 420 2587 &
431 2551 596 2586 Charisius
606 2548 1049 2593 philadelphienfisEcclesie
1058 2551 1094 2584 in
1105 2551 1172 2594 Ly-

287 2604 344 2638 dia
354 2601 541 2644 Presbyter,
567 2600 622 2643 qui
637 2598 862 2642 blasphemum
875 2598 1050 2634 Theodori
1071 2601 1170 2643 Mop-

288 2652 467 2689 suestiensis
494 2649 649 2695 Episcopi
672 2648 868 2692 Symbolum
892 2649 1057 2684 accusavit
1083 2649 1170 2693 apud

290 2702 491 2747 Ephefinam
503 2698 699 2744 Synodum,
725 2698 850 2733 videtur
872 2699 964 2733 fuiffe
985 2698 1170 2734 Catechista

290 2753 435 2797 ejusdem
463 2750 610 2786 Ecclesiae
634 2762 642 2782 :
679 2749 715 2783 &
741 2747 912 2782 Antonius
946 2760 983 2782 ac
1009 2748 1170 2792 Iacobus,

290 2804 350 2847 qui
362 2804 436 2837 istas
449 2800 664 2845 blasphemias
674 2798 795 2841 ubique
804 2797 1047 2832 catechizabant
1059 2824 1068 2839 ,
1078 2809 1171 2834 erant

292 2850 499 2896 Presbyteri.
526 2850 620 2898 Qin
642 2850 745 2884 immo
773 2834 907 2892 quidam
934 2848 1172 2884 Constantino-

298 2902 439 2946 politani
452 2901 626 2937 voluerunt
637 2897 881 2934 Catechismum
892 2899 954 2933 effe
974 2899 1075 2934 solius
1097 2900 1173 2943 Epi—

297 2952 389 2995 scopi
414 2952 561 2986 officium
585 2975 596 2991 ,
621 2950 655 2984 &
680 2960 816 2983 omnem
842 2958 910 2983 tam
936 2949 971 2982 in
1003 2949 1136 2984 civitate
1162 2974 1172 2991 ,

290 3013 393 3045 quam
414 3002 447 3034 in
469 3000 598 3044 oppidis
624 3011 662 3034 ac
686 2999 778 3044 pagis
789 2998 945 3042 populum
967 2998 1078 3034 abillo
1101 2999 1174 3035 solo

294 3050 529 3094 baptizandum
545 3076 551 3082 .
568 3049 765 3083 'Adversum
777 3049 870 3083 illum
881 3048 1044 3085 declamat
1055 3049 1089 3083 in
1113 3061 1173 3085 no-

297 3110 338 3134 va
350 3102 442 3142 super
463 3100 632 3143 epistolam
654 3099 695 3133 ad
709 3097 905 3134 Corinthios
931 3099 1085 3133 Homilia
1097 3100 1172 3134 San-

296 3151 368 3189 ssus
391 3149 531 3191 Joannes
542 3148 815 3191 Chrysostomus:
844 3150 934 3191 Apud
952 3148 1093 3191 qustolos
1115 3161 1173 3183 non

295 3205 345 3234 ita
363 3208 428 3232 erat
439 3223 449 3238 ,
470 3197 530 3241 sed
538 3200 641 3238 affidue*
653 3198 858 3240 transiliebant
867 3211 915 3232 eos
930 3224 941 3240 ,
966 3205 1018 3242 qui
1025 3205 1115 3242 prius
1127 3201 1174 3232 dt-

292 3247 420 3294 seebant
433 3271 444 3287 ‚
468 3247 667 3288 constituentes
680 3247 834 3291 Magistros
845 3250 1011 3291 aliquorum
1027 3251 1152 3284 altorum
1165 3273 1176 3290 ,

295 3303 351 3342 qui
387 3294 561 3339 discebant:
587 3299 634 3329 Sic
655 3305 816 3338 potuerunt
841 3298 919 3331 obire
945 3299 1040 3332 orbem
1062 3309 1174 3339 term,

296 3347 420 3391 quando
431 3357 487 3379 uno
494 3347 552 3380 loco
561 3357 618 3378 non
630 3346 715 3388 essent
728 3348 861 3389 alligati.
888 3351 994 3391 ‚Quam
1005 3351 1111 3383 multos
1123 3360 1174 3382 m-

290 3397 370 3440 stros
388 3395 531 3440 fratres,
557 3401 608 3437 qul
628 3393 702 3437 sunt
725 3400 757 3427 in
777 3402 880 3438 agris,
906 3400 941 3431 (9'
959 3410 1057 3432 eorum
1083 3403 1175 3442 magl-

290 3446 372 3490 stros
386 3470 397 3487 ,
408 3445 584 3486 existimatis
596 3445 727 3488 indigere
736 3445 870 3478 doc‘lrina
883 3447 899 3478 ἒ
909 3449 969 3480 Sed
977 3460 1031 3481 vos
1041 3460 1088 3482 me
1098 3459 1176 3483 tene-

822 109 1182 172 SYMBoLUM
1215 104 1553 173 NicAENtiM

1237 192 1376 236 ficium,
1399 193 1696 240 estsuper-vacaneum
1715 193 1760 234 ire
1780 199 1979 244 adreliquum
1997 211 2120 251 (σφας.

1244 247 1357 278 Omnia
1374 249 1407 279 in
1429 257 1482 279 nos
1502 253 1680 291 rangerius,
1699 258 1845 292 oporteret
1866 263 1922 285 vos
1944 254 1966 285 ἃ
1977 248 2062 287 nobis
2077 247 2123 302 dp·

1238 291 1319 337 scere
1330 318 1342 334 ,
1364 306 1471 330 uxores
1482 307 1583 330 autem
1593 299 1614 330 ἃ
1624 297 1712 332 vobis
1722 324 1733 341 ,
1740 299 1818 343 filios
1829 304 1850 335 ἃ
1864 302 1950 337 vobis
1964 327 1972 335 .
1998 305 2061 338 Sed
2071 317 2122 342 no-

1242 343 1290 426 Zis
1316 351 1412 380 omnia
1436 347 1618 392 relinquitis.
1632 370 1645 388 ,
1666 356 1826 393 propterea
1849 364 1977 399 magnus
2014 353 2053 396 ast
2077 348 2124 390 la»

1261 405 1313 427 or.

1291 442 1458 480 Discimus
1469 445 1548 481 hinc
1560 446 1647 482 varia
1660 473 1666 480 .
1693 447 1809 493 Primo
1819 453 1910 497 quod
1924 447 2121 490 Catechist'z

1239 495 1388 530 officium
1413 497 1452 530 sit
1477 498 1619 539 omnino
1646 497 1837 536 institutum
1864 495 2117 548 Apostolicum.

1241 545 1395 579 Secunde>
1406 546 1496 591 quod
1508 547 1593 583 istud
1604 548 1753 584 officium
1765 552 1986 597 principaliter
2005 556 2122 599 spestet

1239 595 1281 630 ad
1290 594 1492 640 Episcopum
1501 621 1514 638 ,
1539 598 1572 633 δε
1595 610 1663 636 non
1685 599 1745 633 nifi
1770 601 1815 636 ob
1827 601 1895 645 ejus
1907 604 1994 648 apud
2004 610 2121 646 omnes

1239 645 1426 690 exequendi
1462 645 1755 692 impoffibilitatern
1790 652 1979 697 imponatur
2014 655 2089 690 aliis
2111 678 2120 687 .

1237 694 1359 730 Tertid
1374 695 1464 740 quod
1477 697 1639 743 pagenses
1650 700 1811 735 Ecclefias
1831 702 1964 737 visitans
1985 705 2120 748 Episco-

1237 756 1296 790 pus
1307 755 1456 781 teneatur
1491 746 1691 792 catechizare
1705 773 1716 790 ,
1740 751 1774 785 &
1784 752 1973 787 earumdem
1984 753 2029 788 Cl
2037 765 2121 797 :rum

1236 795 1355 831 docere
1367 821 1375 829 .
1402 797 1534 846 Qarto
1544 799 1634 843 quod
1645 810 1722 835 ante
1732 801 1847 837 omnia
1862 811 2011 838 teneatur
2032 813 2123 839 cate-

1235 844 1363 880 chizare
1372 845 1538 891 Populum
1556 849 1618 883 suae
1637 850 1794 886 Civitatis
1808 877 1815 884 .
1842 851 1975 901 Qinto
1986 877 1998 894 ,
2024 851 2118 896 quod

1236 895 1626 941 constantinopolitanus
1647 899 1795 944 Populus
1819 912 1900 937 tunc
1926 915 1996 938 non
2020 903 2120 938 fuerit

1237 945 1320 980 bene
1327 945 1547 983 catechizatus
1558 972 1566 980 .
1597 949 1735 995 Etenim
1747 952 1880 995 peffime
1892 965 1948 997 per
1958 953 2120 988 Constan-

1233 996 1488 1040 tinopolitanam
1499 998 1671 1042 synodum
1681 1001 1784 1046 ejezfito
1800 1027 1811 1042 ‚
1837 1003 1894 1047 qui
1906 1003 2000 1037 illum
2011 1002 2119 1047 Popu-

1235 1047 1302 1081 lum
1314 1045 1357 1081 ab
1368 1046 1452 1092 Axio
1463 1047 1505 1083 ad
1515 1046 1681 1084 Christum
1697 1048 1888 1087 Dominum
1899 1053 2018 1088 ducere
2027 1054 2062 1088 δε
2074 1065 2120 1088 re-

1233 1098 1282 1130 sta
1294 1096 1412 1131 docere
1422 1107 1574 1141 crepent,
1583 1100 1713 1142 optimo
1725 1102 1942 1139 Nazianzeno
1955 1103 2119 1148 Gregorio

1236 1147 1378 1182 succeffit
1386 1147 1516 1182 Nectar]
1522 1146 1678 1190 us‚h0m0
1685 1148 1952 1187 catechumenus
1959 1153 1993 1186 δε
2001 1154 2120 1194 vanus,

1234 1197 1373 1242 ideoque
1398 1197 1468 1241 ejus
1491 1198 1648 1234 successor
1661 1200 1795 1242 Saucius
1822 1201 1965 1244 joannes
1975 1201 2120 1246 Chryso-

1234 1247 1357 1282 stomus
1367 1248 1453 1282 inter
1464 1248 1571 1282 varios
1586 1247 1676 1283 istius
1689 1250 1838 1285 Ecclefiae
1863 1248 1999 1287 morbos
2025 1254 2115 1287 inve-

1234 1299 1283 1331 nit
1296 1297 1464 1342 Populum
1475 1298 1686 1343 ignorantem
1699 1325 1707 1332 .
1736 1300 1839 1335 Sexto
1849 1301 2006 1339 discimus
2026 1301 2119 1347 quod

1235 1360 1302 1382 non
1322 1347 1428 1382 solum
1441 1348 1623 1393 Episcopus
1648 1360 1705 1385 aut
1717 1350 1913 1394 Presbyter,
1939 1353 1992 1386 sed
2015 1351 2118 1393 etiam

1234 1398 1368 1442 quisque
1382 1397 1623 1433 Paterfamilias
1648 1399 1817 1446 obligetur
1836 1402 1933 1440 ,suam
1955 1401 2117 1443 familiam

1233 1447 1431 1483 catechizare
1443 1473 1450 1480 .
1477 1447 1698 1497 Qodipsum
1709 1450 1852 1494 Joannes
1884 1451 1984 1487 docet
1995 1452 2031 1486 in
2041 1452 2117 1489 aliis

1233 1497 1314 1533 locis
1328 1522 1335 1530 .
1362 1499 1472 1542 Docet
1498 1499 1648 1543 quemvis
1669 1500 1942 1538 familiasPatrem
1967 1502 2033 1543 effe
2053 1503 2117 1543 suae

1233 1547 1324 1583 domi
1338 1549 1423 1591 quasi
1445 1548 1647 1593 Episcopum
1667 1574 1680 1591 ‚
1705 1550 1846 1593 ideoque
1877 1552 1918 1587 ad
1947 1551 2034 1592 istud
2065 1552 2117 1590 ofi-

1234 1598 1347 1632 ficium
1364 1598 1522 1642 obligari.
1550 1599 1591 1634 Se
1609 1610 1747 1645 puerum
1770 1604 1871 1637 etiam
1893 1601 1935 1636 ab
1947 1601 2034 1637 Avia
2059 1603 2117 1644 sua

1235 1647 1386 1682 Macrina
1399 1649 1491 1682 fuisse
1501 1647 1740 1685 catechizatum
1752 1675 1764 1692 ‚
1790 1651 1886 1686 vobis
1907 1652 2001 1695 supra
2025 1650 2116 1693 dixit

1235 1698 1366 1732 Sanetus
1376 1697 1530 1739 Basilius,
1557 1710 1628 1743 quae
1637 1702 1751 1736 omnia
1762 1700 1895 1736 tradunt
1919 1702 2022 1735 etiam
2043 1699 2110 1735 alii

1236 1747 1368 1789 Patres,
1395 1760 1433 1782 ac
1446 1748 1578 1792 plurimi
1589 1750 1782 1793 quorumvis
1791 1751 1979 1788 &culorum
2004 1749 2118 1790 Cano·

1235 1809 1309 1832 nes.
1339 1798 1458 1832 Beatus
1467 1797 1627 1832 Pontifex
1648 1799 1728 1833 Pius
1741 1799 1876 1844 quintus
1892 1799 1980 1843 juffit
1991 1799 2116 1845 ubique

1235 1847 1361 1881 institui
1383 1846 1578 1882 Christianae
1606 1849 1764 1884 doctrinae
1783 1849 2084 1886 confraternitates
2099 1873 2115 1892 ‚

1234 1898 1363 1942 &ipsas
1372 1897 1517 1932 munivit
1545 1900 1677 1944 magnis
1686 1900 1869 1946 privilegiis
1879 1923 1890 1933 .

1362 2080 1618 2130 CAPUT
1654 2082 1987 2137 SEXTUM,

1329 2177 1509 2254 Solssmnis
1533 2199 1586 2247 ad
1608 2196 1788 2263 'Mffam
1813 2199 2021 2249 decantatio

1585 2275 1617 2316 S
1603 2268 1766 2339 ymboll‘.

1333 2394 1462 2431 Uaestio
1471 2397 1518 2431 est
1529 2420 1541 2438 ‚
1567 2396 1701 2439 quando
1712 2380 1909 2441 Symbolum
1919 2398 2052 2442 coeperit
2071 2391 2115 2440 le-

1357 2447 1392 2491 gi
1418 2447 1452 2483 ὅ(
1463 2448 1587 2481 cantari
1600 2446 1641 2481 ad
1651 2447 1812 2481 Missam?
1837 2448 1876 2482 ln
1899 2447 1964 2482 suis
1983 2448 2025 2482 ad
2036 2448 2115 2489 Sap-

1385 2498 1473 2531 &um
1493 2497 1650 2531 lrenaeum
1671 2496 1812 2532 Scholiis
1837 2498 1979 2541 Joannes
2001 2499 2115 2539 Feuar-

1234 2545 1367 2581 dentius
1375 2546 1541 2581 existimat
1551 2546 1584 2581 id
1596 2548 1658 2581 effe
1670 2546 1902 2591 Apostolicum
1914 2547 2114 2589 institutum,

1234 2608 1276 2630 eo
1296 2597 1385 2639 quod
1397 2598 1505 2633 Sansti
1517 2596 1629 2640 Jacobi
1653 2597 1805 2641 Apostoli
1827 2598 1977 2642 Liturgia
1999 2598 2047 2635 ita
2065 2597 2114 2641 -ju-
2172 2598 2174 2602 '

1235 2646 1311 2689 beat
1329 2672 1336 2679 .
1360 2646 1482 2691 Longe
1504 2647 1597 2681 aliter
1619 2647 1654 2681 in
1681 2647 1811 2681 Animae
1833 2648 1974 2688 Gemma
1995 2647 2114 2690 1335le

1233 2696 1407 2731 Honorius
1441 2696 1748 2742 Augustodunenfis
1775 2711 1786 2731 .·
2064 2694 2068 2697 ’

1234 2751 1330 2782 Deum
1355 2772 1366 2788 ‚
1401 2746 1727 2788 Constantinopolitana
1758 2748 1888 2786 synodus
1926 2745 2111 2793 composuit„

1229 2796 1288 2841 sed
1313 2796 1467 2837 Damasus
1485 2799 1574 2838 Papa
1602 2798 1648 2830 ad
1673 2797 1789 2840 Miffam
1813 2803 1932 2833 cantari
1956 2794 2108 2838 institut}

1234 2847 1338 2895 Quod
1353 2848 1456 2891 ipsum
1468 2846 1613 2881 scribunt
1626 2845 1809 2890 Stephanus
1829 2846 2110 2893 Augustodunflfl-

1233 2898 1272 2932 fis
1281 2898 1486 2942 Episcopus,
1510 2897 1618 2942 Hugo
1641 2897 1683 2931 de
1693 2898 1811 2931 Sansto
1824 2897 1960 2932 Victore
1981 2898 2017 2931 in
2036 2906 2110 2944 ope·

1235 2959 1268 2981 re
1278 2947 1320 2982 de
1330 2947 1545 2982 Sacramentis
1557 2971 1567 2987 ,
1593 2959 1629 2981 ac
1650 2946 1786 2981 inlibris
1806 2947 1847 2981 de
1867 2948 1973 2988 Miffae
1989 2944 2109 2986 ,sacrifi-

1234 2997 1289 3032 cio
1299 2997 1514 3031 Innocentius
1526 2998 1656 3031 tertius.
1683 2997 1720 3030 ln
1741 3006 1840 3041 opere
1860 2997 1901 3033 de
1914 2994 2108 3045 Ecclefiastr

1233 3047 1283 3081 cis
1295 3047 1582 3082 observationibus
1591 3072 1601 3087 ,
1628 3046 1824 3092 Radulphus
1834 3045 2037 3091 Tongrensas
2047 3044 2107 3081 Ec·

1234 3098 1335 3132 clefiae
1346 3097 1512 3138 Decanus‚
1538 3098 1712 3132 Nicaenum
1721 3098 1739 3131 ὸ,
1750 3098 1868 3132 Sansto
1880 3095 1996 3136 Marco
2018 3093 2107 3127 Pon-

1236 3147 1346 3188 tifice‚
1371 3147 1782 3190 Constantinopolitanum
1819 3144 2013 3189 Symbolum
2034 3144 2107 3178 vult
2124 3165 2171 3195 ²3-

1236 3197 1354 3240 jussum
1374 3193 1497 3231 cantari
1519 3197 1538 3230 ὲ
1558 3197 1849 3234 SanstoDamaso.
1875 3193 1978 3242 Qod
2000 3194 2106 3236 ipsum

1237 3248 1346 3281 censet
1367 3248 1401 3281 in
1428 3247 1563 3281 eruditis
1583 3247 1624 3281 ad
1649 3247 1836 3281 Graecorum
1861 3243 2108 3288 Euchologiam

1239 3296 1380 3331 Scholiis
1392 3296 1534 3341 Jacobus
1546 3297 1637 3332 Goar
1647 3310 1658 3330 :
1684 3294 1869 3337 etfiSanHus
1882 3297 2002 3327 Marcus
2017 3297 2108 3336 Papa

1237 3346 1374 3386 sflvestra·
1387 3345 1525 3391 succeffor
1537 3352 1570 3380 in
1581 3344 1723 3388 universa
1734 3342 1859 3384 Ecclefia
1869 3344 2027 3383 symbolum
2049 3349 2109 3377 Ni-

1234 3407 1349 3437 caenum
1370 3402 1492 3437 recitari
1493 3397 1631 3440 jufferit,
1657 3400 1731 3437 quta
1751 3403 1853 3427 tamen
1877 3403 1932 3427 aut
1950 3394 2111 3428 laudanda

1235 3448 1288 3480 illa
1320 3446 1492 3491 coiffuetudo
1514 3451 1547 3479 in
1557 3445 1738 3480 occidentali
1758 3445 1823 3485 eJ‘us
1829 3450 1964 3487 portione
1982 3450 2110 3482 interru-

298 3502 342 3540 σὺ
352 3495 512 3543 adfixam.
535 3499 624 3532 Nam
636 3518 650 3538 ,
669 3491 848 3538 priusquam
866 3504 958 3538 caput
970 3498 1052 3537 rcc‘le,
1060 3497 1099 3540 fit
1119 3499 1181 3531 aal-¹
1229 3504 1290 3538 pta,
1312 3497 1474 3531 videbatur
1494 3519 1507 3537 ,
1531 3504 1586 3529 aut
1600 3491 1710 3539 ,civitem
1729 3501 1830 3530 rarius
1851 3506 1943 3538 quam
1960 3501 2023 3537 par
2041 3495 2109 3537 'effu

1945 3554 2061 3582 ‘'mr“

1821 2699 1919 2737 Credo
1952 2705 1986 2731 in
2008 2707 2113 2741 mm!
2127 2701 2187 2730 Lx·
2205 2701 2284 2736 equ:

2184 3114 2280 3165 roqu-
2325 3087 2346 3118 ὴ
