2346 3776
643 113 951 170 sonorus,
989 129 1051 159 ετ
1087 126 1262 158 NOTIS
1297 127 1670 173 nioman-rr,

244 199 350 235 nni'mae
376 198 593 239 venerandus,
619 200 682 231 una
704 209 769 232 cum
791 204 834 232 eis
852 196 990 242 praesens
1010 199 1046 239 β’
1066 196 1129 241 ipse

266 256 400 286 rmavit.

238 251 268 297 fi
295 298 497 349 Respondeo
508 308 619 333 tamen
632 310 740 343 neque
749 297 841 333 hunc
853 298 1030 334 Canonem
1051 297 1127 332 fuis-

244 354 277 389 se
299 350 436 393 Evoptii
460 358 610 393 tempore
632 349 650 383 a
669 349 824 384 Romana
847 349 991 383 Ecclesia
1012 348 1126 392 proba-

244 412 318 441 tum
348 425 355 432 .
382 399 519 434 Etenim
545 399 691 444 superius
716 400 848 443 laudata
874 399 916 433 ad
940 399 1124 444 Eulogium

245 449 457 485 Alexandriae
483 451 517 485 &
539 450 746 486 Anastafium
774 448 966 490 Antiochiae
988 449 1123 483 Patriar-

241 498 343 535 cham
366 500 513 544 Epistola
532 501 641 543 Sancti
663 501 819 545 Gregorii
841 525 852 542 ,
878 512 947 544 quae
968 499 1125 534 Canones

242 550 640 593 Constantinopolitanos
658 551 676 585 a
689 551 844 594 Romana
857 550 1000 592 Ecclesia
1009 549 1125 584 admis-

243 601 295 634 sos
307 611 428 646 negat,
456 601 576 638 diserte
586 602 656 646 agit
666 601 708 635 de
723 599 788 635 hoc
802 602 910 645 primo
929 625 940 641 ‚
965 600 1122 638 damnan-

242 661 275 685 te
287 663 364 685 cum
374 651 509 695 reliquis
519 662 592 694 tum
603 651 820 695 grassantibus
831 649 1013 693 Erronibus
1022 649 1123 691 etiam

243 701 464 736 Eudoxianos
483 726 495 741 ,
521 712 663 745 quorum
685 702 758 743 quis
779 701 857 736 esset
878 702 991 735 auctor
1014 699 1123 734 Eudor

243 752 339 791 xius,
365 763 508 796 magnus
529 751 586 785 ille
607 751 767 787 Pontifex
790 750 963 796 ignorabat
977 775 984 782 .
1012 749 1123 784 Cano-

244 802 343 845 nibus
356 801 419 836 suis
429 801 555 845 aliquid
568 802 610 835 de
621 802 684 835 reis
705 801 770 836 suis
791 801 958 845 personis,
983 799 1025 834 de
1050 810 1125 843 pro-

245 851 454 896 priisritibus
475 850 694 891 nemoribus,
719 862 776 886 aut
794 851 974 885 ambitiosis
995 849 1122 893 cupidi-

243 899 368 938 tatibus
379 902 491 946 paffim
510 900 729 941 infarciebant
742 902 843 942 Graeci
857 916 867 935 :
892 900 1030 946 Singula
1050 901 1122 933 fun-

242 951 334 986 ditus
349 951 509 993 discutere
533 950 651 986 nolens
662 951 817 993 Romana
838 952 983 986 Ecclesia
1004 949 1111 997 gaude

242 1001 300 1039 bat
321 1001 398 1041 fidei
419 1001 612 1045 quaestiones
633 1003 781 1043 tradiatas
803 1000 886 1037 bene
907 1027 919 1045 ‚
945 1011 1120 1044 earumque

242 1050 347 1087 solam
369 1050 601 1095 definitionem
628 1051 847 1091 confirmabat
869 1077 880 1093 ,
907 1051 1065 1088 canones
1087 1050 1121 1094 ὃς

239 1101 368 1144 reliqua
390 1104 457 1137 asta
477 1126 489 1142 ,
516 1101 634 1146 quibus
657 1103 787 1147 nullum
808 1103 927 1142 vitium
951 1112 1122 1146 apertum,

241 1152 278 1192 in
298 1151 457 1198 ambiguo
468 1152 553 1187 statu
576 1153 785 1197 relinquens.⁴
811 1153 843 1192 A
856 1151 975 1188 doloso
995 1151 1121 1192 Graeco·

240 1203 465 1247 rumingenio
486 1202 653 1244 metuebat
664 1204 766 1243 etiam
788 1204 916 1241 secura:
946 1202 992 1236 Et
1012 1200 1122 1240 ,ediffi-

238 1252 420 1287 cultatibus
442 1277 452 1293 ,
477 1265 548 1297 quae
570 1253 821 1298 nascipoterant
839 1254 874 1295 ἀ
885 1251 998 1297 passim
1017 1252 1124 1290 nasce,-

242 1301 364 1343 bantur
374 1314 391 1343 ,f
406 1302 464 1344 fibi
478 1304 607 1343 exitum
628 1303 809 1343 reservabat
822 1328 830 1335 .

294 1353 398 1399 Qiod
420 1354 526 1396 ipsum
549 1354 585 1389 in
601 1353 715 1388 'verbis
735 1353 882 1397 adduffis
907 1354 1028 1387 fatetur
1059 1351 1125 1387 laur

239 1401 335 1440 datus
357 1403 519 1447 Evoptius
530 1428 538 1444 2
564 1403 626 1438 Ait
639 1403 727 1439 hunc
754 1405 929 1439 Canonern
941 1414 1011 1437 non
1025 1402 1043 1435 a
1056 1402 1126 1435 Ro-

240 1463 340 1495 mana
364 1453 506 1495 Ecclesia
527 1478 537 1494 ,
576 1454 631 1490 sed
652 1453 694 1489 ab
727 1455 796 1499 ipsa
817 1454 952 1489 veritate
970 1454 1006 1498 ἀ
1030 1451 1125 1495 longi

240 1503 401 1547 ¹temporis
412 1503 501 1546 lapsu
523 1505 777 1542 confirmatum‚
804 1504 936 1546 Nempe
954 1503 973 1544 a
995 1501 1127 1534 Praeces·

241 1553 313 1593 sore
336 1553 394 1586 suo
417 1554 575 1597 Diogene
584 1553 743 1586 didicerat
767 1562 875 1587 motas
886 1552 974 1586 inter
993 1551 1128 1585 Graecos

240 1602 425 1644 Episcopos
444 1602 478 1635 &
515 1601 662 1646 Legatos
687 1601 901 1645 Apostolicos
922 1602 956 1635 in
988 1600 1128 1643 Synodo

241 1650 505 1686 Chalcedonensi
527 1652 600 1686 lites
610 1651 651 1685 de
670 1652 769 1694 tertio
791 1651 966 1695 praeserrim
988 1651 1129 1683 Canone

241 1700 623 1744 Constantinopolitano
646 1725 658 1741 ,
693 1700 785 1748 eujus
814 1702 911 1743 causa
947 1700 1130 1739 Lucentius

241 1751 426 1792 Esculanus
447 1751 630 1794 Episcopus
654 1750 782 1786 dixerat
802 1751 964 1786 omnes&
985 1749 1130 1794 singulos

242 1802 337 1843 istius
347 1801 476 1844 Synodi
490 1800 646 1835 Canones
674 1813 744 1836 non
756 1799 870 1836 haberi
884 1801 918 1836 in
933 1800 1109 1844 Synodicis
1120 1824 1130 1841 ,

241 1854 278 1887 ὃς
298 1863 336 1891 ut
359 1851 515 1895 spuriosa
540 1850 695 1887 Romana
708 1851 853 1886 Ecclesia
880 1852 1028 1894 refutarie

293 1902 401 1937 Addit
422 1902 587 1944 Evoptius
598 1899 685 1935 hanc
697 1901 864 1942 nostram,
892 1901 1009 1944 utique
1020 1899 1129 1944 quoad

241 1953 400 1988 Canones
423 1975 434 1991 ‚
475 1951 649 1994 Synodum
671 1952 770 1994 etiam
791 1952 809 1986 a
836 1952 954 1986 Sandio
979 1951 1129 1986 Proterio

242 2002 473 2040 Alexandrino
484 2001 653 2044 Episcopo
664 2025 675 2041 ‚
700 2002 839 2045 ipsisque
849 2001 1045 2036 turbulentis
1057 2012 1129 2035 eam

238 2054 306 2098 jam
319 2050 566 2102 impugnatibus
578 2051 748 2096 Episcopis
762 2052 855 2087 fuisse
866 2052 1039 2086 firmatam.
1062 2051 1130 2084 Ne-

239 2114 406 2149 quaquam
417 2102 453 2135 in
466 2100 728 2145 Chalcedonensi
743 2102 881 2147 Synodo
906 2103 983 2144 fecit
994 2101 1028 2143 id
1050 2100 1126 2135 Pro·

239 2155 360 2195 terius:
386 2153 543 2195 Namque
563 2163 634 2186 non
657 2152 716 2186 nisi
740 2154 810 2195 post
833 2152 1007 2195 Synodum
1036 2151 1128 2185 fuisse

238 2204 380 2240 ele-stum
390 2203 425 2236 &
437 2202 662 2236 consecratum
674 2226 685 2248 2
712 2202 820 2247 palam
835 2203 869 2236 iu
878 2202 1048 2242 Breviario
1060 2200 1131 2235 scri-

240 2253 290 2294 bit
300 2252 475 2288 Liberatus
488 2250 776 2297 Carthaginensis.
803 2253 892 2292 Eum
907 2253 1018 2295 itaque
1040 2251 1128 2284 Mar-

241 2305 356 2339 cianus
370 2300 539 2347 Augustus
550 2302 698 2340 ordinari
710 2313 780 2336 non
792 2302 953 2345 permisit,
971 2302 1029 2344 nisi
1043 2300 1128 2344 priris

238 2353 418 2399 professum
453 2350 554 2386 fidem
586 2353 622 2387 δε
649 2351 805 2390 Canones
831 2363 902 2391 non
927 2361 1128 2390 tantummo-

237 2404 285 2438 do
309 2402 587 2445 Chalcedonensis
600 2402 751 2445 Synodi,
777 2401 875 2436 sed&
896 2402 1012 2435 nostrae
1038 2402 1128 2435 Con·

238 2452 543 2495 stantinopolitanae
563 2475 570 2482 .
598 2452 820 2487 Procurarunt
842 2452 877 2485 id
901 2452 1058 2495 Episcopi
1076 2463 1128 2485 or-

239 2502 405 2541 thodoxi,
430 2501 488 2544 qui
514 2500 700 2546 AEgyptios
723 2502 756 2534 in
780 2499 1044 2544 Chalcedonenfi
1066 2503 1126 2544 Sy·

239 2552 333 2588 nodo
364 2551 405 2585 ad
431 2550 539 2584 solum
573 2551 751 2590 Nicaenum
773 2551 972 2595 Symbolum
1002 2551 1125 2595 procla-

241 2611 369 2637 mantes
391 2599 573 2642 habuerant
585 2600 703 2640 merito
724 2603 886 2646 suspedms
900 2602 993 2645 leprae
1018 2602 1125 2645 Euty-

239 2651 386 2687 chianae:
419 2649 471 2686 Ac
497 2652 671 2695 praesertim
683 2650 862 2692 Anatolius
886 2651 1122 2696 Constantino-

240 2703 408 2746 politanus
438 2702 622 2745 Episcopus
648 2727 660 2742 ,
696 2703 749 2736 cui
788 2702 880 2736 distat
910 2702 1039 2746 Synodi
1067 2714 1122 2745 per

240 2751 390 2787 Orientis
422 2751 580 2787 Ecclesias
611 2753 841 2787 executionem
883 2749 1019 2793 sanstus
1051 2752 1122 2794 Leo

241 2802 403 2836 Pontifex&
433 2801 518 2841 datis
542 2800 745 2845 Apostolicis
772 2802 899 2839 vicibus
934 2803 1120 2848 delegarat.

241 2851 436 2887 Procuravit
470 2851 504 2890 id
528 2852 584 2886 ille
614 2864 681 2890 una
702 2853 840 2889 serviens
859 2852 1002 2891 ambitui
1039 2854 1121 2894 suo,

239 2901 332 2944 cujus
355 2901 497 2945 palmare
507 2902 760 2943 fundamentum
782 2903 843 2937 erit
858 2903 981 2937 >tertius
1001 2902 1121 2944 Canon

242 2952 371 2992 noster,
398 2951 539 2995 ideoque
562 2963 629 2986 non
654 2952 694 2987 ad
717 2952 817 2986 solius
838 2952 1122 2996 Constantinopo-

240 3002 338 3037 litani
362 3001 536 3045 Symboli,
565 3002 601 3035 in
614 3001 894 3042 Chalcedonensis
914 3003 993 3044 fidei
1015 3004 1122 3042 decre-

240 3062 277 3091 to
298 3051 432 3095 expressi
453 3076 464 3092 ‚
491 3051 546 3092 sed
568 3053 603 3087 δε
624 3052 666 3086 ad
693 3055 848 3087 omnium
868 3055 992 3097 septem
1013 3055 1120 3088 Cano-

241 3113 325 3142 num
345 3101 576 3146 profeffionem
609 3101 794 3137 Protetium
814 3103 926 3147 adegit
949 3129 956 3135 .
997 3104 1121 3151 Quoad

240 3150 303 3187 hos
326 3153 437 3192 enim,
463 3163 502 3186 ac
514 3162 556 3186 ex
580 3151 646 3186 illis
657 3155 839 3193 extractos,
864 3153 953 3189 disto
979 3155 1120 3192 ambitui

237 3202 456 3242 famulanteS,
483 3201 638 3251 Canones
654 3201 962 3244 Chalcedonenses,
990 3203 1121 3238 damna-

239 3260 293 3286 tus
315 3252 495 3291 Dioscorus
519 3250 764 3292 Alexandrinus
783 3252 970 3293 Patriarcha
991 3254 1122 3295 auditus

242 3312 313 3335 non
325 3303 448 3338 fuerat:
476 3302 506 3336 A
520 3303 696 3342 successore
707 3303 748 3337 ad
761 3303 911 3337 Ecclesiae
925 3304 986 3337 suae
1006 3303 1076 3347 jura
1088 3306 1120 3339 ὅ(

243 3350 400 3388 Nicaenos
411 3352 567 3389 Canones
577 3352 822 3392 reclamandum
844 3353 1010 3394 metuebat
1032 3355 1120 3393 Ana-

243 3400 366 3441 telius,
391 3402 533 3447 ideoque
545 3402 648 3438 homo
668 3413 784 3441 cautus
795 3402 898 3444 hocce
918 3404 1121 3453 professionis

241 3450 304 3485 reti
321 3449 504 3488 Proterium
518 3453 697 3488 intricavit.

290 3500 335 3535 Et
357 3499 424 3536 haee
454 3503 501 3538 est
522 3504 639 3542 intima
659 3504 751 3547 radix
774 3529 785 3546 ‚
811 3516 854 3540 ex
880 3515 945 3549 qua
973 3503 1122 3540 Hilarius

1186 195 1345 237 Pontifex
1364 223 1376 238 ,
1403 207 1545 242 quatuor
1563 200 1717 243 Synodos
1736 205 1936 249 confirmans
1955 233 1967 251 ,
1994 220 2068 245 non

1187 248 1375 291 expresserit
1395 249 1823 297 Constantinopolitanam‚
1851 254 2068 301 comprehen-

1187 297 1268 338 dens
1280 297 1338 332 sub
1365 297 1521 334 Nicaena:
1549 300 1652 350 Qod
1664 302 1769 345 ipsum
1781 306 1969 347 successores
1983 309 2064 345 Feli—

1186 359 1259 389 cem
1283 348 1441 390 tertium,
1466 362 1504 385 ac
1530 350 1763 395 Simplicium,
1788 353 1864 389 licet
1886 357 2068 400 Eutychia.-

1187 398 1239 432 nis
1260 397 1471 441 turbulentiis
1494 401 1625 448 egregie
1645 402 1860 438 arietarentur
1879 430 1890 446 ,
1916 408 2008 448 fuisse
2019 410 2069 443 seq

1186 457 1281 487 curos
1304 449 1400 492 supra
1419 450 1551 495 ostendi
1560 449 1573 486 .’
1596 452 1763 487 Videntur
1773 454 1944 492 adversum
1964 458 2066 497 turbi-

1187 509 1243 532 nes
1265 498 1345 533 istos
1367 498 1514 540 debuisse
1535 502 1634 545 quarn
1666 503 1810 539 maxime
1829 506 2010 548 exprimere
2030 508 2065 542 ,δε

1187 548 1294 591 palam
1315 549 1507 594 praedicare;
1536 550 1597 585 Ast
1620 559 1725 587 tacere
1734 567 1775 589 ex
1787 555 1849 590 alia
1871 567 1961 599 parte
1971 557 2067 595 suasit

1185 598 1434 643 comprimenda
1464 600 1606 643 ambitio
1642 603 1732 638 Sedis
1758 604 2067 651 Constantinopoli-

1186 659 1287 689 tanae,
1314 649 1406 692 cujus
1426 650 1611 686 adulatores
1637 677 1650 693 ,
1675 654 1724 698 uti
1749 666 1792 692 ex
1812 656 1919 699 Sansti
1942 657 2218 718 Gelafiiopusc,1‚

1186 697 1362 732 pontificis
1371 701 1587 744 contraipsos
1608 703 1763 748 apologia
1774 704 1898 748 liquet,
1927 706 2066 749 blaterare

1186 749 1265 783 bant
1276 748 1414 784 eandem
1427 750 1602 795 Synodum
1614 763 1683 788 non
1695 754 1783 795 posse
1807 755 1826 793 a
1836 754 1991 791 Romana
2005 757 2066 792 Ecs

1185 798 1277 832 clesia
1291 799 1420 842 probari
1442 802 1585 846 partim,
1615 803 1734 844 partim
1758 804 1954 847 improbari.
1974 798 2066 842 >Erat

1186 847 1311 882 bivium
1335 850 1527 894 perplexum
1553 863 1562 883 ε
1591 851 1735 893 Pei-iculi
1761 865 1802 887 ex
1827 863 1967 898 utroque
1987 857 2068 890 late-

1183 910 1218 932 re
1238 899 1395 949 plenum,
1421 900 1619 945 abinimicis
1642 903 1677 936 in
1688 903 1829 941 invicem
1841 905 2068 948 pugnantibus

1183 948 1345 988 obsessum
1372 974 1383 994 ‚
1409 950 1568 995 ambobus
1593 952 1814 995 claudendum
1837 979 1844 987 .
1873 954 2070 995 Constanti-

1185 998 1371 1043 nopolitani
1398 1000 1554 1036 Canones
1578 1026 1589 1043 ,
1614 1003 1794 1049 secundum
1815 1005 1930 1049 excipe
1950 1030 1961 1046 ,
1987 1016 2069 1040 cum

1185 1049 1328 1083 Nicaenis
1349 1048 1434 1093 nihil
1467 1053 1565 1086 affine
1587 1051 1709 1089 habent
1731 1079 1743 1100 ἒ
1782 1065 1957 1099 utrumque
1987 1054 2069 1090 vero

1184 1098 1382 1142 Synkbolum
1402 1100 1448 1134 est
1462 1102 1582 1142 virtute
1608 1114 1730 1138 unum:
1759 1104 1854 1138 Hinc
1877 1105 2070 1139 Constanti-

1186 1149 1415 1192 nopolitanam
1438 1151 1613 1195 Synodum
1624 1153 1682 1195 sub
1704 1153 1843 1194 Nicaena
1852 1154 2067 1198 comprehen-

1184 1198 1295 1235 dendo
1306 1199 1513 1234 declararunt
1525 1201 1657 1236 abunde
1679 1202 1802 1237 laudati
1814 1204 1960 1238 Romani
1982 1204 2070 1239 Pon-

1184 1249 1289 1293 tisices
1300 1250 1405 1293 solum
1417 1250 1627 1294 Symbolum,
1654 1251 1742 1298 haud
1756 1254 1940 1290 Canonesa
1953 1254 1984 1289 se
1996 1266 2070 1299 pro-

1186 1299 1275 1334 bari.
1442 1304 1445 1307 '
1619 1301 1621 1303 ’

1237 1349 1333 1384 Sexta
1357 1350 1490 1394 quaestio
1513 1352 1558 1386 est
1573 1379 1583 1394 ‚
1609 1365 1651 1388 an
1672 1352 1766 1396 hujus
1789 1354 1918 1398 Synodi
1939 1355 1981 1390 de
2002 1365 2071 1398 pet-

1187 1399 1275 1443 sonis
1296 1402 1365 1434 asta
1388 1402 1511 1440 fuerint
1541 1404 1734 1439 confirmata
1756 1405 1775 1438 a
1803 1406 1950 1440 Damaso
1983 1404 2074 1439 Pon·

1187 1449 1277 1484 tifice
1301 1451 1314 1491 ἓ
1339 1449 1515 1492 Affirmare
1541 1453 1671 1493 videtur
1696 1455 1832 1488 Sanetus
1855 1455 2071 1495 Ambrosius,

1190 1499 1225 1531 in
1248 1498 1364 1533 litteris
1384 1501 1426 1534 ad
1447 1501 1626 1540 Ecclesiam
1651 1489 1897 1540 vercellensem
1920 1528 1930 1544 ‚
1957 1503 2072 1538 dicens

1190 1547 1232 1582 de
1260 1548 1291 1581 se
1305 1547 1490 1592 Neophyto
1502 1551 1537 1584 in
1552 1551 1756 1594 Episcopum
1777 1563 1954 1595 promoto:
1982 1556 2073 1587 Ordi—
2094 1544 2231 1585 Epist-25·

1191 1603 1343 1632 nationem
1373 1611 1471 1632 meam
1509 1603 1714 1635 occidentales
1750 1601 1894 1645 Episcopi
1923 1606 2039 1645 judicio
2060 1629 2074 1645 ,

1191 1649 1362 1681 Orientale:
1394 1655 1486 1681 etiam
1518 1652 1652 1692 exemplo
1677 1651 1848 1692 probarunt
1870 1678 1877 1685 .
1906 1654 2074 1698 Exemplo

1192 1698 1339 1731 Neistarii
1360 1709 1402 1731 ex
1415 1697 1600 1742 Neophyto
1620 1700 1776 1744 Episcopi
1790 1701 2075 1747 Constantinopo-

1193 1747 1311 1788 lirani,
1322 1748 1412 1791 quod
1425 1759 1492 1783 erat
1505 1749 1628 1791 nullius
1640 1751 1795 1793 ponderis
1806 1775 1816 1791 ,
1835 1752 1982 1796 adeoque
1995 1754 2075 1787 Am-

1194 1797 1298 1837 brosio
1310 1797 1486 1842 indignum
1499 1824 1510 1840 ,
1536 1800 1558 1833 fi
1568 1800 1587 1834 ὲ
1599 1800 1752 1836 Romana
1766 1801 1911 1836 Ecclesia
1925 1815 1994 1837 non
2007 1805 2075 1838 fue-

1192 1848 1235 1881 rit
1247 1849 1500 1892 comprobatum
1514 1875 1521 1882 .

1243 1898 1444 1942 Respondeo
1467 1910 1579 1935 tamen
1597 1913 1658 1936 nec
1683 1902 1739 1936 illa
1750 1904 1819 1937 aesta
1840 1904 1932 1938 fuisse
1955 1905 2075 1938 confir-

1193 1957 1281 1985 mata
1305 1973 1311 1980 .
1338 1949 1470 1989 Diserte
1502 1950 1535 1994 id
1568 1951 1703 1992 testatur
1726 1953 1858 1987 Sanetus
1891 1955 2075 1999 Gregorius

1192 2008 1333 2043 magnus
1353 2000 1388 2034 in
1413 2001 1504 2044 supra
1526 2001 1665 2036 laudatis
1688 2003 1804 2036 litteris
1824 2003 1863 2037 ad
1888 2004 2074 2048 Eulogium

1192 2047 1457 2083 Alexandrinum
1480 2051 1701 2095 Episcopum,
1730 2053 1766 2095 ὃς
1786 2052 1994 2088 Anastasium
2005 2056 2075 2088 An-

1193 2097 1388 2133 tiochenum
1412 2125 1420 2134 .
1446 2100 1541 2149 Qin
1572 2101 1678 2142 immo
1705 2103 1856 2140 Flaviani
1889 2103 2074 2138 Antioche,-

1170 2176 1172 2178 ,
1195 2149 1229 2182 ni
1252 2149 1524 2190 ordinationem,
1550 2161 1587 2184 ut
1611 2152 1817 2186 manifestam
1841 2154 2016 2188 &Paulini
2038 2156 2073 2189 ὅ(

1192 2199 1296 2240 totius
1323 2199 1550 2234 Occidentalis
1561 2201 1710 2245 Ecclesiae
1731 2202 1883 2245 injuriam
1896 2204 2073 2239 accerrime

1192 2248 1337 2291 insecuta
1358 2250 1404 2286 est
1430 2250 1584 2285 Romana
1604 2251 1719 2295 Sedes.
1749 2254 1802 2286 De
1826 2254 1991 2298 Gregorio
2006 2255 2073 2288 Na·

1191 2299 1352 2333 zianzeno
1376 2324 1387 2340 ‚
1415 2300 1571 2334 Nec‘iario
1594 2326 1605 2341 ‚
1643 2302 1774 2346 Cyrillo
1797 2304 2074 2347 Hierosolymirae

1191 2360 1234 2382 no
1255 2350 1371 2384 astain
1393 2350 1552 2395 ambiguo
1565 2349 1712 2395 suspensa
1735 2354 1906 2396 paterne,
1933 2366 2073 2398 quomo—

1189 2398 1235 2434 do
1248 2399 1365 2434 similia
1390 2401 1518 2443 Synodi
1542 2400 1822 2446 Chalcedonensis
1846 2404 1981 2438 sanstus
2001 2406 2073 2440 Leo

1189 2461 1329 2494 magnus
1342 2474 1353 2489 ‚
1380 2449 1421 2483 de
1431 2451 1549 2494 quibus
1561 2452 1670 2495 scribit
1682 2452 1721 2494 ad
1733 2453 1923 2488 Maximum
1935 2454 2074 2493 Patriar-

1187 2499 1283 2533 cham
1310 2500 1563 2535 Antiochenum
1577 2515 1587 2535 .·
1612 2505 1644 2545 si
1664 2502 1820 2547 quidsanci
1841 2505 1880 2545 ab
1891 2504 1941 2537 his
1959 2505 2072 2545 fratri-
2087 2497 2221 2537 Epist-6¹·-

1186 2551 1241 2584 bus
1265 2576 1276 2592 ,
1306 2564 1376 2593 quos
1400 2552 1445 2583 ad
1466 2550 1605 2594 sanHam
1629 2554 1773 2590 synodum
1792 2560 1857 2593 vice
1892 2566 1959 2588 mea
1984 2555 2070 2598 mist,
2086 2547 2150 2581 c’5'

1181 2610 1297 2643 praeter
1310 2603 1346 2634 id
1355 2626 1366 2641 ,
1392 2602 1472 2643 quod
1479 2602 1525 2633 ad
1531 2600 1650 2644 causam
1656 2601 1733 2643 fidei
1738 2604 1914 2645 pertinebat
1926 2629 1936 2644 ,
1956 2604 2069 2651 gestum

1185 2652 1237 2695 effe
1244 2651 1419 2693 perhibetur
1430 2677 1440 2691 ,
1468 2652 1578 2684 nullius
1591 2658 1648 2685 erit
1654 2660 1781 2693 penitus
1788 2653 1948 2694 firmitatis
1962 2667 1968 2686 ι
1982 2657 2069 2698 ,Quia

1184 2701 1288 2734 adhoc
1308 2702 1429 2735 tannim
1450 2702 1488 2733 ab
1510 2701 1667 2743 apostolica
1688 2704 1763 2735 Sede
1777 2701 1854 2744 sunt
1879 2704 2005 2744 direc‘li,
2033 2714 2068 2739 ut

1184 2763 1256 2790 excu
1276 2765 1301 2785 is
1313 2751 1468 2792 baerefibus
1479 2776 1489 2792 ,
1514 2750 1665 2784 catholicae
1676 2753 1762 2795 effi’nt
1780 2753 1853 2793 fidei
1875 2753 2043 2796 defensores
2058 2782 2066 2790 .

1185 2803 1435 2846 ‚Quidquidcnsm
1454 2810 1570 2843 praeter
1584 2800 1729 2843 speciales
1755 2801 1861 2845 causas
1881 2803 2066 2845 finodalim
2131 2815 2133 2821 '

1184 2855 1379 2892 Conciliorum
1401 2852 1445 2890 ad
1467 2863 1594 2892 examen
1616 2851 1795 2895 Episcopale
1819 2852 1954 2894 defertur
1979 2880 1989 2895 ‚
2011 2863 2068 2897 po·

1184 2902 1236 2943 test
1247 2904 1381 2945 aliquam
1407 2903 1599 2943 dijudicandi
1619 2901 1727 2943 babere
1749 2908 1895 2945 rationem
1909 2928 1918 2943 ,
1939 2904 1970 2945 fi
1990 2905 2070 2939 nihl!

1186 2954 1223 2986 de
1234 2965 1264 2986 eo
1274 2952 1312 2995 cst
1323 2954 1342 2985 ci
1354 2952 1473 2986 Sanllis
1487 2952 1631 2986 Patribus
1639 2955 1725 2998 apud
1734 2957 1874 2987 Nicaeam
1887 2955 2046 2996 definitum
2054 2980 2062 2989 .

1186 3008 1271 3036 Nam
1281 3004 1363 3045 quod
1371 3003 1408 3036 ab
1418 3003 1532 3041 illorum
1544 3004 1654 3045 regulis,
1662 3027 1672 3043 ,
1694 3002 1949 3047 constitutioneque
1962 3007 1993 3038 di
2008 3017 2067 3039 cor·

1184 3055 1240 3086 dat
1251 3077 1262 3093 ,
1286 3047 1450 3095 qustolicae
1460 3053 1544 3092 ‚s'ecr'iar
1557 3064 1710 3095 nunquam
1721 3053 1861 3087 obtinebit
1878 3053 2063 3098 consensum.

1187 3103 1371 3145 Confirmat
1384 3102 1486 3145 solam
1497 3102 1596 3135 fidem
1609 3127 1618 3142 ,
1632 3102 1739 3138 editos
1750 3103 1904 3138 Canones
1918 3105 2064 3148 Nicaenis

1185 3153 1333 3188 adversos
1354 3154 1451 3187 cassat
1465 3176 1475 3192 ‚
1499 3153 1566 3194 aista
1578 3153 1703 3196 reliqua
1715 3178 1725 3194 ,
1752 3155 1910 3199 quoniam
1923 3155 1990 3195 sine
2002 3157 2064 3189 suo

1187 3202 1342 3246 mandato
1366 3203 1521 3244 definita,
1550 3202 1624 3236 licet
1644 3200 1964 3238 forsau'confirmari
1992 3206 2062 3249 pos-

1187 3254 1254 3301 set?
1281 3253 1439 3295 discutere
1457 3264 1526 3286 non
1544 3252 1635 3293 vult,
1664 3255 1791 3297 suoque
1813 3255 1910 3288 statui
1934 3255 2061 3298 suspen-

1187 3304 1216 3336 sa
1240 3303 1396 3344 relinquit
1418 3327 1424 3334 .
1454 3301 1583 3343 Eodem
1604 3303 1707 3347 modo
1730 3303 1816 3340 hanc
1839 3304 1980 3346 nostram
2003 3304 2062 3347 Sy-

1187 3352 1311 3392 nodum
1338 3353 1501 3394 Damasus
1523 3352 1682 3396 Pontifex
1715 3354 1862 3399 tradiavit
1884 3379 1890 3395 e
1926 3354 2062 3399 Sapstus

1184 3405 1273 3437 enim
1290 3404 1473 3448 Gregorius
1494 3402 1726 3446 Nazianzenus
1748 3416 1823 3438 cum
1838 3403 1955 3447 Sanrisso
1977 3402 2062 3441 Basi-

1187 3454 1231 3487 lio
1251 3454 1374 3497 semper
1400 3453 1541 3486 Meletio
1563 3453 1713 3488 adversus
1734 3454 1910 3488 Paulinum
1940 3451 2061 3486 Antio·

1185 3502 1328 3543 chenum
1348 3502 1539 3545 adhaeserat,
1565 3502 1706 3549 ideoque
1727 3504 1796 3547 ejus
1807 3504 1960 3541 causam,
1987 3513 2062 3544 prae⁴

1901 3551 2011 3595 sertim
