2346 3776
659 162 1115 216 DisszRTATio·
1152 163 1579 222 PssooeM1A21S.·

202 251 273 286 stus
291 246 440 287 Hilarius
463 242 668 286 pictaviensis
689 244 891 288 Episcopus:
918 246 979 284 sed
989 256 1086 285 ¹eorum

71 287 175 325 ‘3²93'
205 306 302 335 omnis
321 298 367 332 hic
381 294 536 341 finsusest
550 320 561 337 ,
585 303 620 328 ut
632 299 787 337 opinentur
798 303 910 329 metum
930 302 1034 329 mortis
1055 301 1087 328 in

203 356 263 387 Dei
280 343 394 388 Filium
408 342 561 389 incidifflss
584 351 638 390 qui
647 343 790 388 adserunt
801 352 858 388 non
878 346 916 378 ‘de
937 351 1087 379 ‹eternita-

194 410 237 436 ,η
252 399 305 443 '‘ff-⁶
318 398 470 440 prolatum
482 419 494 437 ‚
520 407 614 438 neque
625 397 663 429 de
678 395 830 438 infinitate
851 398 994 436 Paterna.³
1014 395 1087 430 Sub-

195 449 321 495 stantias
341 446 474 490 exstitiffe
500 469 512 486 ‚
533 444 592 489 sed
611 457 650 482 ex
660 445 750 479 nihilo
767 453 825 490 per
835 454 902 479 eum
909 469 920 486 ,
946 452 997 488 qui
1021 457 1088 480 eum

199 503 320 538 enavit
333 521 344 538 ,
370 496 528 538 effec‘lum;
554 505 591 530 ut
601 496 764 540 affumptus
773 507 813 529 ex
822 495 914 535 ,nihilo
922 494 956 536 lt‘t
968 521 979 536 ,
991 497 1025 530 &
1036 507 1090 529 cae-

196 557 274 597 ptus
285 559 324 582 ex
333 554 418 590 opere
429 567 442 588 ,·
466 548 502 588 6*
513 548 703 590 confirmans
714 555 752 582 ex
762 552 899 587 tempore.
926 549 972 581 Et
983 547 1047 579 ideo
1057 551 1089 578 in

202 609 236 637 eo
257 599 365 632 doloris
387 603 553 639 anxietas,
577 599 644 632 ideo
651 598 783 638 spiritus
795 597 887 637 Paffio
897 597 963 634 eum
985 600 1090 637 Corpo-

201 654 248 683 ris
272 648 414 694 Paffione.
447 648 516 681 Ideo
525 656 622 682 metus
634 651 737 688 mortis
749 670 759 686 ,
784 652 821 678 'ut
836 653 886 688 qui
902 657 1026 686 mortem
1049 652 1074 678 ti

203 710 285 740 mere
301 704 423 741 potuit,
450 699 564 740 &mori
579 697 686 741 poffet.
714 696 883 734 Dixerunt
896 696 1044 737 Verbum
1056 695 1090 737 in

203 746 308 784 carne
318 749 442 795 passum
452 772 464 792 ‚
475 749 510 792 ὃς
521 749 725 797 perfunstum
735 746 892 786 omnibus
901 747 1018 780 animae
1033 746 1090 778 usi-

206 798 268 834 bus
279 798 370 842 quod
379 798 449 845 ejus
461 798 546 835 vires
556 798 592 832 in
613 808 710 838 carne
727 796 892 840 explesset⁸>
920 797 1002 830 Haec
1024 806 1093 830 om-

204 849 263 884 nia
283 849 458 882 confirmat
478 848 514 880 in
535 847 638 889 Libro
655 847 698 881 de
717 846 799 881 Fide
809 846 981 890 Presbyter
992 846 1092 884 Ruffi-

204 909 269 934 nus
285 902 299 940 ,ζ’
328 899 551 945 stJEsvs
577 899 844 931 CHRISTUS
870 902 1004 930 animam
1036 907 1093 931 non

203 947 347 991 babutffet
366 970 377 988 ‚
406 945 486 990 ficut·
514 947 624 989 nefarii
647 947 795 988 aestima'nt
818 951 931 982 Ariani.
971 947 1017 983 Et
1030 946 1094 979 'ite-

209 1008 309 1040 rumg
336 998 390 1032 Νέ
398 1003 466 1040 quis
493 999 620 1033 audiens
641 997 761 1031 beatum
781 995 910 1031 Paulum
930 998 1094 1036 drumm,

201 1049 289 1091 quod
298 1046 471 1087 humiliavit
482 1046 518 1092 se
536 1051 681 1089 Dominus
694 1046 783 1091 usque
800 1050 845 1089 ad
852 1056 994 1088 mortem,
1020 1043 1094 1087 Pas-

199 1097 309 1142 fionem
327 1102 434 1140 Crucis
451 1101 515 1138 Deo
543 1098 687 1132 aaneaat
709 1098 720 1138 ‚⁷
737 1097 740 1099 ’
740 1097 814 1140 ficut
848 1097 959 1140 nefarii
972 1095 1094 1140 faciunt

199 1143 323 1188 ‘Ariana
350 1148 395 1182 Et
415 1148 453 1182 in
485 1148 607 1194 quinto
629 1148 868 1188 Haereticarum
899 1145 1094 1190 Fabulamm

66 1177 190 1218 c²p'¹⁹²
197 1212 199 1215 ⁴
205 1198 312 1239 Libro
321 1196 560 1233 Theodoretus
573 1209 580 1229 :
592 1221 597 1224 ·
608 1201 699 1231 Arius
708 1199 746 1232 e·
755 1201 924 1239 Eunomia:
931 1200 1097 1231 ‘Dominum

206 1249 319 1281 dicunt·
334 1246 454 1289 quidem
475 1251 591 1291 Corpus
614 1246 804 1290 affiampfiffe,
823 1245 884 1288 sed
893 1247 1095 1285 Divinitater'n

206 1297 362 1340 exercutfff
380 1295 466 1340 usum
484 1300 613 1328 anima.
642 1296 760 1344 Qare
782 1295 911 1329 sanstus
940 1294 1097 1340 Augusti-

207 1359 294 1386 nus,
320 1345 401 1379 dum
419 1343 509 1379 hunc
527 1342 603 1378 Arii
622 1354 768 1378 errorem
789 1345 916 1388 scripsit
937 1346 1001 1380 esse
1020 1355 1099 1390 pau-

205 1397 255 1430 cis
278 1404 418 1435 notum,
442 1406 480 1428 ac
501 1394 520 1428 a
547 1392 641 1435 nullo
670 1395 906 1439 impugnatum
927 1419 937 1435 ,
967 1395 1097 1430 locutus

205 1446 253 1481 est
272 1444 314 1479 de
335 1444 495 1487 Africana
512 1444 655 1479 Ecclesia
666 1468 679 1493 ³.
706 1455 777 1484 non
800 1445 842 1480 de
853 1445 1029 1487 Gallicana
1040 1455 1096 1484 aut

209 1495 394 1532 Orientali.
784 1511 787 1515 ·

74 1536 178 1574 H²fes2
256 1546 392 1581 Sanetus
403 1543 608 1589 Epiphanius
619 1547 655 1579 in
665 1532 809 1586 Panario
820 1546 980 1590 congessit
994 1542 1096 1585 uaria,

74 1585 186 1618 ὅπη·
209 1596 435 1637 Dominicam·
449 1596 595 1630 animam
616 1595 803 1636 Laudantia
833 1596 961 1630 Divina
987 1595 1097 1630 Testi-
1128 1592 1132 1598 '

72 1628 445 1697 221⁶³P‘·nionia,atque
462 1646 686 1691 prosequitur:
715 1644 832 1680 Ariani
854 1653 987 1690 pergunt
998 1651 1032 1679 in
1043 1658 1098 1679 au-

201 1697 356 1740 supandis
370 1695 513 1736 vocibus,
538 1707 606 1739 quae
615 1696 696 1733 relle-
710 1707 745 1729 ac
759 1697 908 1740 praeciare
929 1701 962 1728 in
971 1705 1097 1738 unoquo-

200 1773 202 1775 >
214 1757 272 1788 que
281 1749 444 1788 Scriptum
453 1747 515 1787 loco,
521 1754 666 1788 conceptae
670 1745 755 1790 sunt.
782 1750 820 1779 In
829 1755 884 1788 qao
895 1748 1021 1779 Piratas
1034 1751 1098 1779 imi-

204 1805 338 1835 ·eantur,
363 1802 416 1836 qus
424 1798 511 1828 Sana
519 1804 638 1836 corpora
648 1797 802 1834 mutilant.
829 1800 879 1835 Ita
898 1797 942 1829 illi
964 1795 1098 1835 Testimo-

210 1852 260 1880 nio
278 1846 406 1887 quodam
425 1845 590 1884 abutuntur
603 1868 614 1884 ,
639 1855 675 1876 ac
696 1846 833 1886 loquendi
854 1843 1061 1887 consuetudine
1087 1871 1097 1886 ,

209 1897 303 1937 quam
324 1896 437 1934 tropice,
447 1892 562 1936 sapius
585 1892 730 1936 usurpare
759 1897 912 1936 scriptura
937 1893 1097 1937 consuevit.

210 1948 258 1979 Et
267 1944 389 1987 quidem
397 1944 481 1987 quod
497 1944 543 1975 ad
560 1954 628 1977 eum
645 1945 765 1982 modum
774 1946 884 1985 tropice
901 1944 1014 1978 ditium
1036 1944 1074 1985 qli
1086 1969 1097 1985 ,

201 2003 359 2036 ‘tanquam
368 1994 440 2029 vere
451 1993 488 2027 Θ
494 1994 618 2037 proprie³
629 1992 742 2030 elidum
749 1993 870 2035 adferre
874 1992 971 2036 Jblent
981 2007 995 2035 ;
1021 1996 1102 2036 quod

210 2053 314 2078 autem
337 2043 409 2082 viere*v
434 2043 473 2079 &-
504 2041 625 2087 infinite
653 2048 883 2086 pronunciatum
909 2042 948 2084 est
970 2068 981 2083 ,
1007 2045 1100 2080 aliam

211 2094 257 2127 ad
271 2092 432 2136 Perfimam
445 2099 505 2134 per
521 2093 691 2136 allegoriam
710 2092 835 2126 trabunt
846 2119 853 2125 .
882 2096 941 2127 Hic
952 2098 1032 2130 enim
1054 2105 1102 2127 ac-

211 2152 337 2181 currunt
351 2142 456 2185 statim
466 2165 481 2183 a
504 2142 543 2177 &v
563 2153 602 2179 ex
625 2141 723 2186 Esaia
744 2142 932 2187 sententiam,
951 2141 1102 2187 huiusmo-

208 2194 246 2228 di
261 2191 443 2235 proferunt,
469 2198 573 2235 inqua
585 2195 680 2228 Pater
694 2192 735 2236 fic
744 2195 864 2237 loquens
884 2195 1083 2227 introducitur
1091 2207 1101 2232 2,

213 2242 292 2283 Ec'ce*¹
307 2243 447 2286 intelligit
468 2245 548 2276 Puer
566 2254 647 2278 meus
661 2240 788 2278 dili-Has
803 2268 813 2283 ‚
839 2249 872 2277 in
882 2255 938 2286 quo
949 2243 1023 2276 mihi
1034 2244 1101 2286 pla-

205 2298 280 2333 cui,
305 2304 391 2336 quem
413 2293 520 2336 diligit
534 2298 638 2325 anima
663 2305 736 2328 mea.
765 2293 833 2333 Uti
863 2292 918 2327 hic
944 2294 1020 2328 Deo
1044 2293 1103 2328 Pa-

211 2343 279 2383 tri,
304 2343 350 2376 ita
369 2341 411 2376 ab
431 2342 506 2381 aliis
527 2343 697 2377 Sacramm
720 2344 907 2379 vLit'erarum
930 2343 1012 2378 locis
1035 2345 1103 2377 ani-

208 2403 304 2432 mam
321 2390 456 2428 Christo
483 2392 641 2432 Domino⁴
666 2393 801 2428 adscribi
834 2393 954 2428 Ariani
986 2393 1101 2428 dicunt

213 2453 270 2486 per
280 2450 423 2486 tropum.
452 2442 556 2491 Qiod
575 2443 681 2486 ipsum
705 2443 912 2488 Epiphanius
930 2444 1046 2487 repetit
1067 2445 1100 2477 in

214 2490 512 2529 LibroAncorato.
539 2492 707 2529 Videntur
716 2494 768 2528 isti
780 2493 897 2533 dixisse
907 2493 998 2540 quod
1009 2494 1101 2529 Deus

216 2540 369 2576 Verbum
391 2552 461 2574 non
480 2542 558 2579 esset
579 2553 652 2577 vera
683 2545 794 2582 anima
824 2567 835 2583 ,
872 2555 934 2588 nec
966 2543 1100 2587 aliquod

214 2591 289 2635 ejus
301 2590 513 2629 individuum
528 2616 539 2632 ,
564 2592 705 2637 ideoque
727 2603 787 2627 nec
802 2604 858 2639 per
875 2592 972 2630 istam
983 2605 1098 2629 vocem

214 2641 344 2691 proprie
363 2640 605 2686 significaretur.
634 2643 708 2677 Effe
732 2643 827 2687 possit
837 2643 927 2687 quod
939 2644 1003 2678 isto
1021 2651 1101 2681 tem-

215 2702 295 2735 pore
315 2691 449 2735 quidam
470 2692 644 2737 garrierint
665 2690 753 2727 talia'.
782 2693 917 2730 Etenim
939 2693 1099 2728 Arianarn

214 2741 357 2777 baeresim
377 2742 471 2775 fuisse
494 2741 513 2776 a
529 2742 626 2776 variis
647 2744 763 2778 fastam
784 2745 906 2779 variam
920 2768 931 2783 ‚
956 2744 991 2778 &
1010 2744 1099 2778 disse-

213 2793 303 2830 &am
322 2791 359 2826 in
391 2791 529 2840 plurima
548 2792 645 2831 frusta
667 2818 678 2834 ,
705 2793 750 2828 est
782 2793 937 2827 omnibus
956 2805 1100 2838 comper-

214 2851 287 2877 tum
301 2866 308 2872 .
335 2840 398 2876 Ista
411 2841 542 2880 interim
553 2842 739 2877 nullatenus
750 2844 814 2877 fuit
834 2844 993 2879 sententia
1004 2844 1098 2888 ipsius

214 2889 298 2925 Arii.
326 2889 429 2925 Porro
442 2890 608 2926 Lucianus
618 2893 749 2937 Martyr
760 2893 845 2937 apud
859 2895 1004 2927 sanstum
1024 2895 1101 2938 Epi-

213 2939 376 2985 phanium
397 2939 482 2974 male
501 2940 595 2976 oluit.
621 2942 715 2978 Istius
734 2943 875 2977 caussam
901 2945 993 2988 supra
1003 2955 1103 2988 expo-

215 2990 269 3030 sui
290 3000 389 3035 atque
407 2993 584 3035 expurgavi
596 3016 603 3024 .

83 3038 187 3075 uaeres.
265 3041 447 3085 Origenem
470 3042 534 3074 esse
555 3038 629 3074 Arii
650 3041 780 3077 Patrem
802 3045 883 3078 reste*
910 3044 1032 3087 scripsit
1059 3043 1098 3079 ad

81 3087 126 3114 ⁶0·
139 3091 162 3112 C·
174 3092 198 3110 ²·
217 3090 379 3133 Ioannem
391 3090 637 3133 Hierosolymae
647 3091 849 3137 Episcopum
860 3093 1009 3131 laudatus
1025 3094 1100 3137 Epi-

220 3139 367 3183 phanius.
395 3139 498 3188 Qod
518 3141 609 3173 enim
632 3141 755 3175 Filium
776 3155 815 3177 ac
834 3144 993 3187 Spiritum
1024 3144 1100 3178 San-

218 3192 306 3229 stum
326 3190 345 3226 ὲ
367 3191 444 3224 Deo
468 3189 564 3225 Patre
587 3190 752 3232 diviserit,
778 3194 871 3235 quod*
890 3205 950 3228 nec
972 3194 990 3226 ὲ
1012 3194 1098 3227 Filio

219 3238 370 3280 Patrem,
395 3252 456 3275 nec
476 3240 495 3273 a
515 3239 637 3284 Spiritu
654 3242 772 3276 Sanno
784 3243 907 3277 Filium
928 3243 1022 3286 plene
1047 3255 1099 3278 co-

218 3291 334 3333 gnosci
344 3291 512 3336 garriverit
526 3315 536 3331 ‚
562 3290 652 3334 quod
665 3303 781 3325 ornnes
792 3292 870 3326 alias
881 3293 964 3327 circa
990 3295 1099 3330 Sacro-

218 3339 366 3378 Sanstarn
377 3340 582 3378 Trinitatem
593 3340 809 3386 blasphemias
821 3340 908 3379 Ario
919 3345 1099 3386 praeforma-

218 3389 283 3427 rit,
308 3389 429 3424 docent
455 3390 523 3433 ejus
546 3390 639 3426 Libri
661 3391 702 3427 de
736 3391 918 3436 Principiis.
947 3393 991 3427 Et
1018 3391 1097 3427 hinc

219 3439 316 3471 suum
335 3437 557 3478 Patriarcham
583 3442 783 3477 Dioscorum
796 3468 805 3482 ‚
833 3441 922 3485 quod
941 3443 1096 3488 Origenis

171 3490 199 3519 3·
220 3487 389 3532 Dogmata
406 3490 593 3532 sestaretur,
618 3491 766 3538 adeoque
788 3493 822 3526 δε
841 3493 1096 3531 δαστο-Ξαηᾶαιπ

218 3536 423 3574 Trinitatem
445 3538 682 3584 blasphemaret
702 3567 713 3585 ,
739 3542 825 3588 apud.
849 3541 1096 3579 Chalcedonen-

74 2472 165 2510 cap.3
170 2472 187 2504 8
194 2491 200 2503 .

1148 246 1216 278 sem
1246 245 1420 290 Synodum
1451 246 1638 280 constanter
1653 242 1816 278 accusavit
1830 242 2033 281 Theodorus

1148 297 1323 331 Diaconus
1343 322 1354 338 ,
1379 308 1420 330 ac
1441 295 1646 340 Sophronius
1678 294 1759 328 civis
1778 292 2032 329 Alexandrinus.

1142 347 1332 390 ‘origenem
1353 345 1395 381 ab
1418 344 1508 380 hisce
1520 344 1682 380 erroribus
1707 344 1841 389 'purgari
1862 355 1932 377 non
1945 345 2034 388 poffe

1150 396 1335 435 constanter
1357 396 1497 436 affirmat
1516 397 1550 429 in
1568 395 1672 429 Libro
1691 394 1733 431 de
1757 394 1856 429 Senis
1874 394 2035 428 Leontius
2051 391 2169 426 Minio:

1149 446 1355 489 Byzantinus
1364 471 1375 487 ‚
1389 456 1488 489 atque
1500 446 1721 490 prosequitur:
1748 447 1891 489 'origenes
1902 444 1939 476 de
1957 451 2036 486 prae-

1152 495 1306 536 existentIa
1327 497 1471 531 tradebat
1488 498 1560 530 ante
1585 495 1697 539 saecula
1717 505 1831 529 mentes
1854 493 1978 537 fuisse,
2003 504 2038 526 ac

1147 549 1244 588 pariis
1261 548 1382 591 quidem
1403 558 1502 581 omnes
1512 571 1524 586 ,
1550 556 1614 579 tum
1626 549 1783 583 Daemones
1796 550 1813 586 ,¹
1828 545 1891 578 tum
1900 549 2036 583 animas,

1153 605 1217 634 tum
1238 598 1387 641 Angelos,
1413 595 1573 636 ministeria
1594 599 1713 628 Divina
1733 596 1871 630 obeuntes
1883 619 1892 635 ,
1920 595 1955 628 (π
1980 597 2039 631 Dei

1153 648 1307 684 mandatis
1318 647 1561 689 obtemperantes.
1575 646 1732 680 Diabolum
1743 648 1814 684 verb
1826 647 1863 683 de
1873 644 1922 679 bis
1933 654 2040 683 unum,

1152 697 1233 738 quod
1250 697 1371 737 arbitrii
1390 696 1528 737 libertate
1547 697 1700 738 praeditus
1721 695 1787 738 esset
1799 719 1809 734 ‚
1838 698 1900 727 Deo
1918 694 2038 736 voluiffl:

1153 746 1277 790 resistere
1289 772 1300 787 ,
1325 749 1444 790 ideoque
1464 747 1605 787 rejelium
1627 748 1648 778 ἂ
1670 749 1731 779 Deo
1741 757 1755 786 ;
1775 744 1864 787 simul
1880 741 2041 785 universas

1154 798 1232 829 alias
1252 804 1350 839 copias
1370 798 1434 831 cum
1455 796 1517 841 ipfii
1538 795 1679 840 defecisti,
1714 797 1779 839 gui
1808 799 1949 838 graviter
1970 793 2042 830 deli-

1154 847 1296 893 qut'ffi’nt,
1322 851 1485 887 Daemonas
1501 847 1604 891 fat‘los
1627 870 1639 889 ,
1665 852 1718 888 qui
1737 845 1836 879 minus
1849 868 1859 884 ,
1880 843 2004 886 Angelos
2032 854 2041 875 ε

1157 898 1222 938 ,Qui
1241 896 1337 930 adhuc
1356 899 1455 931 mimis
1476 922 1487 938 ‚
1523 897 1727 942 Archangelos.>
1754 896 1870 930 Eodem
1903 894 2043 933 deinceps

1156 946 1238 981 modo
1261 947 1419 989 quemlibet
1436 956 1496 991 pro
1514 947 1618 982 delicio
1635 945 1688 990 suo
1706 955 1814 988 poenas
1836 943 1937 987 tulisse.
1964 942 2043 975 Reli-

1155 1006 1232 1037 quas
1243 995 1333 1039 fuisse
1355 1003 1498 1038 animas,
1525 1006 1592 1039 'quae
1616 1008 1710 1042 neque
1732 1005 1796 1030 tam
1810 999 1905 1038 gravi
1937 991 2044 1036 scelere

1151 1044 1247 1088 semet
1265 1045 1479 1089 obstrinxissent
1491 1071 1502 1087 ,
1527 1056 1561 1082 ut
1584 1050 1741 1079 Daemones
1768 1047 1934 1084 evaderent
1955 1067 1966 1083 ‚
1992 1052 2045 1080 nec

1159 1093 1277 1138 rurfiem
1297 1091 1371 1129 adeo
1391 1098 1475 1136 levi,
1500 1105 1535 1129 ut
1546 1098 1648 1139 Angeli
1666 1096 1793 1138 fierent.
1821 1093 1925 1143 QOd
1939 1093 2046 1135 ipsum

1155 1144 1196 1178 de
1217 1146 1363 1190 Origene
1386 1146 1519 1182 tradunt
1539 1145 1706 1179 Laudatus
1726 1142 1954 1188 Epiphanius,
1980 1143 2050 1175 san-

1156 1197 1225 1228 stus
1243 1196 1474 1240 Hieronymus
1486 1220 1497 1241 ρ
1524 1197 1650 1230 sanstus
1658 1193 1867 1240 Augustinus
1879 1217 1889 1233 ‚
1917 1192 2048 1240 Qinta

1158 1245 1333 1288 Synodus,
1355 1244 1716 1289 stnstusSophrmius,
1743 1244 1845 1278 &alii
1859 1243 1972 1287 plures.
2002 1241 2047 1275 Et

1160 1295 1246 1330 lucet
1267 1308 1309 1330 ex
1331 1296 1440 1331 Libris
1453 1296 1493 1331 de
1505 1294 1693 1341 Principiis.
1719 1294 1864 1329 Proinde
1875 1292 1961 1337 apud
1973 1292 2048 1328 Ori-

1158 1357 1276 1391 genem
1288 1357 1405 1380 omnes
1414 1348 1548 1386 Mentes
1559 1348 1633 1381 sunt
1643 1345 1786 1389 ejusdem
1795 1355 1916 1379 naturae
1931 1355 1969 1377 ac
1981 1343 2047 1386 spe.-

1159 1397 1220 1430 ciei
1231 1422 1241 1437 ‚
1266 1406 1364 1439 atque
1376 1397 1422 1430 ita
1442 1395 1594 1441 Angelus
1605 1397 1768 1436 ‚Daemon
1784 1419 1794 1434 ,
1806 1394 1931 1430 Anima
1946 1417 1956 1433 ,
1972 1393 2048 1426 sunt

1159 1446 1270 1484 diversi,
1283 1445 1456 1486 dumtaxat
1467 1446 1583 1480 Meriti
1603 1457 1640 1479 ac
1665 1445 1778 1480 Officii
1790 1444 1927 1478 nomina
1939 1467 1950 1482 ‚
1977 1452 2048 1476 non

1158 1496 1289 1533 diversae
1310 1507 1451 1530 naturae.
1480 1495 1641 1529 Leontius
1655 1495 1802 1539 loquitur
1812 1505 1852 1528 ex
1872 1494 2049 1536 Imperato-

1160 1547 1201 1580 ris
1219 1546 1392 1590 Iustiniani
1415 1545 1455 1583 ad
1482 1546 1648 1594 Qintam
1681 1544 1855 1588 Synodum
1890 1543 2010 1577 Literis
2038 1557 2049 1575 :

1164 1595 1335 1640 origenistae
1357 1598 1461 1635 dicunt
1481 1599 1599 1636 Mentes
1614 1594 1715 1639 fuisse
1730 1595 1856 1637 prorsus
1878 1595 1913 1628 (9·
1935 1599 2049 1627 numeri

1161 1648 1195 1680 Θ·
1226 1652 1353 1679 nominIs
1382 1655 1523 1689 expertes
1547 1671 1558 1686 ‚
1596 1653 1750 1688 omniaque
1771 1645 1933 1678 rationalia
1958 1654 2050 1676 unum

1160 1695 1222 1739 esse
1245 1698 1406 1731 identitate
1420 1695 1597 1740 substantiae
1622 1697 1656 1730 (9·
1678 1701 1878 1738 operationis,
1905 1696 2051 1728 &virtu-

1161 1756 1190 1785 te
1213 1748 1300 1792 apud
1321 1746 1417 1780 Deum
1437 1747 1566 1785 Verbum
1586 1755 1645 1789 per·
1669 1752 1830 1779 unitionem
1855 1747 1890 1780 (99
1915 1749 2051 1788 cognitio-

1162 1809 1235 1831 nem.
1264 1801 1331 1831 Has
1342 1800 1414 1832 vero
1425 1807 1539 1831 mentes
1554 1822 1564 1837 ‚
1589 1795 1828 1840 ubisufi'eperint
1846 1797 1944 1837 juxta
1954 1792 2050 1836 unius:

1162 1845 1303 1889 cujusque
1323 1856 1444 1888 captum
1462 1846 1635 1890 satietatem
1657 1844 1783 1881 Di‘vinae
1815 1845 1988 1883 Dilec‘lionis
2017 1846 2050 1878 (9·

1161 1898 1414 1938 contemplationis
1427 1921 1438 1936 ‚
1461 1905 1518 1939 per
1541 1902 1733 1933 mutationem
1756 1895 1890 1939 ipsarum
1911 1901 1944 1927 in
1971 1895 2051 1927 dete-

1161 1953 1225 1979 rius
1239 1971 1250 1986 ‚
1277 1947 1329 1980 vel
1348 1947 1478 1986 craffiora
1498 1947 1550 1979 vel
1571 1952 1705 1979 tenuiora
1725 1955 1844 1987 corpora
1857 1946 2001 1983 induere,
2015 1945 2051 1978 (θ’

1163 2003 1283 2029 nomina
1303 1995 1410 2038 sbrtiri
1431 2020 1441 2035 ,
1468 2007 1502 2028 ac
1533 1997 1603 2028 inde
1624 1995 1761 2036 Caelestes
1784 1997 1818 2029 (9·
1850 1993 2050 2033 Administras

1158 2044 1320 2089 substitiſse
1334 2049 1476 2078 Virtutes.
1506 2047 1598 2078 Immo
1611 2046 1645 2078 (9·
1663 2047 1755 2078 solem
1775 2047 1810 2079 Θ·
1832 2048 1952 2077 Lunam
1978 2069 1988 2085 ‚
2016 2045 2051 2078 (9·

1161 2097 1269 2130 Stellas
1282 2121 1293 2137 ‚
1320 2097 1420 2138 utpote
1441 2106 1508 2137 quae
1529 2096 1563 2128 (9·
1585 2093 1651 2137 ipsa
1670 2101 1701 2127 in
1732 2093 1954 2128 rationabilium
1989 2100 2052 2126 unt-

1163 2155 1226 2181 tate
1244 2144 1301 2185 lint
1315 2170 1326 2187 ,
1352 2157 1390 2181 ex
1412 2152 1575 2179 mutatione
1599 2151 1631 2177 in
1654 2146 1785 2178 deterius
1789 2144 1901 2187 falla,
1927 2143 1978 2176 hoc
1988 2142 2052 2186 esse

1162 2194 1284 2239 caepifire
1306 2197 1385 2238 quod
1393 2193 1476 2238 sunt.
1504 2198 1557 2230 Ea
1577 2197 1648 2228 vero
1661 2195 1872 2235 rationabilia,
1897 2200 1930 2227 in
1942 2195 2048 2235 quibus

1162 2253 1258 2291 magis
1283 2250 1340 2280 Dei
1362 2257 1445 2279 amor
1464 2240 1622 2287 refrixerit
1635 2269 1646 2285 ‚
1671 2251 1791 2283 animas
1812 2250 2005 2286 nuncupari,
2017 2246 2057 2280 &e

1162 2296 1339 2337 craffioribus
1352 2321 1362 2336 ‚
1390 2297 1492 2338 qualia
1513 2293 1709 2338 nostrasunt‚
1733 2294 1899 2338 corporibus
1911 2300 2045 2327 immitti.

1164 2350 1245 2390 ,Quae
1266 2356 1366 2380 autem
1387 2347 1433 2381 ad
1451 2354 1617 2379 extremum
1632 2345 1840 2387 perverfitatIs
1867 2343 2012 2378 ‘venerint
2037 2364 2049 2385 ,

1162 2409 1197 2430 ea
1211 2396 1341 2440 frigidis
1362 2397 1397 2430 &
1416 2394 1574 2439 caliginosis
1595 2393 1685 2437 inseri
1706 2395 1906 2438 Corporibus,
1934 2395 1969 2428 (ν
1981 2397 2052 2428 1>ae-

1164 2458 1263 2480 mones
1278 2445 1345 2489 fieri
1366 2448 1401 2480 (9
1422 2451 1597 2487 nuncupari.
1626 2449 1666 2478 Ac
1696 2447 1826 2489 proinde?
1844 2457 1883 2478 ex
1915 2445 2049 2488 Angelico
2087 2476 2093 2479 .

1162 2498 1280 2539 quidem
1293 2497 1376 2536 statu
1397 2495 1465 2538 fieri
1485 2496 1649 2528 animalem.
1678 2519 1690 2535 ,
1725 2507 1763 2529 ex
1786 2496 1911 2528 animali
1934 2497 2050 2528 Daemoz

1151 2553 1284 2595 ⁴m‘acum
1302 2548 1337 2582 6*
1358 2545 1530 2581 humanum.
1560 2549 1657 2578 Unam
1674 2556 1778 2578 autem
1790 2547 1955 2578 dumtaxat
1966 2549 2050 2577 Men·-

1163 2608 1222 2630 tem
1252 2621 1263 2636 ‚
1290 2608 1329 2630 ex
1350 2605 1414 2629 tota
1440 2600 1563 2629 Unitate
1583 2596 1775 2629 rationalium
1800 2594 2053 2638 imperturbatam.

1159 2644 1320 2688 perstitisse
1331 2671 1342 2687 ,
1368 2647 1564 2681 &immotam
1584 2647 1604 2677 ἃ
1623 2646 1776 2680 ιίίΙσὸἶίοηε
1788 2650 1906 2678 Divina
1933 2645 1967 2677 (Ὗ
1986 2655 2050 2677 con-

1162 2698 1350 2738 templatione
1363 2721 1373 2736 ‚
1386 2707 1510 2737 eamque
1513 2693 1612 2738 fuisse
1623 2695 1772 2736 christum
1783 2720 1792 2735 ‚
1804 2699 1923 2738 Regem,
1938 2697 2044 2735 Deum,

1162 2748 1197 2780 6·
1216 2746 1369 2781 hominem.
1399 2745 1551 2783 Unicam
1563 2746 1656 2779 istam
1668 2755 1733 2779 tam
1747 2745 1875 2778 beatam
1895 2744 2049 2778 Mentem

1161 2797 1298 2833 affirmat
1318 2796 1373 2829 sua
1400 2795 1515 2839 sponte
1546 2795 1586 2828 ad
1610 2795 1749 2839 reliquas
1780 2792 1985 2828 redimendas
2010 2806 2048 2829 ae

1163 2846 1357 2890 reparandas
1372 2844 1570 2884 descendisse
1588 2845 1623 2877 in
1654 2856 1786 2883 carnem
1808 2869 1818 2884 ‚
1844 2845 1961 2879 factam
1985 2844 2049 2878 esse

1162 2896 1306 2930 animam
1319 2920 1329 2936 ‚
1338 2897 1371 2929 ἀ
1384 2894 1556 2929 hominem
1568 2894 1776 2928 constituisse.
1806 2893 1888 2927 Eam
1899 2893 1918 2928 ὲ
1929 2893 2048 2927 nostris

1162 2946 1332 2983 animabus
1345 2957 1414 2979 non
1427 2945 1553 2979 differre
1566 2945 1668 2987 specie
1679 2968 1688 2983 ‚
1715 2955 1752 2976 ac
1762 2943 1826 2977 effe
1836 2944 1946 2977 Deum
1965 2943 2048 2978 Ver-

1162 2996 1240 3029 bum
1254 3010 1264 3029 .-
1291 2996 1371 3031 Hoc
1393 2996 1463 3028 vice
1485 2996 1600 3028 animae
1618 3018 1627 3033 ,
1654 2992 1758 3026 immo
1777 2993 1880 3035 ipsam
1900 2994 2046 3027 animam

1163 3046 1254 3080 fuisse
1266 3070 1276 3085 ‚
1300 3046 1334 3081 &
1345 3046 1385 3083 sic
1397 3045 1502 3088 ipsum
1514 3042 1661 3078 Verbum
1672 3043 1735 3077 esse
1745 3043 1868 3087 passum
1895 3068 1906 3085 ‚
1932 3055 1969 3077 ac
1990 3053 2046 3088 per

1163 3106 1301 3132 mortem
1312 3096 1330 3128 a
1342 3106 1478 3137 corpore
1490 3093 1634 3127 solutum
1646 3117 1652 3126 .

1211 3146 1305 3178 Hinc
1328 3144 1428 3177 Arius
1451 3143 1627 3180 fuitetiam,
1638 3142 1868 3178 samosatensis
1879 3143 1975 3179 Pauli
1996 3154 2043 3178 at-

1162 3206 1223 3238 que
1245 3193 1436 3230 Artemonis
1459 3192 1672 3236 Discipulus„
1697 3205 1734 3227 ac
1758 3193 1918 3238 Magister
1929 3193 2045 3228 Nesto-

1162 3246 1200 3277 rii
1214 3257 1219 3275 :
1235 3244 1359 3278 Docuit
1374 3242 1547 3278 Christum.
1553 3243 1741 3279 Dominum
1753 3243 1815 3277 esse
1826 3243 1995 3288 vulgarem
2006 3255 2045 3278 ac

1152 3305 1276 3337 purum
1296 3293 1479 3329 hominem..
1505 3293 1633 3327 Diserte
1650 3292 1715 3328 hoc
1742 3293 1854 3328 scribit
1873 3294 1908 3327 in
1929 3304 2042 3339 quarm

1160 3353 1274 3378 contra
1298 3343 1443 3377 Arianos
1464 3343 1626 3380 Oratione
1649 3345 1774 3378 sandius
1807 3342 2005 3378 Athanasius
2033 3355 2040 3375 :

1161 3394 1287 3429 Verbum
1309 3393 1390 3425 homo
1401 3392 1522 3434 fadum
1544 3392 1581 3432 est
1594 3417 1604 3433 ‚
1631 3395 1731 3427 &non
1743 3400 1774 3427 in
1795 3393 1939 3427 hominem
1953 3419 1962 3435 ,
1988 3398 2040 3435 qui

1154 3447 1223 3485 jam
1242 3453 1307 3476 erat
1320 3467 1330 3483 ‚
1351 3441 1534 3486 supervenit-
1562 3448 1649 3479 Nam
1669 3445 1704 3477 <tt
1719 3443 1770 3476 hoc
1789 3454 1899 3486 quoque
1925 3450 2038 3486 cognitu

1161 3491 1359 3535 necessarium
1367 3492 1404 3533 est
1414 3518 1425 3533 ,
1452 3495 1489 3527 nei
1508 3495 1627 3535 quando
1637 3500 1689 3536 qui
1706 3493 1754 3526 hic
1764 3500 1882 3527 ruinam
1888 3494 1960 3534 paffi
1965 3490 2039 3533 sunt

1161 3549 1268 3587 impii,
1293 3549 1383 3578 etiam
1393 3544 1464 3579 alios
1473 3542 1571 3587 ¹secum
1583 3545 1887 3586 eodempraecipitent.
1915 3543 2039 3585 ,Quippe

1989 3602 2038 3632 qui
