2346 3776
650 118 961 174 Scnonxs,
997 134 1061 162 ετ
1097 131 1270 162 Nous
1306 131 1671 164 utus-ruam.

432 200 631 238 Athanasius
650 201 747 237 novis
766 201 943 241 calumniis
969 203 1004 237 ὅτ,
1023 203 1134 237 exiliis
1198 208 1243 235 ita
1248 199 1395 244 suadente
1406 202 1587 243 voluntate3
1613 203 1668 236 alil
1680 211 1780 240 autem
1797 204 1903 249 scripti
1918 207 2075 251 semema

248 215 362 239 omnia
387 217 395 237 ε

248 265 410 294 vexatus,
436 252 561 288 Paulus
572 252 965 296 Constantinopolitanus
988 253 1134 298 strangu-

249 305 354 340 latus.
381 303 436 346 De
458 302 566 337 Lucio
579 301 881 347 Adrianopolitano
894 301 962 337 haec
984 302 1136 337 Athana-

250 356 311 389 sius
333 353 374 388 ad
394 352 565 391 solitarios
588 365 595 385 :
631 357 718 393 Lucii·
740 354 968 395 adrianopoleos
992 352 1132 396 Episcopi

250 415 379 444 manus,
404 408 605 446 cervicemque
615 428 625 444 ,
631 404 770 446 plurima
786 404 939 437 adversus
949 403 1026 447 ipfhs
1037 405 1132 437 auda-

247 460 296 487 cta
315 458 428 490 utentis
440 477 450 493 ‚
477 454 512 488 et
534 459 718 495 impietatem
740 454 948 496 redarguentis
962 478 973 494 ,
998 461 1107 488 iterum
1119 477 1130 494 ‚

247 513 282 539 ut
297 503 387 545 prtia
398 527 409 544 ,
426 502 514 545 ferro
533 509 701 537 vinxerunt
713 528 725 544 ,
749 503 943 546 vinorumque
954 510 987 536 in
1009 505 1130 538 exilium

246 554 446 595 deportarunt
457 578 468 598 ‚
494 554 593 597 abique
604 578 616 595 ,
642 555 724 597 quod
729 551 808 597 ipfi’s
821 555 942 588 minime?
952 555 1028 588 latet
1039 578 1051 595 ,
1076 565 1129 595 ex-

239 601 368 644 stinHus
396 603 436 644 est
447 629 454 635 .
648 602 651 605 ’
876 609 878 612 ’

299 652 492 694 Constantis
503 654 645 700 Augusti
659 663 766 695 metus
775 655 876 689 etiam
888 654 1070 690 Ursacium
1095 655 1129 689 &

246 702 428 741 Valentem
454 704 567 750 adegit
586 729 598 745 ‚
636 714 672 740 ut
694 729 706 745 ‚
743 704 833 748 quod
869 705 960 748 supra
982 705 1128 744 dietum,

245 754 337 798 prins
347 753 388 789 ab
401 754 468 800 ipsa
480 755 619 798 synodo
631 778 643 795 ‚
670 754 791 794 deinde
802 754 947 793 Romam
968 755 1128 798 profestia

245 804 337 847 Julio
359 804 528 844 Pontifice
556 814 703 848 peterent
735 805 866 839 veniam
904 805 938 839 ὅ(
969 806 1129 850 gratiam.

247 853 354 888 Erant
364 854 456 889 enim
469 853 703 890 Occidentales
714 854 869 898 Episcopi
881 879 891 895 ‚
918 855 984 892 fine
995 855 1132 894 Pontifi-

245 903 295 942 cis
320 904 355 940 s&
365 903 509 948 Augusti
520 903 713 940 Constantis
724 904 861 940 adsensu
881 905 916 939 in
928 905 1058 946 sedibus
1067 906 1131 941 suis

248 964 321 987 non
343 953 508 987 mansuri.
535 954 631 1002 Qin
658 955 693 989 ἀ
714 955 819 991 Maris
830 952 1108 993 Chalcedonensis
1121 980 1132 995 ,

245 1001 456 1046 inBythinia
477 1003 629 1047 Pontica:
651 1004 865 1046 Dioeceseos,
890 1006 1073 1050 Episcopus
1098 1005 1132 1039 il-

247 1052 289 1088 lis
310 1052 481 1096 sejunxit,
506 1053 549 1089 de
571 1066 639 1099 quo
661 1055 749 1098 apud
769 1054 1027 1095 Theodoretum
1038 1055 1132 1090 Libe-

247 1104 315 1143 rius
325 1103 488 1138 Pontifex
509 1104 546 1139 in
557 1105 730 1150 colloquio
751 1117 828 1142 cum
848 1105 1051 1140 Constantio
1065 1108 1132 1140 Au-

64 1162 132 1200 J„.2,
151 1165 227 1196 016,
246 1153 369 1199 gusto:
396 1152 558 1197 Ursacius,
585 1157 719 1197 Valens,
746 1157 781 1190 6
801 1157 903 1190 Maris
926 1162 959 1188 in
970 1155 1138 1198 sardicensi

70 2457 206 2498 Efistnov

77 3292 161 3332 Epist.
172 3304 198 3325 2.

246 1205 380 1237 Concilio
399 1204 511 1238 libellos
523 1203 674 1248 ficpplt'ces
697 1207 868 1247 dederunt,
888 1205 1133 1248 postularuntque

247 1260 374 1289 ventam
386 1255 424 1288 de
435 1266 467 1289 eo
477 1279 489 1295 ‚
515 1256 831 1298 qubdreommentarios
852 1262 941 1290 unius
949 1261 1052 1297 partis
1068 1254 1133 1299 suf-

241 1303 360 1348 fragiis
377 1312 435 1346 per
457 1306 640 1338 calumniam
663 1311 696 1339 in
717 1308 852 1340 Mareote
874 1315 977 1339 contra
1000 1305 1133 1339 Athana·

239 1352 319 1396 fiam
340 1353 527 1395 confecerant
548 1377 557 1388 .
596 1357 682 1399 ,Quos
702 1356 816 1391 libellos
843 1355 1078 1397 jam'habemus
1101 1362 1134 1392 tn

246 1403 389 1438 manibus
401 1428 409 1436 .

353 1594 630 1646 ‘CAPUT
667 1596 1000 1647 SEXTUM.

277 1719 341 1767 'Dc
367 1711 593 1778 sardicenfis
618 1712 757 1778 Synodi
776 1750 790 1774 ,
825 1719 884 1763 (θ’
909 1719 1101 1765 Canonum

515 1785 591 1851 ejus
617 1783 842 1837 ,αιιὲῗονὶῑαιε
850 1820 863 1834 .

310 1901 494 1939 Ardicensis
517 1903 672 1948 Synodus
702 1903 819 1939 habuit
839 1905 948 1948 plures
981 1905 1135 1940 aemulos:

334 1954 416 1988 Non
435 1955 565 1993 tantum
577 1954 753 1992 damnatos
777 1955 818 1989 ab
833 1955 900 2000 ipsa
912 1956 1115 1990 Eusebianos
1127 1980 1136 1996 ,

246 2004 303 2038 sed
329 2005 362 2038 &
373 2004 479 2038 varios
488 2015 530 2038 ex
540 2006 635 2038 causa
646 2005 736 2041 varia
748 2004 973 2041 orthodoxos.
1005 2005 1135 2046 Primo,

243 2055 399 2091 ,Sanctum
411 2054 587 2096 Bafilium,
613 2055 648 2089 δε
677 2054 839 2098 ejusmodi
856 2055 960 2099 alios,
985 2055 1031 2091 ob
1052 2055 1137 2089 resti-

245 2111 358 2138 tutum
379 2104 580 2142 Marcellum
603 2103 749 2149 Ancyrae
769 2105 973 2150 Episcopum
997 2131 1009 2147 ,
1035 2117 1134 2149 quem

244 2163 373 2188 certum
393 2154 439 2195 est
464 2166 542 2189 cum
562 2154 670 2190 Paulo
693 2156 908 2194 samosatensi
934 2158 969 2191 δε
990 2155 1136 2191 Sabellio

243 2203 393 2238 delirasse
405 2228 416 2244 ,
441 2214 540 2249 atque
549 2204 634 2240 adeo
647 2205 824 2248 Synodum
835 2206 929 2243 fuisse
938 2206 980 2241 ab
993 2206 1064 2249 ipso
1075 2205 1137 2240 cir-

244 2260 478 2293 cumventam.
507 2254 563 2289 Ad
584 2256 741 2290 Sannum
764 2255 966 2300 Gregorium
991 2256 1136 2290 Nazian-

244 2314 366 2338 zenum
380 2328 391 2345 ,
418 2304 607 2339 suadentem
628 2305 648 2344 a
669 2304 752 2340 Sede
772 2303 967 2349 Apostolica
993 2306 1134 2340 &omni

246 2353 459 2389 Occidentali
482 2355 628 2393 Ecclesia
648 2354 820 2391 adversum
846 2357 1022 2401 grassantes
1035 2356 1136 2391 varias

245 2403 454 2444 ,Arianorum
488 2405 523 2440 &
541 2405 684 2443 aliorum
707 2405 872 2442 Erronum
893 2408 991 2443 festas
1011 2406 1134 2441 auxilia

245 2454 316 2496 peti
328 2478 339 2494 ‚
365 2453 435 2489 haec
447 2454 601 2491 Basilius:
628 2457 661 2491 ,51
672 2458 818 2490 Dominus
823 2455 863 2497 fit
874 2456 959 2491 nobis
968 2462 1134 2498 propitius,

248 2503 333 2544 qual!
343 2504 522 2540 adminiculo
530 2505 719 2548 indigemus3
738 2504 786 2547 fin
797 2514 898 2539 autem
920 2511 969 2538 ira
980 2510 1038 2540 Dei
1065 2515 1132 2548 per-

249 2551 396 2595 manserit
414 2578 425 2594 ,
451 2554 538 2595 quale
559 2554 644 2587 nobis
664 2557 813 2588 auxilium
836 2556 876 2590 ab
897 2557 1134 2590 occidentalium

245 2600 401 2646 supercilio
437 2604 472 2636 s&
485 2602 571 2644 fastu
590 2605 690 2640 aderit
714 2605 730 2636 ?
765 2607 832 2649 ‚Qui
854 2612 1017 2640 veritatem
1039 2618 1133 2649 neque

250 2662 383 2693 norunt,
410 2664 504 2695 neque
525 2652 636 2697 dissere
650 2652 799 2697 sustinent
811 2679 821 2696 ‚
850 2657 956 2690 vertlm
970 2655 1060 2700 falfis
1073 2662 1133 2699 opt-

250 2703 622 2745 monibuspraepedtetilla
634 2715 711 2739 nunc
731 2704 877 2747 faciunt,
905 2718 974 2749 quae
987 2707 1077 2749 prius
1100 2712 1133 2739 in

250 2754 392 2786 Marcello
398 2762 585 2796 patrarunt:
612 2756 733 2797 Nempe*
742 2767 808 2789 curn
817 2761 856 2788 iis
869 2781 879 2797 ,
906 2762 957 2799 qui
970 2762 1132 2795 veritatem

251 2801 319 2844 ipfis
330 2809 517 2836 annunciant
528 2828 538 2843 ,
562 2806 773 2839 contendentes
788 2830 798 2846 ,
815 2805 947 2847 haeresim
960 2816 1062 2843 autem
1074 2815 1132 2849 per

244 2850 358 2896 seipsos
368 2851 569 2893 stabilientes.
594 2857 661 2898 Ego
677 2853 754 2898 sam³
775 2854 837 2898 ipse
855 2855 966 2899 absque
987 2863 1131 2891 communi

249 2904 421 2935 litterarum
436 2902 534 2946 figura
555 2904 690 2938 volebam
716 2906 762 2938 ad
779 2917 876 2940 eorum
898 2905 1129 2953 Antefignanum

246 2950 374 2995 scribere
398 2966 405 2985 ε
439 2956 484 2989 De
503 2953 705 2996 Ecclefiasticis
730 2956 849 2997 quidem
871 2955 951 2989 nihll
966 2981 976 2997 ,
1005 2956 1061 2998 mfi
1072 2965 1130 2998 per

250 3008 431 3046 aenigmata3
444 3009 582 3046 quoniam
593 3015 643 3037 nec
654 3006 824 3049 intelligunt
834 3005 1006 3046 nostratium
1018 3013 1131 3040 verita-

250 3061 332 3094 tem,
359 3065 450 3096 neque
467 3059 554 3088 viam
567 3078 578 3095 ,
603 3066 663 3097 qua
682 3056 785 3096 pofflnt
805 3054 959 3099 addifi-ere
982 3082 992 3098 ‚
1019 3058 1131 3099 ample-

249 3102 370 3136 duntur
382 3127 389 3133 .
416 3104 580 3148 Loquitur
603 3104 704 3139 oculo
718 3116 772 3147 per
784 3105 863 3140 iram
876 3106 1026 3144 turbato.

299 3153 356 3187 lrae
368 3155 498 3188 causam
509 3153 609 3188 edicit
630 3155 764 3189 Sanctus
785 3155 966 3200 Gregorius
990 3157 1130 3191 Nazian-

253 3213 350 3238 zenus
372 3228 383 3244 ‚
410 3203 450 3238 de
473 3203 596 3247 Vitalis
613 3229 624 3245 ‚
653 3203 859 3242 Antiocheni
884 3204 1132 3249 Apollinarista-

252 3263 326 3287 rum
352 3253 508 3298 Episcopi
535 3279 546 3295 ,
580 3254 756 3296 aequivocis
789 3255 825 3289 dc
850 3255 969 3290 dolofis
995 3256 1132 3291 vocibus

255 3302 398 3341 scribens
419 3304 461 3339 ad
472 3304 697 3340 cledonium:
725 3307 879 3348 ‚Quoniam
900 3311 991 3350 igitur
1011 3306 1059 3341 bae
1082 3319 1131 3341 vo-

253 3363 301 3385 ces
313 3375 324 3391 ,
342 3351 371 3393 fi
387 3354 463 3388 reela?
482 3356 689 3400 intelligantur
711 3380 722 3396 ,
746 3367 813 3388 cum
829 3361 947 3397 pietate
966 3357 1130 3400 conjunc‘lae

248 3400 347 3445 sunt,
366 3401 477 3443 fimal?
490 3430 501 3446 ,
528 3412 713 3448 impietatem
724 3407 876 3440 adnexam
898 3406 1031 3448 habent3
1057 3409 1133 3449 quid

254 3458 365 3485 mirum
377 3476 388 3492 ,
408 3453 552 3494 fiVitalis
565 3468 677 3499 quoque
690 3457 783 3489 verba
803 3467 854 3488 nos
865 3458 984 3498 quidem
1007 3462 1039 3488 in
1060 3468 1130 3489 com-

254 3503 414 3536 modiorem
424 3528 434 3544 ,
461 3505 611 3549 magisque
615 3514 703 3548 piam
709 3505 890 3550 sententiam
908 3512 1105 3549 acceperimus
1117 3532 1125 3547 ‚

1907 135 1998 183 325

1197 249 1422 294 exardescant?
1448 252 1544 295 ‚Quod
1551 250 1703 295 Damafics
1713 265 1825 296 quoque
1837 257 1900 299 ipse
1912 281 1922 296 ,
1947 260 2011 295 cam
2021 267 2076 300 po-

1190 301 1255 342 stea
1265 301 1373 335 rec‘lius
1387 301 1506 336 edollus
1516 301 1641 345 fuiffn,
1660 301 1806 346 simulque
1827 316 1874 337 eos
1896 311 1928 339 in
1935 308 2075 348 pristinis

1195 350 1419 394 expositionibus
1425 351 1558 393 perstare
1569 353 1705 396 audiiffl’t
1717 377 1728 393 ‚
1754 365 1802 387 eos
1822 354 1861 386 ab
1872 356 1997 398 Ecclefia
2005 365 2075 398 pro-

1190 401 1326 445 scripsit,
1349 400 1479 444 fidelque
1499 402 1630 439 libellum
1651 414 1717 436 cum
1726 402 1977 446 anathematismo
1999 407 2076 441 dele-

1195 457 1264 485 vit.
1291 454 1367 485 Tum
1385 457 1479 485 ettam
1500 453 1584 494 quiid
1581 452 1730 494 fraudem
1739 465 1825 494 eam,
1852 460 1885 487 in
1908 466 1999 496 quam
2018 463 2077 496 per

1188 500 1407 543 fimplicitatem
1439 504 1588 540 inciderat
1609 527 1619 542 ‚
1651 503 1823 545 permoleste
1839 503 1943 545 ferret
1970 529 1977 536 .
2015 503 2078 538 Per

1192 550 1277 592 hos,
1304 551 1441 593 inquam
1457 576 1467 592 ,
1493 551 1562 590 dies
1574 553 1734 588 Damasus
1756 554 1934 595 Pontifex,
1959 553 2079 593 doloso

1191 601 1365 643 aequivocae
1401 602 1607 646 professionis
1644 603 1759 637 libello
1792 604 2054 648 circumscriptus
2068 628 2081 645 ,

1194 652 1362 691 Vitalern‚
1388 661 1426 685 ut
1452 649 1679 687 orthodoxum
1700 677 1711 693 ,
1741 653 1776 686 in
1802 655 2078 694 communionem

1193 712 1376 746 receperat,-
1403 701 1499 744 Hinc
1509 700 1545 735 in
1556 702 1659 743 iram,
1686 704 1849 747 frequenti
1877 704 2002 747 jejunio
2013 703 2079 737 stu-

1192 751 1344 787 dentium
1356 762 1468 793 more,
1494 752 1631 796 pronior
1652 753 1790 787 Basilius
1801 754 1963 791 clamabat
1983 755 2001 788 ὲ
2015 754 2078 789 La-

1192 802 1272 836 tinis
1291 801 1404 837 denuo
1427 802 1496 836 fieri
1510 827 1520 843 ,
1546 814 1616 846 quae
1639 803 1728 846 ptius
1750 813 1914 847 patrarant
1941 804 1976 837 in
1990 804 2079 837 Mar-

1192 852 1279 886 cello
1309 876 1320 892 ,
1347 852 1488 896 ideoque
1514 853 1644 886 afflictis
1669 852 1901 887 Orientalibus
1928 852 2080 887 Ecclesiis

1194 902 1323 936 nullum
1335 901 1484 946 adversus
1505 901 1673 938 haereticos
1683 902 1847 947 auxilium
1867 903 1909 939 ab
1935 903 2002 946 illis
2025 914 2081 938 ex-

1194 952 1404 996 spestandum
1419 977 1427 985 .

1212 1042 1214 1044 v
1243 1002 1400 1037 Romana
1424 1013 1536 1040 tamen
1560 1004 1704 1040 Ecclesia
1729 1004 1871 1040 omnino
1882 1006 1969 1041 misit
1992 1005 2082 1040 auxi-

1196 1052 1276 1086 lium
1288 1077 1298 1092 ,
1324 1053 1358 1086 ὅ(
1370 1053 1516 1098 Legatos
1526 1078 1536 1094 ‚
1558 1054 1599 1088 de
1611 1054 1730 1099 quibus
1740 1055 1808 1098 jam
1821 1057 1934 1091 mitior
1945 1055 2083 1090 Basilius

1196 1102 1236 1136 ad
1266 1104 1420 1136 Sanctum
1447 1102 1665 1143 Athanasium
1690 1118 1697 1138 :
1734 1108 1896 1149 ,Quaeritur
1919 1116 2021 1140 autem
2047 1108 2084 1140 Θ·
2100 1118 2239 1165 Epistvss·

1196 1152 1246 1185 hoc
1261 1154 1439 1186 &nonnullis
1454 1155 1513 1186 illic
1526 1179 1536 1194 ‚
1562 1163 1597 1187 ut
1622 1155 1752 1188 &nobis
1777 1155 1846 1198 ipfis
1857 1158 1983 1190 videtur
1995 1181 2005 1197 ,
2032 1168 2083 1189 ne-

1198 1202 1315 1246 ceffarici
1326 1212 1359 1236 ut
1371 1205 1509 1239 Marcelli
1519 1203 1650 1245 haerejlr‘m
1663 1206 1730 1244 illi,
1756 1206 1821 1239 cum
1833 1212 1977 1240 venerint
1991 1230 2002 1246 ‚
2014 1216 2084 1240 tan-

1197 1265 1287 1295 quam
1308 1255 1420 1286 malam
1447 1255 1482 1289 (⁴:¹¹
1504 1259 1664 1295 nocivam,
1691 1256 1726 1289 (θ’
1748 1258 1769 1288 ἃ
1785 1255 1937 1299 sanafide
1947 1258 2082 1291 alienam

1196 1309 1396 1336 exterminent
1409 1329 1417 1335 .
1444 1307 1599 1348 ‚Quoniam
1628 1304 1760 1338 adhunc
1769 1305 1858 1348 usque
1879 1309 1958 1340 diem
1980 1314 2013 1340 in
2023 1318 2083 1339 om-

1197 1353 1306 1393 nibus,
1333 1366 1410 1396 quas
1427 1353 1566 1397 scribunt
1588 1379 1599 1394 ‚
1625 1356 1737 1389 litteris
1753 1357 1868 1397 peffime*
1886 1359 2006 1398 quidem
2030 1369 2084 1390 au-

1197 1405 1328 1437 dientem
1352 1407 1456 1436 Arium
1473 1403 1596 1446 sursum
1621 1416 1656 1438 ac
1666 1406 1804 1438 deorsum
1826 1405 1983 1448 versantes
2005 1419 2082 1440 ana·

1197 1451 1397 1486 thematizare
1423 1463 1514 1496 atque
1533 1465 1572 1487 ex
1584 1453 1719 1495 Ecclefiis
1731 1456 1885 1489 eliminare
1897 1463 1955 1489 non
1965 1457 2086 1498 cessant,

1199 1504 1371 1536 Marcellum
1393 1506 1466 1536 vero
1490 1528 1500 1544 ,
1537 1510 1589 1545 qui
1621 1515 1658 1539 ex
1682 1505 1828 1537 diametro
1862 1504 2087 1548 respondentem

1200 1556 1268 1586 Ario
1278 1558 1467 1597 impietatem
1491 1554 1617 1595 attulit,
1643 1562 1735 1596 atque
1747 1563 1849 1587 contra
1874 1557 2001 1589 eandem
2014 1560 2089 1588 Unt-

1193 1608 1313 1647 geniti‚
1341 1602 1580 1646 Divinitatisque
1591 1604 1742 1647 essentiam
1772 1607 1863 1646 impie
1883 1611 1962 1650 egit,
1989 1606 2092 1640 verbi-

1197 1663 1252 1695 que
1262 1654 1491 1694 appellationem
1503 1655 1581 1694 male
1590 1651 1775 1696 usurpavit,
1800 1666 1837 1688 ne
1853 1654 1948 1698 semel
1966 1657 2089 1698 quidem

1198 1701 1334 1746 accusare
1354 1704 1518 1738 videntur.
1546 1703 1709 1738 Marcello
1732 1704 1920 1748 impositam
1942 1706 2091 1749 impieta·

1199 1763 1264 1787 tem
1291 1753 1325 1790 δι
1338 1752 1443 1795 Julius
1454 1753 1614 1788 Pontifex
1626 1779 1637 1795 ,
1665 1754 1699 1792 ὃς
1711 1754 1907 1789 Sardicenfis
1920 1755 2090 1799 Synodus,

1198 1803 1231 1837 &
1252 1803 1363 1838 omnis
1385 1803 1507 1839 Latina
1530 1804 1675 1839 Ecclesia
1698 1804 1841 1838 omnin&
1868 1807 1993 1850 semper
2016 1817 2090 1840 non

1199 1852 1328 1887 tantum
1343 1855 1538 1892 accusarunt
1550 1879 1560 1894 ,
1587 1854 1640 1891 sed
1661 1855 1695 1889 <Sc
1708 1854 1929 1896 damnarunt,
1955 1865 1988 1889 at
2000 1856 2092 1889 Mar·

1199 1902 1320 1937 cellum
1340 1903 1381 1937 ab
1394 1903 1450 1938 illa
1461 1904 1823 1939 credidereimmunem
1839 1917 1847 1938 z
1873 1906 1957 1940 Haec
1974 1905 2091 1940 distin-

1199 1964 1298 1998 guere
1308 1953 1464 1989 debuerat
1477 1955 1612 1988 Sanetus
1628 1954 1766 1995 Basilius
1777 1980 1784 1987 .

1249 2004 1294 2040 Et
1316 2003 1451 2048 quidem
1475 2004 1662 2041 Sardicense
1683 2005 1724 2039 de
1735 2005 1900 2041 Marcello
1922 2006 2090 2050 judicium

1199 2053 1258 2088 diu
1282 2053 1472 2090 constanter
1496 2054 1645 2094 defendit
1668 2053 1770 2089 latina
1782 2055 1943 2090 Ecclesia.
1973 2057 2089 2092 Ratio·

1200 2115 1277 2138 nem
1300 2103 1379 2144 dat,
1393 2116 1506 2149 agens
1526 2105 1568 2139 de
1589 2102 1767 2149 Syrmienfi
1793 2105 1932 2147 Synodo
1945 2130 1956 2146 ,
1982 2107 2088 2150 Sulpi-

1200 2154 1265 2193 tius
1286 2154 1421 2189 Severus
1445 2168 1453 2187 ι
1489 2154 1587 2188 Na&¹
1611 2158 1717 2189 Ariani
1736 2153 1896 2198 istiusmodi
1916 2155 2089 2198 occafionem

1200 2204 1254 2238 seu
1266 2204 1376 2247 relapsi
1404 2206 1459 2238 seu
1470 2203 1588 2238 detesti
1599 2203 1775 2245 Marcelli,
1800 2204 1971 2248 conspirant
1994 2212 2088 2248 pent-

1199 2255 1247 2293 tus
1259 2253 1439 2296 sardicenfis
1458 2256 1564 2293 synodi
1584 2256 1704 2288 decreta
1720 2253 1898 2297 subvertere
1919 2280 1926 2287 .
1954 2259 2083 2290 Etenim

1198 2311 1242 2339 ets
1265 2306 1339 2338 color
1364 2305 1491 2347 quidam
1506 2303 1665 2348 suppetere
1685 2304 1852 2339 videbatur·
1876 2330 1888 2347 ,
1915 2307 1998 2348 quod
2014 2315 2081 2339 tam

1198 2354 1303 2396 iniust?
1303 2354 1410 2398 fuisset
1435 2363 1492 2397 pro
1514 2353 1869 2397 Athanafiojudicatum,
1893 2357 1985 2398 quam
1995 2359 2083 2390 Mar-

1197 2406 1285 2438 cellus
1288 2404 1396 2447 fuerat
1409 2403 1562 2447 absolutus
1573 2429 1583 2445 ,
1610 2411 1663 2447 qui
1673 2416 1751 2439 nunc
1761 2411 1855 2443 etlam
1871 2404 2083 2449 Athanafitju-

1197 2456 1272 2488 dicio
1294 2454 1450 2491 baereticus
1470 2455 1521 2498 effe
1535 2454 1736 2497 probaretur.
1767 2455 1820 2494 Ex
1842 2456 1972 2499 Synodi
1993 2457 2081 2491 circa.

1198 2504 1394 2541 Marcellum
1407 2516 1515 2539 errore
1526 2504 1669 2548 ejusdem
1679 2504 1720 2539 de
1729 2502 1909 2543 Athanasio
1919 2505 2081 2549 judicium

1197 2557 1271 2590 sunt
1295 2554 1454 2589 exufflare
1481 2555 1593 2589 conati
1615 2580 1637 2595 ,‚
1654 2554 1836 2590 nescientes
1860 2580 1870 2595 ,
1897 2567 1953 2590 aut
1972 2556 2080 2590 verius

1195 2605 1430 2640 dissimulantes
1442 2604 1523 2639 utile
1536 2604 1576 2638 ab
1586 2604 1700 2638 inutili
1713 2616 1781 2640 non
1794 2606 1921 2642 vitiari.
1949 2605 2082 2641 Sciebat

1196 2655 1278 2691 illud
1293 2655 1446 2690 Romana
1463 2654 1627 2696 Ecclesia,
1657 2653 1829 2696 Athanasii
1843 2666 1952 2690 tamen
1967 2666 2080 2690 amore

1194 2706 1320 2741 dudum
1332 2707 1395 2741 esse
1406 2705 1636 2739 inconcussum
1650 2704 1757 2750 voluit
1768 2705 1869 2738 etiam
1886 2705 1927 2738 de
1939 2705 2081 2739 Marcel-

1194 2757 1227 2790 lo
1251 2754 1434 2799 judicium,
1460 2755 1629 2796 quousque
1653 2754 1805 2799 Liberius
1829 2754 1985 2788 Pontifex
2007 2766 2080 2798 pro·

1194 2806 1282 2841 bavit
1293 2829 1304 2846 ,
1331 2804 1654 2844 Macedonianorum
1666 2803 1898 2851 professionem
1919 2805 1953 2838 &
1965 2805 2077 2846 fidem,

1192 2857 1234 2891 ab
1258 2854 1432 2891 Eustathio
1454 2854 1633 2894 Sebastenfi
1662 2877 1673 2894 ,
1700 2854 1846 2897 Sylvano
1871 2853 2075 2895 Tharsensi,
2143 2853 2251 2884 3οίῖῐᾶῑ-

1193 2903 1448 2949 &Theophylo
1470 2903 1719 2944 Castabalorum
1732 2905 1898 2948 Episcopo
1920 2905 2077 2952 allatam,
2097 2888 2235 2931 1·4·c·¹¹'

1194 2959 1226 2989 in
1250 2968 1314 2999 qua
1337 2953 1511 2991 anathema
1523 2953 1694 2988 dicebatur
1715 2955 1815 2987 etiam
1827 2954 2054 2991 Marcellianis
2066 2980 2074 2989 .

1194 3007 1325 3040 Eisdem
1346 3004 1519 3040 anathema
1540 3005 1648 3043 dixit,
1674 3004 1708 3038 &
1731 3016 1843 3046 contra
1858 3017 1915 3039 eos
1933 3004 1997 3039 haec
2011 3017 2076 3048 ver·

1195 3058 1230 3090 ba
1245 3081 1255 3095 ,
1282 3057 1378 3096 Cujus
1390 3061 1472 3098 regni·
1486 3066 1542 3087 non
1553 3053 1692 3095 eritfints
1703 3078 1712 3093 ,
1741 3054 1897 3097 Synodus
1911 3055 2074 3091 Constan-

1193 3106 1413 3149 tinopolitana
1438 3105 1571 3138 inseruit
1594 3106 1651 3140 suo
1672 3104 1857 3146 Symbolo,
1884 3117 1939 3149 per
1953 3107 2076 3140 Dama-

1195 3158 1262 3189 sum
1276 3155 1475 3190 Pontificem
1489 3179 1498 3193 ‚
1526 3165 1562 3187 ac
1574 3165 1707 3189 omnem
1727 3154 1784 3188 sub
1794 3156 1877 3189 coelo
1893 3155 2073 3192 Ecclesiam

1194 3206 1350 3249 probato.
1379 3204 1532 3237 Marcelli
1544 3204 1793 3238 damnationem
1806 3206 1903 3239 etiam
1925 3206 1942 3238 a
1965 3207 2074 3249 Syno-

1192 3256 1236 3290 do
1264 3254 1526 3293 Chalcedonensi
1553 3249 1722 3301 probatam
1748 3279 1759 3297 ‚
1793 3255 1859 3301 jam
1896 3255 1987 3299 supra
2015 3257 2073 3297 est,

1193 3305 1369 3344 ostensum.
1791 3304 1794 3307 ’
2061 3303 2064 3309 ’

1243 3355 1337 3391 Hinc
1354 3353 1508 3398 quaeritur
1524 3378 1536 3395 ,
1562 3365 1604 3388 an
1626 3352 1706 3398 ergo
1728 3353 1831 3401 Julius
1852 3355 2013 3390 Pontifex
2038 3356 2073 3391 &

1193 3404 1386 3444 Sardicensis
1397 3403 1550 3447 Synodus
1560 3405 1646 3444 ‹virca
1658 3404 1811 3446 Marcelli
1833 3407 2001 3450 personam
2023 3417 2069 3438 er-

1194 3456 1316 3489 rarint?
1343 3454 1541 3488 Adfirmavit
1553 3454 1586 3487 in
1609 3455 1722 3488 ostava
1734 3455 1873 3498 synodo
1886 3454 2072 3495 Zacharias,

1193 3504 1510 3540 Chalcedonenfium
1545 3504 1762 3547 Metropolita
1805 3504 2036 3541 Schismaticus
2063 3518 2153 3555 ςΑᾶ·
2179 3530 2206 3555 6.

1940 3558 2020 3587 Mar-
