2346 3776
598 71 907 126 sonorus,
932 83 1010 121 ET
1036 79 1226 119 uon-rs
1251 73 1662 121 ILLUSTRA'TI·

226 164 362 203 gereni,
388 153 448 201 qui
465 144 659 190 intrantium
679 153 750 189 litui
775 152 982 196 respondet,
1008 152 1110 187 Nice-

228 206 354 250 phorus
365 205 515 241 Calixtus
536 203 678 239 attendit
696 202 953 239 Ecclefiasticam
974 202 1108 237 bafilicae

229 257 446 301 positionem,
473 254 515 289 de
534 265 599 297 qua
620 253 715 288 Ordo
737 254 911 288 Romanus
932 266 940 285 ε
966 251 1105 296 Episcopi
1170 249 1227 282 bus
1259 275 1270 291 ,
1304 248 1449 293 cereisque
1472 259 1545 285 ante
1562 251 1616 284 illae
1637 250 1758 294 accenfis
1779 277 1788 285 .

227 315 320 349 atque
341 305 509 343 Presbyteri
521 302 669 347 sedebunt
689 315 726 338 ea
735 305 818 338 locali
840 300 1020 345 dispositione
1033 327 1043 343 ,
1070 311 1105 336 ut

231 355 373 399 Episcopi
391 354 578 388 intrantibus
590 353 652 397 fint
675 355 721 388 ad
735 352 884 396 finistram
905 377 917 392 ,
939 352 1105 391 Presbyteri

229 407 303 438 veri
313 404 358 436 ad
365 405 523 444 dextram,
538 413 573 437 ut
579 406 700 447 quando
711 403 854 445 Pontifex
860 400 976 445 fiderit
987 427 997 442 ,
1018 403 1052 436 Θ
1064 404 1108 435 ad

1868 72 1965 134 283

1151 148 1248 190 istus,
1273 149 1395 191 bocest,
1414 147 1557 193 fandum
1576 153 1798 196 Evangelium,
1823 156 1961 201 appofitis
1970 157 2046 193 bine

1169 200 1240 234 inde
1254 199 1425 244 sauciorum
1445 199 1638 243 Apostolorum
1658 205 1743 235 Petri
1764 206 1798 238 Θ
1828 209 1917 240 Pauli
1935 214 2048 251 capitt-v

1814 255 1895 289 Haec
1922 258 2041 300 verba,

1172 303 1249 333 Ante
1274 301 1389 340 altare,
1414 301 1553 343 exponit
1572 301 1663 336 seffio
1681 302 1785 345 prima
1798 327 1805 334 .
1832 305 1925 346 Super
1943 308 2042 341 altare

1154 354 1271 384 ‘autem
1285 348 1448 392 propositus
1470 360 1537 384 erat
1553 349 1654 394 ſsnffl
1672 353 1839 399 Evangelii
1857 354 1932 388 liber
1957 364 2044 397 aper·

1152 405 1220 455 ltus
1233 423 1244 439 ‚
1268 401 1384 433 medius
1421 405 1500 434 inter
1518 406 1652 443 capitum
1670 400 1770 436 thecas
1792 401 1962 446 fundorum
1972 408 2045 447 Apo-

230 452 468 497 eosrespexerit,
494 452 889 497 Episcoposaddexmm,
916 453 1104 492 Presbyter-os
1152 447 1299 489 ssflolorum
1322 451 1408 483 Petri
1439 452 1473 484 ὁ·
1496 452 1587 485 Pauli
1606 476 1618 493 ‚
1642 458 1732 486 cereis
1768 458 1917 502 utrimque
1939 453 2048 487 mbas

230 512 403 538 contueatur
420 506 466 537 ad
476 503 627 544 finzstram
648 529 656 536 .
682 503 811 538 Eodem
849 502 953 538 modo
990 503 1114 537 sessum·
1167 498 1306 540 “must-r·
1335 498 1442 535 Unde
1452 500 1523 534 istic
1533 512 1602 536 non
1613 502 1849 538 tantummodo
1857 504 2047 539 Graecorum

231 554 295 589 fuit
308 554 342 594 in
355 554 491 597 Synodo
502 554 692 589 Florentina
703 578 712 586 .
738 556 795 587 Lis
806 577 819 594 ,
833 552 987 596 inquiunt
998 551 1081 587 Asta
1094 577 1105 593 ,

231 605 266 638 6
285 603 479 646 controversia
501 613 567 637 orta
584 604 623 646 'est
642 604 681 637 de
689 603 815 637 sedibus
826 604 1026 636 Occidentalis
1041 626 1052 643 ‚
1072 603 1108 636 ἐν

231 655 396 702 orientalis
418 653 572 695 Ecclefiae,
602 655 690 687 donec
710 652 786 686 leda
801 651 875 695 sunt
894 653 962 686 ada
985 653 1105 692 anodo·

230 714 316 736 rum.
343 704 480 738 Tandem
491 703 630 737 hocinter
638 715 686 737 eos
705 708 862 743 convenit,
890 710 925 735 ut
935 706 1032 745 Papae
1044 708 1107 744 qui-

230 754 299 787 dem
327 753 509 796 &Pontifici
534 765 570 787 ea
574 747 651 795 pa'rs
662 754 764 795 templi
774 753 920 791 daretur,
946 763 1015 795 quae
1023 753 1107 785 laeva

231 803 484 848 fftingredienti
493 815 509 845 ,-
533 804 630 836 altera
644 805 736 844 verb,
761 803 888 836 dextera
892 799 1026 844 stilicet,
1051 805 1110 835 Im-

226 858 363 895 peratori
388 854 423 887 (¹)
441 850 528 896 suis.
555 855 649 896 Atque
669 858 716 886 ita
738 853 829 886 Sedes
852 857 885 884 in
893 851 972 885 bunc
991 853 1110 885 triadum

229 903 374 936 collocata
386 900 483 944 fient:
509 901 676 937 Latiniad
696 902 910 947 aquilonem,
937 902 1043 936 Graeci
1068 900 1108 935 ad

229 951 550 986 austrumsederunt.
578 952 622 986 Et
647 953 694 986 ita
713 950 1112 987 etiamnumhodieserva-

227 1010 282 1035 tur
294 1001 410 1036 Romae
420 1001 456 1037 in
464 1000 600 1046 Capella
609 1001 759 1037 Palatina
773 1027 780 1034 .
1062 1028 1065 1032 .

282 1051 370 1098 Qis
391 1051 489 1095 porro
509 1053 606 1086 fuerit
628 1051 788 1087 Pontifex
804 1051 950 1098 generali
970 1051 1108 1095 synodo

232 1102 399 1146 praefidens
419 1101 624 1140 invisibiliter
644 1127 655 1144 ,
681 1102 792 1137 scribit
816 1101 858 1138 ad
881 1100 1111 1137 Theodofium

233 1151 569 1196 AugustumSanctus
594 1151 742 1195 Cyrillus
762 1151 1011 1187 Alexandrinus
1034 1151 1110 1195 Epi-

233 1202 350 1245 scopus
359 1202 395 1235 in
405 1201 630 1247 Apologetico
641 1203 764 1237 inserto
775 1203 852 1236 aftis
864 1202 991 1245 Synodi
1008 1199 1115 1244 Ephe-

59 1260 126 1297 ις.
141 1267 185 1291 ω
188 1267 218 1297 3.
234 1251 329 1286 finae.
355 1253 447 1285 Sacra
458 1253 586 1291 synodus
605 1251 756 1293 christum
764 1250 944 1295 consefforem
967 1253 1004 1286 θ’
1031 1252 1115 1285 velut

234 1309 324 1343 caput
333 1300 502 1341 constituit,
528 1303 734 1335 venerandum
751 1307 831 1335 enim
852 1302 1060 1345 Evangelium
1081 1305 1114 1333 in

231 1349 337 1395 sanHo
356 1350 460 1384 throno
481 1351 648 1385 celleratum
669 1360 756 1393 erat,
781 1352 970 1386 Sacerdotum
991 1350 1114 1384 aur-ibus

235 1399 379 1444 insonans
393 1405 414 1432 :⁸
420 1404 453 1446 J
454 1400 547 1442 ustum
560 1403 711 1443 judicium
722 1403 883 1443 judicate,
903 1400 1015 1447 sande.
1028 1406 1107 1433 inter

237 1450 491 1495 Evangelistas&
510 1446 639 1491 Nestorii
647 1463 733 1485 voces
753 1449 926 1494 discernite.
957 1450 1112 1493 Ejusdem

62 1527 95 1559 L
127 1523 183 1557 A&
197 1533 208 1555 Ι
238 1500 366 1544 Synodi
378 1499 419 1535 ad
429 1500 618 1543 Principem
638 1500 773 1535 Relatio
784 1501 832 1534 ait
846 1499 986 1542 sanHum
1005 1503 1117 1533 Evan-

64 1536 163 1603 133'79,
184 1545 192 1555 '
213 1544 222 1554 ’
231 1551 366 1595 gestum,
390 1551 472 1592 quod
487 1548 584 1592 ipsum
605 1548 753 1590 Christum
769 1548 950 1593 praesentem
973 1548 1114 1589 monstra-

236 1600 292 1634 bat
316 1623 326 1640 ‚
357 1604 391 1632 in
415 1597 518 1633 throno
543 1623 555 1640 ,
585 1605 638 1642 qui
664 1600 795 1633 medium
818 1601 910 1633 locum
934 1598 1085 1633 obtinebat
1105 1623 1116 1639 ‚

229 1648 320 1693 fuiffe
340 1648 516 1691 propofitum
542 1674 550 1681 .
586 1649 681 1684 Hinc
714 1649 794 1694 ergo
819 1649 938 1694 Legati
971 1649 1119 1683 Romani

236 1707 331 1735 erant
342 1698 383 1732 ad
395 1698 711 1733 laevamintrantium
722 1722 733 1738 ‚
758 1708 795 1732 ut
807 1697 886 1733 huic
905 1698 1063 1733 Pontifici
1075 1698 1119 1732 se-

239 1749 332 1784 denti
342 1748 377 1782 &
387 1758 444 1782 eos
454 1748 598 1782 intuenti
605 1747 707 1783 client
717 1746 758 1782 ad
764 1748 914 1783 dextram
926 1774 934 1782 .
959 1749 1120 1783 Dextram

241 1798 612 1840 namque&Latinis&
631 1795 753 1832 Graecis
763 1798 857 1834 fuisse
876 1800 1000 1842 semper
1012 1796 1118 1832 hono-

242 1848 430 1884 rabiliorem
443 1871 453 1887 ,
478 1847 575 1882 facile
586 1846 838 1892 poffitostendi.
867 1848 975 1882 Hunc
995 1858 1121 1883 morem

242 1899 386 1942 respexit
406 1896 564 1932 Meletius
589 1895 818 1932 Antiochenus
835 1897 1017 1942 Episcopus
1038 1921 1051 1938 ‚
1076 1896 1124 1932 di·

243 1959 324 1984 cens
345 1947 388 1982 ad
405 1946 585 1994 Paulinum
608 1945 650 1981 de
667 1946 788 1995 eadent
807 1946 970 1982 cathedra
989 1957 1124 1985 conten·

242 1999 397 2034 dentem:
424 1997 520 2040 ‚Quod
530 1994 562 2038 fi
575 1997 666 2030 sedes
685 2002 897 2032 content10nem
913 2002 1015 2042 gignit
1035 2022 1047 2039 ,
1073 2008 1124 2041 ego

244 2048 324 2083 banc
340 2051 555 2081 contentionem
573 2048 594 2080 ἃ
615 2045 699 2080 nobis
724 2047 865 2091 repellere
888 2047 1014 2082 conabor
1034 2059 1043 2080 ε
1069 2049 1126 2081 Po-

245 2108 354 2134 namus
365 2102 398 2131 in
407 2107 443 2132 ea
452 2095 563 2132 librum
583 2099 771 2145 Evangelii,
795 2098 832 2136 ό*
847 2103 996 2144 utrimque
1017 2108 1070 2133 nos
1079 2096 1125 2141 se-

244 2150 370 2184 deamus
382 2173 390 2181 .
759 2179 766 2185 ,

295 2198 404 2233 Addit
413 2197 569 2242 synodus
584 2197 862 2235 Chalcedonensis
871 2226 879 2233 .
906 2197 1080 2243 Antepofitis
1093 2203 1126 2231 in

244 2249 341 2285 mdia
372 2246 571 2292 sacrosanffls
596 2250 633 2284 6·
657 2249 879 2285 venerabilibus
916 2251 1099 2295 Evangeliis
1114 2273 1124 2290 ,

247 2296 441 2343 Paftbafinus
451 2300 717 2340 Reverendiffimus
741 2298 906 2344 Episcopus
932 2303 969 2336 Θ
987 2305 1125 2334 Vicarius

244 2350 333 2384 sedis
359 2348 523 2392 Apaestolicae
540 2374 552 2390 ‚
579 2361 671 2393 quum
690 2356 726 2384 in
749 2351 844 2386 medo
868 2362 932 2386 una
951 2361 1018 2385 cum
1043 2356 1123 2385 vitis

245 2399 502 2440 Revereudtffimis
527 2400 658 2444 Collegit·
674 2398 741 2443 suis
759 2399 880 2445 stetlffet
899 2425 912 2443 ‚
938 2402 1039 2434 dixit.
1066 2399 1128 2434 Al-

247 2448 392 2486 locuturi
402 2449 574 2491 Synodum
583 2450 702 2495 Legati
712 2448 731 2483 ὲ
743 2450 834 2485 ‚Sede
845 2450 1021 2495 surgebant
1031 2475 1043 2491 ‚
1067 2449 1128 2484 sta·

248 2497 396 2541 bantque
417 2508 489 2532 non
513 2509 590 2533 cum
614 2499 761 2544 glorioso
787 2500 908 2535 Senatu
947 2510 1025 2535 ante
1050 2501 1129 2536 San-

247 2547 362 2582 &uarii
374 2547 550 2583 cancellos
559 2571 572 2589 ,
597 2548 652 2583 sed
661 2558 738 2584 ante
749 2550 939 2585 sacrosancti
953 2549 1128 2596 Evangelii

248 2596 408 2636 thronum
431 2620 443 2638 ,
468 2598 513 2631 ita
533 2597 760 2640 ostendentes,
786 2599 886 2642 cujus*
899 2600 971 2635 vice
989 2600 1023 2635 &
1044 2600 1128 2645 lega-

249 2647 345 2682 tione
365 2645 581 2692 fungerentur
600 2672 609 2681 .
635 2648 718 2683 Non
742 2647 788 2683 ob
808 2649 938 2693 Synodi
965 2673 977 2690 ‚
1003 2649 1056 2684 sed
1081 2650 1127 2685 ob

251 2695 395 2740 ejasdem
414 2697 589 2743 Evangelii
612 2722 625 2739 ,
653 2709 693 2733 ac
717 2699 888 2742 peripsum
914 2700 1127 2744 repraesentati

251 2746 425 2782 Pontificis
450 2747 521 2790 Iesu
541 2745 668 2783 Christi
689 2773 700 2789 ,
725 2750 941 2784 reverentiam
977 2749 1126 2784 stabant.

251 2795 367 2831 Palam
377 2796 458 2842 ergo
471 2807 577 2832 errant
583 2797 713 2834 Sectaxii
721 2798 822 2833 nostri
831 2798 944 2835 locum
956 2810 1034 2835 ante
1044 2799 1128 2835 Can·

250 2846 354 2881 cellos
364 2845 457 2880 fuifl'e
464 2846 651 2891 digniorem
659 2873 668 2881 .
990 2869 997 2876 ·

304 2894 463 2931 Attamen
473 2894 540 2931 haec
549 2898 662 2931 omnia
671 2897 738 2941 jam
758 2898 884 2942 pridem
906 2900 1047 2935 mutavit
1070 2900 1129 2935 Ec·

251 2946 348 2982 delia
369 2971 376 2977 .
403 2946 555 2980 Sanctum
575 2947 795 2992 Evangelium
828 2959 898 2983 non
925 2949 960 2983 in
984 2948 1128 2991 throno,

252 2995 309 3032 sed
331 2996 416 3030 inter
434 2996 491 3029 sex
511 2995 686 3031 luminaria
711 3009 750 3032 ac
769 2997 963 3043 Principum
988 2999 1128 3045 Aposto-

252 3046 361 3081 lorum
386 3045 504 3080 statuas
530 3045 566 3079 in
591 3046 663 3089 ipso
698 3047 791 3082 altari
824 3059 955 3092 ponunt
979 3050 1128 3093 Synodi,

252 3105 352 3140 atque
362 3095 408 3128 ita
434 3094 623 3139 Principem
643 3096 678 3129 &
695 3097 851 3132 Senatum
870 3099 888 3132 a
902 3092 996 3134 sa'cris
1005 3099 1130 3134 cancel-

255 3145 320 3186 lis,
346 3145 509 3178 nominali
520 3145 736 3188 praefflenda,
761 3147 988 3183 &omniolirn
1015 3161 1125 3193 praeca·

255 3194 308 3230 rio
344 3194 473 3229 indulta
503 3194 661 3238 potestate
695 3207 886 3231 amoverunt
913 3222 920 3229 .
957 3200 1107 3232 caeteriim
1119 3225 1128 3240 ,

254 3243 367 3287 inquit
387 3244 580 3279 Florentina
601 3245 755 3287 Synodus
777 3270 789 3287 ‚
813 3252 847 3279 in
874 3248 970 3281 medio
1003 3251 1129 3291 templi,

259 3301 349 3334 atque
382 3299 462 3329 inter
493 3295 567 3328 duos
592 3296 718 3328 Clericos
745 3320 755 3336 ,
780 3304 853 3329 ante
871 3295 990 3339 sacrum
1007 3300 1124 3339 altare,

254 3336 360 3384 filium
373 3343 601 3385 pulcherrimum
623 3343 745 3388 posuere
765 3369 776 3386 ‚
795 3353 944 3389 perquam
967 3358 1105 3382 ornatum
1118 3373 1128 3388 ‚

259 3398 497 3436 apparatumque
520 3406 609 3429 aureo
626 3396 795 3429 velamento
806 3419 818 3436 ,
842 3401 876 3429 in
893 3408 949 3439 quo
966 3395 1049 3439 sedit
1065 3402 1130 3444 Ju-

257 3441 322 3477 dex
341 3445 510 3485 magnus&
524 3443 624 3486 justus
636 3469 646 3484 ,
674 3448 818 3480 Dominus
828 3445 920 3488 noller
929 3446 1029 3493 Jesus
1042 3447 1130 3483 Chri-

355 3493 495 3529 canones
506 3497 662 3529 ConcNic.
673 3498 783 3529 TomJ.

67 1976 215 2012 theodor.

68 2019 120 2056 105.
131 2027 190 2057 c.3.

1169 547 1360 594 Augustus,
1387 548 1484 591 sed&
1503 550 1571 593 ipse
1594 551 1764 586 Dominus
1783 552 1874 596 Papa
1893 552 1936 588 ad
1947 553 2048 588 latera

1170 598 1336 633 sederunt.
1365 598 1541 634 Videndus
1563 601 1599 634 in
1620 601 1768 636 Concilii
1794 601 1928 638 historia
1938 603 2051 647 Sylve¹

1172 647 1233 682 ster
1252 649 1473 693 Sguropulus.
1499 650 1651 693 Spcstant
1662 649 1730 686 haec
1754 652 1868 690 omnia
1880 653 1922 687 ad
1944 653 2050 688 sacras

1170 698 1343 742 juffiones,
1368 699 1512 734 excussas
1533 698 1578 734 ob
1600 699 1725 735 Leonis
1741 700 1842 736 Isauri
1851 702 1969 747 impias
1980 703 2049 737 vio·

1171 749 1288 784 lentias
1309 762 1317 782 :
1344 748 1432 784 unde
1452 749 1487 785 ἀ
1510 749 1545 783 in
1566 749 1704 793 septima
1727 750 1762 784 ἀ
1785 753 1897 786 ostava
1909 753 2052 796 Synodo

1173 797 1328 844 Princeps
1337 799 1510 835 dumtaxat
1518 798 1661 838 assedisse
1684 810 1763 836 cum
1771 800 1893 840 Senatu
1909 801 2029 847 legitur
2037 826 2052 844 ,

1175 859 1244 883 non
1258 848 1450 892 praesedifle.

1214 897 1293 934 'Soli
1306 899 1418 943 itaque
1427 898 1621 935 Patriarchae
1633 925 1644 941 ,
1668 910 1732 937 tres
1742 898 1963 946 Autocephali
1984 900 2055 945 Pri·-

1174 958 1276 983 mates
1286 973 1297 988 ‚
1308 950 1344 983 δε
1354 949 1809 990 VicariusJI'hessalonicenfis
1819 950 2005 987 habueruut
2014 952 2055 986 iu

1174 997 1313 1042 Synodo
1324 999 1437 1034 locum
1448 1001 1511 1034 suae
1520 1000 1623 1036 sedis.
1650 999 1835 1037 Addendus
1857 1000 2057 1045 Archi-Epi·

1175 1048 1291 1093 scopus
1302 1048 1567 1094 Carthaginiensis
1575 1075 1587 1092 ,
1615 1050 1691 1086 licet
1702 1063 1772 1086 non
1785 1050 2034 1096 Autocephalus
2042 1075 2056 1092 ‚

1175 1098 1278 1132 totius
1299 1108 1411 1133 tamen
1434 1099 1601 1135 Africanae
1620 1101 1808 1136 Dioeceseos
1829 1101 1959 1137 Primas
1977 1125 1989 1142 ,
2003 1101 2057 1135 ·de

1177 1158 1245 1192 quo
1254 1147 1296 1182 ad
1309 1149 1430 1183 sextam
1442 1149 1615 1193 Synodum
1627 1150 1868 1185 Constantinus
1878 1175 1889 1191 ,
1906 1151 2060 1186 Ecclefiae

1177 1198 1554 1243 Constantinopolitanae
1566 1199 1742 1244 Presbyter
1767 1201 1801 1235 ἀ
1813 1200 2059 1235 Grammaticus

1178 1248 1317 1282 Latinus
1337 1261 1345 1281 :
1371 1251 1436 1282 scio
1454 1274 1466 1290 ‚
1501 1250 1681 1292 temporibus
1720 1251 1811 1284 Pauli
1843 1250 2062 1294 patriarcha-2

1178 1298 1285 1341 venisse
1307 1301 1485 1332 Fortunium
1507 1324 1518 1339 ,
1543 1305 1595 1342 qui
1609 1300 1678 1342 fuit
1702 1298 1869 1344 Episcopus
1897 1300 2060 1345 Cartbagi—

1179 1347 1295 1389 neustr,
1321 1350 1354 1382 (5
1374 1350 1438 1382 cum
1460 1350 1560 1393 Miffas
1583 1350 1706 1384 aeturus
1724 1352 1789 1394 efflet
1815 1356 1848 1384 in
1860 1349 1970 1394 sanda
1996 1363 2062 1384 ma-

1174 1408 1239 1442 gna
1260 1400 1319 1430 Dei
1338 1397 1467 1439 Ecclefia
1487 1423 1498 1440 ‚
1524 1398 1676 1442 quaefitum
1697 1399 1736 1440 est
1760 1423 1772 1440 ,
1797 1402 1941 1442 quomodo
1957 1399 2062 1443 sedere

1180 1446 1319 1489 debuiffet
1337 1471 1349 1488 ,
1378 1457 1519 1482 utrumne
1538 1457 1612 1482 ante
1631 1450 1874 1491 Metropolitanos
1897 1474 1909 1490 ‚
1922 1455 1986 1493 ·quz'
2014 1450 2064 1483 hic

1180 1496 1376 1546 morabantur
1400 1521 1411 1536 ,
1435 1508 1478 1530 an
1492 1497 1556 1539 post
1574 1509 1622 1531 eos
1650 1522 1659 1530 .
1684 1500 1732 1531 Ee
1763 1505 1931 1541 requirente
1966 1501 2065 1533 eodem

1185 1547 1281 1580 Paulo
1300 1547 1450 1589 quendam
1471 1547 1656 1581 Patriarcba
1665 1552 1701 1590 ,in
1726 1547 1912 1582 Bibliotheca
1927 1551 2068 1582 Patriac-

1181 1595 1242 1630 cbi}
1262 1595 1371 1629 librum
1390 1603 1489 1639 quinti
1500 1599 1624 1630 Concilii
1637 1622 1648 1637 ,
1673 1607 1708 1631 ut
1730 1597 1906 1643 cognofieret
1919 1623 1929 1638 ‚
1955 1611 2069 1641 quomo-

1185 1647 1222 1679 do
1236 1642 1341 1687 J‘edere
1374 1646 1513 1689 debuisset
1535 1671 1546 1687 ‚
1571 1653 1694 1691 contigit
1715 1670 1728 1687 ,
1753 1657 1788 1681 ut
1818 1653 2010 1683 inveniretur
2034 1651 2070 1684 θ

1185 1696 1299 1729 latinus
1324 1695 1397 1728 liber
1418 1694 1550 1738 eiusdem
1575 1699 1701 1731 Concilii
1729 1723 1735 1729 .
1762 1701 1810 1730 Et
1834 1700 1945 1733 εκὶηάέ
1964 1698 2070 1739 instru-

1186 1745 1252 1781 c‘lus
1274 1745 1359 1778 idem
1375 1747 1489 1780 Paulus
1507 1745 1586 1791 fecit
1606 1759 1672 1781 eum
1703 1747 1912 1782 ordinabiliter
1931 1747 2036 1791 federe
2061 1774 2070 1782 .

1188 1794 1323 1838 Utique
1344 1795 1494 1838 proxime
1515 1797 1586 1840 post
1606 1796 1712 1832 distes
1733 1797 1893 1837 Primates
1914 1799 1948 1833 δε
1971 1798 2074 1833 Vica-

1188 1845 1273 1879 rium
1284 1869 1295 1885 ‚
1321 1845 1368 1879 uti
1379 1845 1414 1878 in
1426 1846 1542 1892 quinta
1554 1846 1823 1889 Synodosederat
1836 1848 2049 1883 Sextmianus
2059 1872 2074 1890 ‚

1189 1894 1367 1929 Tunienfis
1394 1894 1594 1938 Episcopus,
1621 1897 1766 1942 Legatus
1790 1897 1929 1933 Primosi
1938 1897 2075 1933 Cartha·

1189 1944 1331 1990 giuenfis
1342 1968 1349 1976 .
1373 1945 1511 1990 Reliqui
1522 1957 1638 1981 omnes
1648 1947 1683 1980 &
1697 1947 1933 1992 Metropolitae,
1945 1948 1979 1983 ἀ
1993 1948 2076 1983 Pro·

1191 1993 1346 2029 vinciales
1364 1994 1454 2037 juxta
1474 2006 1612 2040 acceptas
1635 1998 1892 2033 consecrationis
1923 2008 2075 2034 aetatem:

1190 2043 1342 2079 Primum
1363 2045 1429 2078 veri
1443 2069 1461 2085 ‚.
1479 2055 1551 2080 tum
1571 2046 1644 2081 solo
1667 2047 1804 2081 nomine
1824 2047 2049 2091 Metropolitae
2061 2071 2076 2089 ,

1191 2093 1355 2138 postremo
1366 2093 1609 2132 provinciales.
1637 2096 1732 2130 Hinc
1754 2097 1789 2130 in
1797 2098 1911 2131 ostava
1934 2097 2076 2141 Synodo

1191 2144 1261 2188 post
1282 2142 1485 2183 Patriarchas
1505 2145 1539 2179 δε
1562 2145 1722 2180 Primates
1743 2146 1967 2191 Metropolitas
1987 2147 2075 2183 sede-

1191 2204 1292 2235 runt,
1316 2193 1437 2230 deinde
1455 2193 1754 2239 Archi-Episcopi:
1782 2195 1913 2241 Nempe
1937 2208 2076 2233 extunc

1190 2243 1278 2290 apu'd
1290 2239 1422 2280 Grae‘cos
1436 2242 1707 2290 Archi-Episcopi
1719 2255 1811 2283 erant
1837 2246 1911 2285 solo
1934 2248 2077 2286 nomina

1189 2294 1434 2342 Metropolitae.

1240 2347 1310 2382 Hic
1328 2345 1461 2383 sedendi
1483 2347 1567 2384 ordo
1587 2346 1730 2386 servatus
1752 2348 1816 2388 suit
1836 2349 1937 2387 etiam
1947 2351 1982 2386 in
1993 2350 2072 2388 Pro·

1191 2397 1384 2439 vinciamur,
1394 2410 1432 2434 ac
1442 2399 1638 2435 Dioeceseon
1647 2401 1792 2448 Synodis
1803 2427 1812 2436 .
1838 2402 1934 2437 Hinc
1943 2400 2077 2437 vacanti

1191 2457 1248 2483 aut
1273 2448 1434 2484 canonice
1459 2449 1624 2494 impeditas
1641 2451 1718 2486 Sedi
1743 2449 1956 2487 Patriarchali
1968 2476 1980 2492 ,
2005 2451 2078 2487 Pri·

1191 2498 1315 2533 matiali
1327 2524 1339 2540 ,
1364 2509 1421 2533 aut
1443 2499 1712 2544 Metropolitanae
1723 2513 1791 2536 non
1810 2501 1949 2537 dabatur
1959 2501 2076 2537 vifica-

1191 2557 1244 2583 tor
1256 2572 1267 2589 ‚
1292 2548 1347 2583 sed
1369 2549 1470 2592 ipsam
1485 2549 1594 2592 quoad
1615 2549 1737 2596 judicia
1756 2551 1792 2586 δε
1811 2552 2075 2587 consecrationes

1191 2598 1437 2639 administrabat
1450 2599 1556 2633 senior
1566 2599 1784 2645 Metropolita
1796 2625 1808 2641 ‚
1819 2610 1876 2636 aut
1883 2600 2076 2636 Provincia·

1192 2648 1250 2682 lis.
1275 2648 1371 2696 Qin
1397 2649 1431 2682 in
1454 2647 1623 2684 Africanis
1633 2650 1819 2685 Provinciis
1843 2674 1855 2691 ‚
1880 2650 1978 2692 Sedes
2000 2649 2075 2685 Me·

1191 2699 1396 2742 tropoliticas
1407 2710 1475 2733 non
1488 2697 1685 2734 habentibus
1700 2724 1710 2740 ,
1735 2700 1842 2734 senior
1854 2699 2075 2735 Provincialis

1189 2758 1259 2783 erat
1268 2748 1453 2782 Provinciae
1466 2748 1592 2782 Pr‘imas
1603 2774 1612 2789 ‚
1634 2751 1688 2783 seu
1709 2749 1824 2784 Primae
1833 2749 1925 2784 Sedis
1937 2750 2074 2794 Episco-

1191 2809 1270 2843 pus,
1296 2796 1422 2833 habens
1443 2798 1508 2832 {ine
1521 2799 1659 2833 nomine
1671 2798 1954 2844 Metropoliticam
1979 2810 2074 2844 pote-

1190 2848 1305 2883 statem
1325 2874 1333 2881 .
1363 2849 1438 2882 Hac
1459 2846 1501 2881 de
1519 2849 1613 2882 causa
1635 2850 1769 2883 San-stus
1792 2849 1998 2893 Augustinus
2032 2850 2071 2884 iu

1191 2897 1357 2933 Victorini
1380 2921 1392 2938 ‚
1416 2897 1585 2932 Numidiae
1606 2896 1788 2932 Primatum
1823 2899 2072 2942 praetendentis‚

1191 2948 1341 2982 tractoria
1364 2958 1489 2982 nomen
1510 2948 1605 2981 suum
1625 2947 1725 2982 tertio
1746 2948 1824 2982 loco
1834 2950 1976 2993 politum
1996 2974 2007 2990 ,
2033 2961 2072 2986 ut
2089 2951 2245 2992 Epist.217.'

1190 3009 1259 3032 rem
1267 2997 1340 3035 aliis
1351 2996 1538 3045 injuriosam
1549 3009 1585 3031 ac
1593 2996 1650 3031 fibi
1661 2996 1857 3033 invidiosam
1871 3023 1882 3040 ,
1907 3000 2071 3035 aversatus

1192 3048 1237 3083 est
1258 3072 1270 3088 ,
1295 3045 1414 3090 noscens
1435 3049 1526 3090 quam
1541 3046 1604 3089 post
1626 3050 1733 3081 multos
1746 3071 1757 3088 ‚
1780 3047 1945 3092 Episcopus
1960 3049 2072 3092 fadus

1190 3099 1272 3142 esset.
1302 3097 1377 3131 Nec
1401 3096 1612 3131 Victorinum
1635 3098 1669 3130 in
1692 3097 1873 3133 Primatem
1894 3100 2074 3145 agnoscere

1190 3146 1295 3182 voluit
1306 3171 1318 3188 ,
1344 3147 1512 3191 quousque
1523 3146 1725 3190 synodaliter
1733 3148 1894 3184 constaret
1902 3173 1912 3190 ,
1923 3160 1964 3184 an
1977 3150 2045 3193 ipse
2055 3174 2069 3192 ‚

1189 3210 1232 3232 an
1244 3195 1429 3240 xantippus
1451 3196 1633 3241 Tigisenfis
1650 3196 1832 3242 Episcopus
1844 3223 1854 3238 ‚
1879 3200 1955 3233 effer
1979 3201 2068 3243 prior

1189 3246 1375 3281 ordinatus.
1405 3247 1498 3293 Qas
1516 3246 1588 3280 lites
1607 3257 1650 3280 ex
1676 3246 1790 3282 Africa
1811 3248 1998 3284 eliminatas
2009 3259 2068 3283 vo·

1191 3299 1281 3336 lens,
1307 3307 1363 3339 per
1383 3295 1557 3339 Synodum
1577 3296 1853 3340 statuiobtinuic,
1880 3309 1916 3333 ut
1938 3298 2068 3333 ordina·

1193 3357 1227 3381 to
1249 3346 1414 3389 Episcopo
1440 3345 1622 3381 Ordinator
1641 3346 1731 3381 daret
1742 3347 1895 3391 deinceps
1920 3348 2066 3387 litteras,

1189 3395 1540 3430 ordinationisannum
1551 3419 1564 3437 ,
1588 3397 1755 3438 mensem3
1780 3397 1869 3432 diem
1879 3396 2067 3432 authentice

1189 3446 1423 3491 exprimentes.
1452 3445 1598 3493 Vulgata
1633 3445 1814 3493 Augustjni
1839 3447 1942 3483 editio
1978 3446 2068 3481 Xan-

1591 3496 1626 3533 N
1651 3508 1675 3531 u
1723 3504 1750 3537 3.
1952 3495 2014 3540 tip-

2075 1281 2194 1318 Act-143
