<?xml version="1.0" encoding="UTF-8"?>
<!DOCTYPE html PUBLIC "-//W3C//DTD XHTML 1.0 Transitional//EN"
    "http://www.w3.org/TR/xhtml1/DTD/xhtml1-transitional.dtd">
<html xmlns="http://www.w3.org/1999/xhtml" xml:lang="en" lang="en">
 <head>
  <title>
</title>
<meta http-equiv="Content-Type" content="text/html;charset=utf-8" />
  <meta name='ocr-system' content='tesseract 3.04.00' />
  <meta name='ocr-capabilities' content='ocr_page ocr_carea ocr_par ocr_line ocrx_word'/>
</head>
<body>
  <div class='ocr_page' id='page_1' title='image "./operaomniastudio01lupuuoft_0395.png"; bbox 0 0 2346 3776; ppageno 0'>
   <div class='ocr_carea' id='block_1_1' title="bbox 36 557 193 594">
    <p class='ocr_par' dir='ltr' id='par_1_1' title="bbox 36 557 193 594">
     <span class='ocr_line' id='line_1_1' title="bbox 36 557 193 594; baseline -0.032 -7"><span class='ocrx_word' id='word_1_1' title='bbox 36 557 123 587; x_wconf 76' lang='lat' dir='ltr'>Ser-1.</span> <span class='ocrx_word' id='word_1_2' title='bbox 138 562 193 594; x_wconf 80' lang='lat' dir='ltr'>c.3.</span> 
     </span>
    </p>
   </div>
   <div class='ocr_carea' id='block_1_2' title="bbox 52 2612 204 2647">
    <p class='ocr_par' dir='ltr' id='par_1_2' title="bbox 52 2612 204 2647">
     <span class='ocr_line' id='line_1_2' title="bbox 52 2612 204 2647; baseline 0 -6"><span class='ocrx_word' id='word_1_3' title='bbox 52 2612 116 2647; x_wconf 72' lang='lat'><strong>1..4·</strong></span> <span class='ocrx_word' id='word_1_4' title='bbox 129 2619 204 2647; x_wconf 71' lang='grc' dir='ltr'>ως·</span> 
     </span>
    </p>
   </div>
   <div class='ocr_carea' id='block_1_3' title="bbox 622 71 1628 127">
    <p class='ocr_par' dir='ltr' id='par_1_3' title="bbox 622 71 1628 127">
     <span class='ocr_line' id='line_1_3' title="bbox 622 71 1628 127; baseline 0 -11"><span class='ocrx_word' id='word_1_5' title='bbox 622 71 931 127; x_wconf 75' lang='lat' dir='ltr'>Senotus,</span> <span class='ocrx_word' id='word_1_6' title='bbox 967 85 1029 114; x_wconf 74' lang='grc' dir='ltr'>ιτ</span> <span class='ocrx_word' id='word_1_7' title='bbox 1068 82 1242 115; x_wconf 69' lang='lat' dir='ltr'>Notis</span> <span class='ocrx_word' id='word_1_8' title='bbox 1278 79 1628 117; x_wconf 64' lang='lat' dir='ltr'>utus&#39;rnarx</span> 
     </span>
    </p>
   </div>
   <div class='ocr_carea' id='block_1_4' title="bbox 205 152 1099 1052">
    <p class='ocr_par' dir='ltr' id='par_1_4' title="bbox 205 152 1099 1052">
     <span class='ocr_line' id='line_1_4' title="bbox 208 152 1099 202; baseline -0.008 -9"><span class='ocrx_word' id='word_1_9' title='bbox 208 155 383 202; x_wconf 72' lang='lat' dir='ltr'>Apostolis</span> <span class='ocrx_word' id='word_1_10' title='bbox 419 164 458 191; x_wconf 78' lang='lat' dir='ltr'>ac</span> <span class='ocrx_word' id='word_1_11' title='bbox 480 153 552 199; x_wconf 84' lang='lat' dir='ltr'>ipso</span> <span class='ocrx_word' id='word_1_12' title='bbox 584 152 722 189; x_wconf 85' lang='lat' dir='ltr'>Christo</span> <span class='ocrx_word' id='word_1_13' title='bbox 754 154 910 188; x_wconf 86' lang='lat' dir='ltr'>Domino</span> <span class='ocrx_word' id='word_1_14' title='bbox 935 153 1099 192; x_wconf 86' lang='lat' dir='ltr'>traditus,</span> 
     </span>
     <span class='ocr_line' id='line_1_5' title="bbox 207 203 1092 254; baseline -0.009 -11"><span class='ocrx_word' id='word_1_15' title='bbox 207 207 464 254; x_wconf 80' lang='lat' dir='ltr'>glorificationis</span> <span class='ocrx_word' id='word_1_16' title='bbox 483 205 629 248; x_wconf 85' lang='lat' dir='ltr'><strong>hymnus</strong></span> <span class='ocrx_word' id='word_1_17' title='bbox 650 204 696 238; x_wconf 90' lang='lat' dir='ltr'>est</span> <span class='ocrx_word' id='word_1_18' title='bbox 718 205 936 251; x_wconf 75' lang='lat' dir='ltr'>Gloria‚Patri</span> <span class='ocrx_word' id='word_1_19' title='bbox 962 205 997 237; x_wconf 65' lang='lat'>&lt;5</span> <span class='ocrx_word' id='word_1_20' title='bbox 1012 203 1092 237; x_wconf 84' lang='lat' dir='ltr'>Filio</span> 
     </span>
     <span class='ocr_line' id='line_1_6' title="bbox 209 247 1092 300; baseline -0.009 -6"><span class='ocrx_word' id='word_1_21' title='bbox 209 261 246 294; x_wconf 68' lang='grc' dir='ltr'>ὁ·</span> <span class='ocrx_word' id='word_1_22' title='bbox 268 250 395 300; x_wconf 60' lang='lat' dir='ltr'>spiritali</span> <span class='ocrx_word' id='word_1_23' title='bbox 411 255 516 300; x_wconf 61' lang='lat' dir='ltr'>sanilo</span> <span class='ocrx_word' id='word_1_24' title='bbox 540 279 548 288; x_wconf 89' lang='lat'><strong><em>.</em></strong></span> <span class='ocrx_word' id='word_1_25' title='bbox 585 254 718 290; x_wconf 83' lang='lat' dir='ltr'>Primus</span> <span class='ocrx_word' id='word_1_26' title='bbox 750 247 893 289; x_wconf 67' lang='lat' dir='ltr'>mutavit</span> <span class='ocrx_word' id='word_1_27' title='bbox 924 255 997 298; x_wconf 91' lang='lat' dir='ltr'>puri</span> <span class='ocrx_word' id='word_1_28' title='bbox 1021 253 1092 297; x_wconf 88' lang='lat' dir='ltr'>puti</span> 
     </span>
     <span class='ocr_line' id='line_1_7' title="bbox 208 303 1093 345; baseline -0.007 -2"><span class='ocrx_word' id='word_1_29' title='bbox 208 307 393 344; x_wconf 83' lang='lat' dir='ltr'>Arianismi</span> <span class='ocrx_word' id='word_1_30' title='bbox 412 305 606 340; x_wconf 84' lang='lat' dir='ltr'>restaurator</span> <span class='ocrx_word' id='word_1_31' title='bbox 625 305 766 345; x_wconf 71' lang='lat' dir='ltr'>AEdus,</span> <span class='ocrx_word' id='word_1_32' title='bbox 794 304 944 339; x_wconf 80' lang='lat' dir='ltr'>Eccleliae</span> <span class='ocrx_word' id='word_1_33' title='bbox 971 303 1093 338; x_wconf 88' lang='lat' dir='ltr'>Antio-</span> 
     </span>
     <span class='ocr_line' id='line_1_8' title="bbox 212 355 1094 400; baseline -0.007 -7"><span class='ocrx_word' id='word_1_34' title='bbox 212 356 325 394; x_wconf 74' lang='lat' dir='ltr'>chenae</span> <span class='ocrx_word' id='word_1_35' title='bbox 354 356 530 392; x_wconf 86' lang='lat' dir='ltr'>Diaconus</span> <span class='ocrx_word' id='word_1_36' title='bbox 548 379 560 396; x_wconf 87' lang='lat'>,</span> <span class='ocrx_word' id='word_1_37' title='bbox 595 355 799 400; x_wconf 86' lang='lat' dir='ltr'>psallendum</span> <span class='ocrx_word' id='word_1_38' title='bbox 819 355 936 398; x_wconf 85' lang='lat' dir='ltr'>jubens</span> <span class='ocrx_word' id='word_1_39' title='bbox 954 379 965 395; x_wconf 90' lang='lat'>,</span> <span class='ocrx_word' id='word_1_40' title='bbox 991 355 1094 387; x_wconf 80' lang='lat' dir='ltr'>Gloria</span> 
     </span>
     <span class='ocr_line' id='line_1_9' title="bbox 212 404 1095 449; baseline -0.006 -7"><span class='ocrx_word' id='word_1_41' title='bbox 212 411 307 442; x_wconf 77' lang='lat' dir='ltr'>Pam</span> <span class='ocrx_word' id='word_1_42' title='bbox 319 414 376 449; x_wconf 86' lang='lat' dir='ltr'>per</span> <span class='ocrx_word' id='word_1_43' title='bbox 402 407 518 441; x_wconf 85' lang='lat' dir='ltr'>Filium</span> <span class='ocrx_word' id='word_1_44' title='bbox 537 412 570 439; x_wconf 89' lang='lat' dir='ltr'>in</span> <span class='ocrx_word' id='word_1_45' title='bbox 591 409 707 449; x_wconf 77' lang='lat' dir='ltr'>spiritu</span> <span class='ocrx_word' id='word_1_46' title='bbox 721 404 828 449; x_wconf 59' lang='lat' dir='ltr'>fando</span> <span class='ocrx_word' id='word_1_47' title='bbox 850 431 858 438; x_wconf 89' lang='lat'><strong>.</strong></span> <span class='ocrx_word' id='word_1_48' title='bbox 887 406 971 439; x_wconf 87' lang='lat' dir='ltr'><strong>Sunt</strong></span> <span class='ocrx_word' id='word_1_49' title='bbox 994 415 1095 438; x_wconf 86' lang='lat' dir='ltr'>voces</span> 
     </span>
     <span class='ocr_line' id='line_1_10' title="bbox 205 454 1096 502; baseline -0.004 -11"><span class='ocrx_word' id='word_1_50' title='bbox 205 457 400 502; x_wconf 72' lang='lat' dir='ltr'>aequivocae‚</span> <span class='ocrx_word' id='word_1_51' title='bbox 431 457 579 491; x_wconf 66' lang='lat' dir='ltr'>innoxiae</span> <span class='ocrx_word' id='word_1_52' title='bbox 601 467 711 491; x_wconf 90' lang='lat' dir='ltr'>tamen</span> <span class='ocrx_word' id='word_1_53' title='bbox 725 480 736 496; x_wconf 89' lang='lat'>,</span> <span class='ocrx_word' id='word_1_54' title='bbox 763 454 883 500; x_wconf 88' lang='lat' dir='ltr'>quibus</span> <span class='ocrx_word' id='word_1_55' title='bbox 907 456 941 489; x_wconf 89' lang='lat'>&amp;</span> <span class='ocrx_word' id='word_1_56' title='bbox 961 455 1096 489; x_wconf 63' lang='lat' dir='ltr'>Sanctus</span> 
     </span>
     <span class='ocr_line' id='line_1_11' title="bbox 209 504 1091 548; baseline -0.007 -4"><span class='ocrx_word' id='word_1_57' title='bbox 209 508 282 544; x_wconf 82' lang='lat' dir='ltr'>Leo</span> <span class='ocrx_word' id='word_1_58' title='bbox 302 505 462 543; x_wconf 83' lang='lat' dir='ltr'>Pontifex</span> <span class='ocrx_word' id='word_1_59' title='bbox 483 508 558 541; x_wconf 87' lang='lat' dir='ltr'>usus</span> <span class='ocrx_word' id='word_1_60' title='bbox 568 506 636 548; x_wconf 83' lang='lat' dir='ltr'>est,</span> <span class='ocrx_word' id='word_1_61' title='bbox 663 507 698 541; x_wconf 90' lang='lat' dir='ltr'>in</span> <span class='ocrx_word' id='word_1_62' title='bbox 718 507 870 540; x_wconf 85' lang='lat' dir='ltr'>sermone</span> <span class='ocrx_word' id='word_1_63' title='bbox 892 505 933 540; x_wconf 88' lang='lat' dir='ltr'>de</span> <span class='ocrx_word' id='word_1_64' title='bbox 947 504 1091 539; x_wconf 83' lang='lat' dir='ltr'>Domini</span> 
     </span>
     <span class='ocr_line' id='line_1_12' title="bbox 210 555 1093 600; baseline -0.006 -8"><span class='ocrx_word' id='word_1_65' title='bbox 210 557 399 593; x_wconf 85' lang='lat' dir='ltr'>Nativitate</span> <span class='ocrx_word' id='word_1_66' title='bbox 420 557 535 591; x_wconf 89' lang='lat' dir='ltr'>dicens</span> <span class='ocrx_word' id='word_1_67' title='bbox 559 557 601 591; x_wconf 81' lang='lat' dir='ltr'>ad</span> <span class='ocrx_word' id='word_1_68' title='bbox 611 555 794 600; x_wconf 84' lang='lat' dir='ltr'>populum:</span> <span class='ocrx_word' id='word_1_69' title='bbox 823 560 954 600; x_wconf 82' lang='lat' dir='ltr'><em>Agamus</em></span> <span class='ocrx_word' id='word_1_70' title='bbox 970 561 1093 600; x_wconf 82' lang='lat' dir='ltr'><em>gratias</em></span> 
     </span>
     <span class='ocr_line' id='line_1_13' title="bbox 210 604 1091 650; baseline -0.007 -7"><span class='ocrx_word' id='word_1_71' title='bbox 210 611 274 643; x_wconf 87' lang='lat' dir='ltr'>Deo</span> <span class='ocrx_word' id='word_1_72' title='bbox 286 610 375 641; x_wconf 83' lang='lat' dir='ltr'>Patri</span> <span class='ocrx_word' id='word_1_73' title='bbox 381 616 439 650; x_wconf 82' lang='lat' dir='ltr'>per</span> <span class='ocrx_word' id='word_1_74' title='bbox 450 608 567 641; x_wconf 79' lang='lat' dir='ltr'>Filium</span> <span class='ocrx_word' id='word_1_75' title='bbox 578 612 611 639; x_wconf 81' lang='lat' dir='ltr'>in</span> <span class='ocrx_word' id='word_1_76' title='bbox 633 609 748 649; x_wconf 80' lang='lat' dir='ltr'>spiritu</span> <span class='ocrx_word' id='word_1_77' title='bbox 763 605 888 649; x_wconf 68' lang='lat' dir='ltr'>fanelo.</span> <span class='ocrx_word' id='word_1_78' title='bbox 916 606 974 640; x_wconf 89' lang='lat' dir='ltr'>Eis</span> <span class='ocrx_word' id='word_1_79' title='bbox 991 604 1091 638; x_wconf 69' lang='lat' dir='ltr'>rAria-</span> 
     </span>
     <span class='ocr_line' id='line_1_14' title="bbox 210 654 1095 703; baseline -0.002 -10"><span class='ocrx_word' id='word_1_80' title='bbox 210 669 292 693; x_wconf 85' lang='lat' dir='ltr'>num</span> <span class='ocrx_word' id='word_1_81' title='bbox 305 657 416 698; x_wconf 90' lang='lat' dir='ltr'>virus,</span> <span class='ocrx_word' id='word_1_82' title='bbox 443 667 602 703; x_wconf 76' lang='lat' dir='ltr'>tanquam</span> <span class='ocrx_word' id='word_1_83' title='bbox 622 657 732 690; x_wconf 89' lang='lat' dir='ltr'>ovinis</span> <span class='ocrx_word' id='word_1_84' title='bbox 751 656 837 691; x_wconf 87' lang='lat' dir='ltr'>lanis</span> <span class='ocrx_word' id='word_1_85' title='bbox 861 657 997 700; x_wconf 90' lang='lat' dir='ltr'>lupum,</span> <span class='ocrx_word' id='word_1_86' title='bbox 1023 654 1095 691; x_wconf 90' lang='lat' dir='ltr'>sub-</span> 
     </span>
     <span class='ocr_line' id='line_1_15' title="bbox 210 704 1094 751; baseline -0.007 -7"><span class='ocrx_word' id='word_1_87' title='bbox 210 708 339 744; x_wconf 81' lang='lat' dir='ltr'>intrufit</span> <span class='ocrx_word' id='word_1_88' title='bbox 363 707 481 745; x_wconf 81' lang='lat' dir='ltr'>AEtius</span> <span class='ocrx_word' id='word_1_89' title='bbox 505 731 516 748; x_wconf 92' lang='lat'>,</span> <span class='ocrx_word' id='word_1_90' title='bbox 542 718 599 751; x_wconf 88' lang='lat' dir='ltr'>per</span> <span class='ocrx_word' id='word_1_91' title='bbox 616 718 671 741; x_wconf 88' lang='lat' dir='ltr'>eas</span> <span class='ocrx_word' id='word_1_92' title='bbox 693 706 813 741; x_wconf 72' lang='lat' dir='ltr'>Ariani</span> <span class='ocrx_word' id='word_1_93' title='bbox 835 706 877 740; x_wconf 90' lang='lat' dir='ltr'>ab</span> <span class='ocrx_word' id='word_1_94' title='bbox 896 704 1094 740; x_wconf 84' lang='lat' dir='ltr'>orthodoxis</span> 
     </span>
     <span class='ocr_line' id='line_1_16' title="bbox 207 755 1096 803; baseline -0.006 -10"><span class='ocrx_word' id='word_1_95' title='bbox 207 767 379 803; x_wconf 88' lang='lat' dir='ltr'>coeperunt</span> <span class='ocrx_word' id='word_1_96' title='bbox 401 758 584 803; x_wconf 88' lang='lat' dir='ltr'>distingui,</span> <span class='ocrx_word' id='word_1_97' title='bbox 606 756 780 800; x_wconf 81' lang='lat' dir='ltr'>psallentes</span> <span class='ocrx_word' id='word_1_98' title='bbox 809 757 843 790; x_wconf 92' lang='lat' dir='ltr'>in</span> <span class='ocrx_word' id='word_1_99' title='bbox 867 757 932 790; x_wconf 89' lang='lat' dir='ltr'>sese</span> <span class='ocrx_word' id='word_1_100' title='bbox 954 755 1072 789; x_wconf 78' lang='lat' dir='ltr'>mutuo</span> <span class='ocrx_word' id='word_1_101' title='bbox 1086 779 1096 795; x_wconf 89' lang='lat'>,</span> 
     </span>
     <span class='ocr_line' id='line_1_17' title="bbox 209 804 1096 854; baseline -0.006 -11"><span class='ocrx_word' id='word_1_102' title='bbox 209 820 310 854; x_wconf 82' lang='lat' dir='ltr'>atque</span> <span class='ocrx_word' id='word_1_103' title='bbox 322 809 367 842; x_wconf 90' lang='lat' dir='ltr'>ita</span> <span class='ocrx_word' id='word_1_104' title='bbox 378 809 489 843; x_wconf 83' lang='lat' dir='ltr'>omnis</span> <span class='ocrx_word' id='word_1_105' title='bbox 500 819 611 842; x_wconf 88' lang='lat' dir='ltr'>earum</span> <span class='ocrx_word' id='word_1_106' title='bbox 622 807 746 841; x_wconf 85' lang='lat' dir='ltr'>Psaltes</span> <span class='ocrx_word' id='word_1_107' title='bbox 771 816 828 841; x_wconf 90' lang='lat' dir='ltr'>aut</span> <span class='ocrx_word' id='word_1_108' title='bbox 848 807 1019 849; x_wconf 87' lang='lat' dir='ltr'>usurpator</span> <span class='ocrx_word' id='word_1_109' title='bbox 1041 804 1096 839; x_wconf 88' lang='lat' dir='ltr'>ha-</span> 
     </span>
     <span class='ocr_line' id='line_1_18' title="bbox 211 855 1095 901; baseline -0.006 -8"><span class='ocrx_word' id='word_1_110' title='bbox 211 859 282 897; x_wconf 86' lang='lat' dir='ltr'>beri</span> <span class='ocrx_word' id='word_1_111' title='bbox 303 858 403 901; x_wconf 87' lang='lat' dir='ltr'>coepit</span> <span class='ocrx_word' id='word_1_112' title='bbox 425 869 461 892; x_wconf 91' lang='lat' dir='ltr'>ut</span> <span class='ocrx_word' id='word_1_113' title='bbox 491 858 661 892; x_wconf 64' lang='lat' dir='ltr'>convietus</span> <span class='ocrx_word' id='word_1_114' title='bbox 695 857 731 891; x_wconf 73' lang='grc' dir='ltr'>ὅτ.</span> <span class='ocrx_word' id='word_1_115' title='bbox 752 857 909 901; x_wconf 74' lang='lat' dir='ltr'>professus</span> <span class='ocrx_word' id='word_1_116' title='bbox 932 855 1095 890; x_wconf 87' lang='lat' dir='ltr'>Arianus.</span> 
     </span>
     <span class='ocr_line' id='line_1_19' title="bbox 210 906 1096 952; baseline -0.006 -8"><span class='ocrx_word' id='word_1_117' title='bbox 210 910 307 945; x_wconf 87' lang='lat' dir='ltr'>Hinc</span> <span class='ocrx_word' id='word_1_118' title='bbox 319 908 388 942; x_wconf 89' lang='lat' dir='ltr'>illis</span> <span class='ocrx_word' id='word_1_119' title='bbox 398 907 589 952; x_wconf 83' lang='lat' dir='ltr'>popularem</span> <span class='ocrx_word' id='word_1_120' title='bbox 606 908 792 942; x_wconf 88' lang='lat' dir='ltr'>sermonem</span> <span class='ocrx_word' id='word_1_121' title='bbox 813 906 1017 941; x_wconf 90' lang='lat' dir='ltr'>concludens</span> <span class='ocrx_word' id='word_1_122' title='bbox 1038 906 1096 939; x_wconf 89' lang='lat' dir='ltr'>dis-</span> 
     </span>
     <span class='ocr_line' id='line_1_20' title="bbox 206 955 1097 1003; baseline -0.002 -11"><span class='ocrx_word' id='word_1_123' title='bbox 206 959 364 1003; x_wconf 81' lang='lat' dir='ltr'>·pensator</span> <span class='ocrx_word' id='word_1_124' title='bbox 398 959 534 992; x_wconf 69' lang='lat' dir='ltr'>Sanetus</span> <span class='ocrx_word' id='word_1_125' title='bbox 559 958 713 999; x_wconf 79' lang='lat' dir='ltr'>Basilius,</span> <span class='ocrx_word' id='word_1_126' title='bbox 738 956 873 992; x_wconf 86' lang='lat' dir='ltr'>Arianis</span> <span class='ocrx_word' id='word_1_127' title='bbox 904 956 1038 1000; x_wconf 89' lang='lat' dir='ltr'>quidem</span> <span class='ocrx_word' id='word_1_128' title='bbox 1064 955 1097 990; x_wconf 87' lang='lat'>&amp;</span> 
     </span>
     <span class='ocr_line' id='line_1_21' title="bbox 212 1006 1097 1052; baseline -0.005 -10"><span class='ocrx_word' id='word_1_129' title='bbox 212 1006 471 1042; x_wconf 87' lang='lat' dir='ltr'>Macedonianis</span> <span class='ocrx_word' id='word_1_130' title='bbox 482 1007 627 1052; x_wconf 85' lang='lat' dir='ltr'>placuit,</span> <span class='ocrx_word' id='word_1_131' title='bbox 653 1019 687 1042; x_wconf 90' lang='lat' dir='ltr'>at</span> <span class='ocrx_word' id='word_1_132' title='bbox 708 1006 906 1042; x_wconf 85' lang='lat' dir='ltr'>orthodoxis</span> <span class='ocrx_word' id='word_1_133' title='bbox 930 1006 1097 1051; x_wconf 74' lang='lat' dir='ltr'>displicuit</span> 
     </span>
    </p>
   </div>
   <div class='ocr_carea' id='block_1_5' title="bbox 204 1056 1099 1105">
    <p class='ocr_par' dir='ltr' id='par_1_5' title="bbox 204 1056 1099 1105">
     <span class='ocr_line' id='line_1_22' title="bbox 204 1056 1099 1105; baseline -0.004 -12"><span class='ocrx_word' id='word_1_134' title='bbox 204 1056 425 1105; x_wconf 66' lang='lat' dir='ltr'>graviffime3</span> <span class='ocrx_word' id='word_1_135' title='bbox 450 1068 607 1102; x_wconf 88' lang='lat' dir='ltr'>tanquam</span> <span class='ocrx_word' id='word_1_136' title='bbox 629 1059 719 1102; x_wconf 91' lang='lat' dir='ltr'>pravi</span> <span class='ocrx_word' id='word_1_137' title='bbox 741 1058 909 1103; x_wconf 84' lang='lat' dir='ltr'>dogmatis</span> <span class='ocrx_word' id='word_1_138' title='bbox 930 1068 972 1091; x_wconf 80' lang='lat' dir='ltr'>ex</span> <span class='ocrx_word' id='word_1_139' title='bbox 994 1056 1099 1100; x_wconf 89' lang='lat' dir='ltr'>pravis</span> 
     </span>
    </p>
   </div>
   <div class='ocr_carea' id='block_1_6' title="bbox 211 1106 1108 2901">
    <p class='ocr_par' dir='ltr' id='par_1_6' title="bbox 211 1106 1108 2901">
     <span class='ocr_line' id='line_1_23' title="bbox 213 1106 1097 1153; baseline -0.005 -9"><span class='ocrx_word' id='word_1_140' title='bbox 213 1107 353 1144; x_wconf 90' lang='lat' dir='ltr'>vocibus</span> <span class='ocrx_word' id='word_1_141' title='bbox 374 1109 536 1152; x_wconf 69' lang='lat' dir='ltr'>suspectus</span> <span class='ocrx_word' id='word_1_142' title='bbox 555 1132 567 1149; x_wconf 86' lang='lat'>,</span> <span class='ocrx_word' id='word_1_143' title='bbox 595 1109 630 1143; x_wconf 73' lang='grc' dir='ltr'>δε</span> <span class='ocrx_word' id='word_1_144' title='bbox 659 1109 898 1153; x_wconf 88' lang='lat' dir='ltr'>Episcopatum</span> <span class='ocrx_word' id='word_1_145' title='bbox 921 1133 932 1149; x_wconf 94' lang='lat'>‚</span> <span class='ocrx_word' id='word_1_146' title='bbox 962 1107 1060 1150; x_wconf 83' lang='lat' dir='ltr'>cujus</span> <span class='ocrx_word' id='word_1_147' title='bbox 1080 1106 1097 1140; x_wconf 77' lang='lat' dir='ltr'>a</span> 
     </span>
     <span class='ocr_line' id='line_1_24' title="bbox 213 1157 1098 1203; baseline -0.005 -9"><span class='ocrx_word' id='word_1_148' title='bbox 213 1157 472 1194; x_wconf 85' lang='lat' dir='ltr'>Macedonianis</span> <span class='ocrx_word' id='word_1_149' title='bbox 497 1158 664 1193; x_wconf 90' lang='lat' dir='ltr'>retinendi</span> <span class='ocrx_word' id='word_1_150' title='bbox 688 1160 783 1194; x_wconf 87' lang='lat' dir='ltr'>causa</span> <span class='ocrx_word' id='word_1_151' title='bbox 805 1157 1031 1203; x_wconf 83' lang='lat' dir='ltr'>dispensabat,</span> <span class='ocrx_word' id='word_1_152' title='bbox 1056 1168 1098 1191; x_wconf 85' lang='lat' dir='ltr'>ex</span> 
     </span>
     <span class='ocr_line' id='line_1_25' title="bbox 212 1207 1100 1254; baseline -0.005 -10"><span class='ocrx_word' id='word_1_153' title='bbox 212 1208 459 1254; x_wconf 85' lang='lat' dir='ltr'>dispensatione</span> <span class='ocrx_word' id='word_1_154' title='bbox 473 1209 727 1254; x_wconf 31' lang='lat' dir='ltr'>*propemodum</span> <span class='ocrx_word' id='word_1_155' title='bbox 748 1209 862 1243; x_wconf 66' lang='lat' dir='ltr'>amisit</span> <span class='ocrx_word' id='word_1_156' title='bbox 893 1207 934 1242; x_wconf 91' lang='lat' dir='ltr'>ab</span> <span class='ocrx_word' id='word_1_157' title='bbox 956 1207 1029 1250; x_wconf 69' lang='lat' dir='ltr'>ipsis</span> <span class='ocrx_word' id='word_1_158' title='bbox 1049 1217 1100 1240; x_wconf 93' lang='lat' dir='ltr'>or-</span> 
     </span>
     <span class='ocr_line' id='line_1_26' title="bbox 212 1256 1099 1295; baseline -0.003 -2"><span class='ocrx_word' id='word_1_159' title='bbox 212 1257 393 1294; x_wconf 84' lang='lat' dir='ltr'>thodoxis.</span> <span class='ocrx_word' id='word_1_160' title='bbox 422 1258 488 1293; x_wconf 85' lang='lat' dir='ltr'>Pro</span> <span class='ocrx_word' id='word_1_161' title='bbox 500 1270 621 1295; x_wconf 88' lang='lat' dir='ltr'>vocum</span> <span class='ocrx_word' id='word_1_162' title='bbox 634 1261 762 1293; x_wconf 80' lang='lat' dir='ltr'>suarum</span> <span class='ocrx_word' id='word_1_163' title='bbox 778 1258 974 1293; x_wconf 88' lang='lat' dir='ltr'>innocentia</span> <span class='ocrx_word' id='word_1_164' title='bbox 995 1256 1099 1291; x_wconf 87' lang='lat' dir='ltr'>edidit</span> 
     </span>
     <span class='ocr_line' id='line_1_27' title="bbox 214 1306 1101 1355; baseline -0.003 -11"><span class='ocrx_word' id='word_1_165' title='bbox 214 1309 380 1355; x_wconf 77' lang='lat' dir='ltr'>insignem</span> <span class='ocrx_word' id='word_1_166' title='bbox 393 1307 599 1353; x_wconf 85' lang='lat' dir='ltr'>Apologiam</span> <span class='ocrx_word' id='word_1_167' title='bbox 611 1334 621 1350; x_wconf 95' lang='lat'>,</span> <span class='ocrx_word' id='word_1_168' title='bbox 649 1308 769 1346; x_wconf 86' lang='lat' dir='ltr'>librum</span> <span class='ocrx_word' id='word_1_169' title='bbox 790 1308 1042 1350; x_wconf 79' lang='lat' dir='ltr'>eruditiffimum</span> <span class='ocrx_word' id='word_1_170' title='bbox 1059 1306 1101 1341; x_wconf 92' lang='lat' dir='ltr'>de</span> 
     </span>
     <span class='ocr_line' id='line_1_28' title="bbox 211 1356 1098 1403; baseline -0.002 -11"><span class='ocrx_word' id='word_1_171' title='bbox 211 1360 339 1403; x_wconf 72' lang='lat' dir='ltr'>Spiritu</span> <span class='ocrx_word' id='word_1_172' title='bbox 351 1359 463 1393; x_wconf 66' lang='lat' dir='ltr'>saneto</span> <span class='ocrx_word' id='word_1_173' title='bbox 490 1358 532 1393; x_wconf 92' lang='lat' dir='ltr'>ad</span> <span class='ocrx_word' id='word_1_174' title='bbox 555 1359 708 1394; x_wconf 70' lang='lat' dir='ltr'>Sanctum</span> <span class='ocrx_word' id='word_1_175' title='bbox 722 1356 1012 1403; x_wconf 86' lang='lat' dir='ltr'>Amphylochium</span> <span class='ocrx_word' id='word_1_176' title='bbox 1026 1357 1098 1400; x_wconf 89' lang='lat' dir='ltr'>Epi-</span> 
     </span>
     <span class='ocr_line' id='line_1_29' title="bbox 212 1408 1100 1453; baseline -0.005 -9"><span class='ocrx_word' id='word_1_177' title='bbox 212 1410 352 1453; x_wconf 77' lang='lat' dir='ltr'>scopum</span> <span class='ocrx_word' id='word_1_178' title='bbox 365 1409 572 1443; x_wconf 84' lang='lat' dir='ltr'>Iconiensem</span> <span class='ocrx_word' id='word_1_179' title='bbox 584 1433 595 1449; x_wconf 93' lang='lat'>,</span> <span class='ocrx_word' id='word_1_180' title='bbox 620 1409 747 1444; x_wconf 62' lang='lat' dir='ltr'>cunctis</span> <span class='ocrx_word' id='word_1_181' title='bbox 756 1418 868 1443; x_wconf 87' lang='lat' dir='ltr'>tamen</span> <span class='ocrx_word' id='word_1_182' title='bbox 883 1420 952 1443; x_wconf 88' lang='lat' dir='ltr'>non</span> <span class='ocrx_word' id='word_1_183' title='bbox 978 1408 1100 1442; x_wconf 84' lang='lat' dir='ltr'>satisfe-</span> 
     </span>
     <span class='ocr_line' id='line_1_30' title="bbox 213 1456 1101 1503; baseline -0.007 -8"><span class='ocrx_word' id='word_1_184' title='bbox 213 1459 281 1498; x_wconf 74' lang='lat' dir='ltr'>cit,</span> <span class='ocrx_word' id='word_1_185' title='bbox 310 1457 493 1503; x_wconf 80' lang='lat' dir='ltr'>Apostolus</span> <span class='ocrx_word' id='word_1_186' title='bbox 503 1459 594 1493; x_wconf 89' lang='lat' dir='ltr'>enim</span> <span class='ocrx_word' id='word_1_187' title='bbox 608 1471 671 1494; x_wconf 87' lang='lat' dir='ltr'>nos</span> <span class='ocrx_word' id='word_1_188' title='bbox 681 1460 855 1494; x_wconf 81' lang='lat' dir='ltr'>unanimes</span> <span class='ocrx_word' id='word_1_189' title='bbox 878 1459 942 1493; x_wconf 79' lang='lat' dir='ltr'>esse</span> <span class='ocrx_word' id='word_1_190' title='bbox 966 1456 1101 1492; x_wconf 87' lang='lat' dir='ltr'>mandat</span> 
     </span>
     <span class='ocr_line' id='line_1_31' title="bbox 214 1506 1101 1548; baseline -0.006 -4"><span class='ocrx_word' id='word_1_191' title='bbox 214 1521 287 1544; x_wconf 83' lang='lat' dir='ltr'>non</span> <span class='ocrx_word' id='word_1_192' title='bbox 309 1508 440 1542; x_wconf 80' lang='lat' dir='ltr'>tantum</span> <span class='ocrx_word' id='word_1_193' title='bbox 460 1509 496 1542; x_wconf 89' lang='lat' dir='ltr'>in</span> <span class='ocrx_word' id='word_1_194' title='bbox 509 1508 627 1546; x_wconf 83' lang='lat' dir='ltr'>eodem</span> <span class='ocrx_word' id='word_1_195' title='bbox 649 1510 766 1548; x_wconf 87' lang='lat' dir='ltr'>sensu,</span> <span class='ocrx_word' id='word_1_196' title='bbox 793 1508 847 1542; x_wconf 88' lang='lat' dir='ltr'>sed</span> <span class='ocrx_word' id='word_1_197' title='bbox 873 1508 907 1541; x_wconf 75' lang='grc' dir='ltr'>δε</span> <span class='ocrx_word' id='word_1_198' title='bbox 927 1507 962 1540; x_wconf 83' lang='grc' dir='ltr'>ἱη</span> <span class='ocrx_word' id='word_1_199' title='bbox 985 1506 1101 1540; x_wconf 87' lang='lat' dir='ltr'>eadem</span> 
     </span>
     <span class='ocr_line' id='line_1_32' title="bbox 214 1556 1099 1600; baseline -0.002 -8"><span class='ocrx_word' id='word_1_200' title='bbox 214 1558 379 1597; x_wconf 85' lang='lat' dir='ltr'>sententia</span> <span class='ocrx_word' id='word_1_201' title='bbox 388 1582 399 1598; x_wconf 94' lang='lat'>,</span> <span class='ocrx_word' id='word_1_202' title='bbox 426 1557 588 1600; x_wconf 87' lang='lat' dir='ltr'>verbaque</span> <span class='ocrx_word' id='word_1_203' title='bbox 599 1557 708 1591; x_wconf 85' lang='lat' dir='ltr'>nostra</span> <span class='ocrx_word' id='word_1_204' title='bbox 729 1558 792 1591; x_wconf 83' lang='lat' dir='ltr'>esse</span> <span class='ocrx_word' id='word_1_205' title='bbox 804 1568 873 1591; x_wconf 92' lang='lat' dir='ltr'>non</span> <span class='ocrx_word' id='word_1_206' title='bbox 885 1556 991 1590; x_wconf 78' lang='lat' dir='ltr'>solum</span> <span class='ocrx_word' id='word_1_207' title='bbox 1002 1567 1075 1590; x_wconf 86' lang='lat' dir='ltr'>vera</span> <span class='ocrx_word' id='word_1_208' title='bbox 1088 1580 1099 1596; x_wconf 94' lang='lat'>,</span> 
     </span>
     <span class='ocr_line' id='line_1_33' title="bbox 214 1605 1101 1650; baseline -0.005 -7"><span class='ocrx_word' id='word_1_209' title='bbox 214 1608 270 1643; x_wconf 81' lang='lat' dir='ltr'>sed</span> <span class='ocrx_word' id='word_1_210' title='bbox 296 1605 609 1650; x_wconf 84' lang='lat' dir='ltr'>&amp;irreprenfibilia:</span> <span class='ocrx_word' id='word_1_211' title='bbox 637 1605 856 1642; x_wconf 87' lang='lat' dir='ltr'>Orthodoxus</span> <span class='ocrx_word' id='word_1_212' title='bbox 879 1607 1008 1640; x_wconf 73' lang='lat' dir='ltr'>Dostor</span> <span class='ocrx_word' id='word_1_213' title='bbox 1032 1617 1101 1645; x_wconf 84' lang='lat' dir='ltr'>non</span> 
     </span>
     <span class='ocr_line' id='line_1_34' title="bbox 214 1654 1104 1699; baseline -0.004 -6"><span class='ocrx_word' id='word_1_214' title='bbox 214 1657 391 1693; x_wconf 77' lang='lat' dir='ltr'>dumtaxat</span> <span class='ocrx_word' id='word_1_215' title='bbox 412 1658 496 1691; x_wconf 72' lang='lat' dir='ltr'>resta</span> <span class='ocrx_word' id='word_1_216' title='bbox 508 1657 661 1697; x_wconf 87' lang='lat' dir='ltr'>credere,</span> <span class='ocrx_word' id='word_1_217' title='bbox 689 1657 743 1691; x_wconf 88' lang='lat' dir='ltr'>sed</span> <span class='ocrx_word' id='word_1_218' title='bbox 770 1657 804 1690; x_wconf 91' lang='lat'>&amp;</span> <span class='ocrx_word' id='word_1_219' title='bbox 829 1659 912 1690; x_wconf 68' lang='lat' dir='ltr'>resta</span> <span class='ocrx_word' id='word_1_220' title='bbox 935 1656 1029 1699; x_wconf 89' lang='lat' dir='ltr'>loqui</span> <span class='ocrx_word' id='word_1_221' title='bbox 1051 1654 1104 1689; x_wconf 91' lang='lat' dir='ltr'>de-</span> 
     </span>
     <span class='ocr_line' id='line_1_35' title="bbox 215 1705 1101 1747; baseline -0.002 -7"><span class='ocrx_word' id='word_1_222' title='bbox 215 1707 273 1746; x_wconf 78' lang='lat' dir='ltr'>bet</span> <span class='ocrx_word' id='word_1_223' title='bbox 285 1730 296 1746; x_wconf 94' lang='lat'>,</span> <span class='ocrx_word' id='word_1_224' title='bbox 323 1706 451 1741; x_wconf 88' lang='lat' dir='ltr'>alienus</span> <span class='ocrx_word' id='word_1_225' title='bbox 464 1706 482 1739; x_wconf 70' lang='lat' dir='ltr'>a</span> <span class='ocrx_word' id='word_1_226' title='bbox 496 1705 631 1743; x_wconf 86' lang='lat' dir='ltr'>vocibus</span> <span class='ocrx_word' id='word_1_227' title='bbox 644 1731 655 1747; x_wconf 93' lang='lat'>‚</span> <span class='ocrx_word' id='word_1_228' title='bbox 680 1705 760 1741; x_wconf 71' lang='lat' dir='ltr'>licet</span> <span class='ocrx_word' id='word_1_229' title='bbox 773 1707 807 1739; x_wconf 91' lang='lat' dir='ltr'>in</span> <span class='ocrx_word' id='word_1_230' title='bbox 821 1706 912 1740; x_wconf 89' lang='lat' dir='ltr'>sensu</span> <span class='ocrx_word' id='word_1_231' title='bbox 925 1706 943 1739; x_wconf 74' lang='lat' dir='ltr'>a</span> <span class='ocrx_word' id='word_1_232' title='bbox 954 1707 984 1740; x_wconf 88' lang='lat' dir='ltr'>se</span> <span class='ocrx_word' id='word_1_233' title='bbox 997 1707 1101 1740; x_wconf 91' lang='lat' dir='ltr'>inten-</span> 
     </span>
     <span class='ocr_line' id='line_1_36' title="bbox 216 1756 1105 1799; baseline -0.004 -7"><span class='ocrx_word' id='word_1_234' title='bbox 216 1768 255 1792; x_wconf 81' lang='lat' dir='ltr'>to</span> <span class='ocrx_word' id='word_1_235' title='bbox 267 1756 374 1795; x_wconf 89' lang='lat' dir='ltr'>veris,</span> <span class='ocrx_word' id='word_1_236' title='bbox 399 1756 553 1799; x_wconf 69' lang='lat' dir='ltr'>suspectis</span> <span class='ocrx_word' id='word_1_237' title='bbox 573 1765 684 1790; x_wconf 89' lang='lat' dir='ltr'>tamen</span> <span class='ocrx_word' id='word_1_238' title='bbox 700 1780 711 1796; x_wconf 89' lang='lat'>‚</span> <span class='ocrx_word' id='word_1_239' title='bbox 738 1756 952 1796; x_wconf 80' lang='lat' dir='ltr'>scandalosis,</span> <span class='ocrx_word' id='word_1_240' title='bbox 979 1767 1017 1789; x_wconf 91' lang='lat' dir='ltr'>ac</span> <span class='ocrx_word' id='word_1_241' title='bbox 1038 1756 1105 1798; x_wconf 86' lang='lat' dir='ltr'>pia-</span> 
     </span>
     <span class='ocr_line' id='line_1_37' title="bbox 217 1805 1104 1854; baseline -0.001 -14"><span class='ocrx_word' id='word_1_242' title='bbox 217 1818 290 1845; x_wconf 80' lang='lat' dir='ltr'>tum</span> <span class='ocrx_word' id='word_1_243' title='bbox 301 1805 432 1839; x_wconf 89' lang='lat' dir='ltr'>aurium</span> <span class='ocrx_word' id='word_1_244' title='bbox 443 1805 627 1840; x_wconf 84' lang='lat' dir='ltr'>offenfivis.</span> <span class='ocrx_word' id='word_1_245' title='bbox 655 1807 823 1854; x_wconf 80' lang='lat' dir='ltr'>roirca</span> <span class='ocrx_word' id='word_1_246' title='bbox 848 1807 980 1850; x_wconf 81' lang='lat' dir='ltr'>praesens</span> <span class='ocrx_word' id='word_1_247' title='bbox 1000 1806 1104 1849; x_wconf 91' lang='lat' dir='ltr'>Syno-</span> 
     </span>
     <span class='ocr_line' id='line_1_38' title="bbox 216 1856 1104 1900; baseline -0.002 -8"><span class='ocrx_word' id='word_1_248' title='bbox 216 1857 280 1892; x_wconf 85' lang='lat' dir='ltr'>dus</span> <span class='ocrx_word' id='word_1_249' title='bbox 301 1857 424 1890; x_wconf 87' lang='lat' dir='ltr'>avitam</span> <span class='ocrx_word' id='word_1_250' title='bbox 447 1856 659 1900; x_wconf 84' lang='lat' dir='ltr'>glorificandi</span> <span class='ocrx_word' id='word_1_251' title='bbox 690 1857 869 1891; x_wconf 89' lang='lat' dir='ltr'>formulam</span> <span class='ocrx_word' id='word_1_252' title='bbox 896 1856 1104 1896; x_wconf 79' lang='lat' dir='ltr'>retinendam</span> 
     </span>
     <span class='ocr_line' id='line_1_39' title="bbox 216 1906 1104 1951; baseline -0.002 -10"><span class='ocrx_word' id='word_1_253' title='bbox 216 1907 305 1951; x_wconf 76' lang='lat' dir='ltr'>juffit</span> <span class='ocrx_word' id='word_1_254' title='bbox 326 1930 337 1946; x_wconf 93' lang='lat'>,</span> <span class='ocrx_word' id='word_1_255' title='bbox 364 1906 481 1941; x_wconf 82' lang='lat' dir='ltr'>caffata</span> <span class='ocrx_word' id='word_1_256' title='bbox 502 1906 598 1940; x_wconf 88' lang='lat' dir='ltr'>omni</span> <span class='ocrx_word' id='word_1_257' title='bbox 619 1907 864 1950; x_wconf 87' lang='lat' dir='ltr'>dispensatione</span> <span class='ocrx_word' id='word_1_258' title='bbox 883 1919 890 1939; x_wconf 77' lang='grc' dir='ltr'><strong><em>ε</em></strong></span> <span class='ocrx_word' id='word_1_259' title='bbox 919 1906 1104 1949; x_wconf 79' lang='lat' dir='ltr'>Proscripsit</span> 
     </span>
     <span class='ocr_line' id='line_1_40' title="bbox 220 1954 1104 2000; baseline -0.003 -8"><span class='ocrx_word' id='word_1_260' title='bbox 220 1954 454 1996; x_wconf 81' lang='lat' dir='ltr'>AEtianam,de</span> <span class='ocrx_word' id='word_1_261' title='bbox 461 1967 524 1999; x_wconf 91' lang='lat' dir='ltr'>qua</span> <span class='ocrx_word' id='word_1_262' title='bbox 538 1955 618 2000; x_wconf 83' lang='lat' dir='ltr'>quid</span> <span class='ocrx_word' id='word_1_263' title='bbox 632 1958 726 1991; x_wconf 88' lang='lat' dir='ltr'>Deus</span> <span class='ocrx_word' id='word_1_264' title='bbox 737 1957 896 1991; x_wconf 88' lang='lat' dir='ltr'>miraculo</span> <span class='ocrx_word' id='word_1_265' title='bbox 907 1955 1084 1991; x_wconf 79' lang='lat' dir='ltr'>ostenderit</span> <span class='ocrx_word' id='word_1_266' title='bbox 1094 1980 1104 1996; x_wconf 91' lang='lat'>,</span> 
     </span>
     <span class='ocr_line' id='line_1_41' title="bbox 218 2005 1106 2051; baseline -0.002 -10"><span class='ocrx_word' id='word_1_267' title='bbox 218 2008 256 2048; x_wconf 72' lang='grc' dir='ltr'>ὅς</span> <span class='ocrx_word' id='word_1_268' title='bbox 278 2006 422 2041; x_wconf 75' lang='lat' dir='ltr'>Ecclesia</span> <span class='ocrx_word' id='word_1_269' title='bbox 446 2006 550 2040; x_wconf 74' lang='lat' dir='ltr'>latina</span> <span class='ocrx_word' id='word_1_270' title='bbox 562 2007 719 2047; x_wconf 77' lang='lat' dir='ltr'>senserit,</span> <span class='ocrx_word' id='word_1_271' title='bbox 744 2006 815 2041; x_wconf 85' lang='lat' dir='ltr'>dixi</span> <span class='ocrx_word' id='word_1_272' title='bbox 830 2009 924 2051; x_wconf 82' lang='lat' dir='ltr'>supra</span> <span class='ocrx_word' id='word_1_273' title='bbox 936 2018 978 2041; x_wconf 86' lang='lat' dir='ltr'>ex</span> <span class='ocrx_word' id='word_1_274' title='bbox 989 2005 1106 2040; x_wconf 93' lang='lat' dir='ltr'>Theo-</span> 
     </span>
     <span class='ocr_line' id='line_1_42' title="bbox 218 2056 1104 2110; baseline 0 -19"><span class='ocrx_word' id='word_1_275' title='bbox 218 2057 304 2091; x_wconf 87' lang='lat' dir='ltr'>doro</span> <span class='ocrx_word' id='word_1_276' title='bbox 318 2056 472 2097; x_wconf 66' lang='lat' dir='ltr'>Lestore,</span> <span class='ocrx_word' id='word_1_277' title='bbox 495 2057 534 2091; x_wconf 90' lang='lat'>·&amp;</span> <span class='ocrx_word' id='word_1_278' title='bbox 547 2057 674 2100; x_wconf 88' lang='lat' dir='ltr'>Joanne</span> <span class='ocrx_word' id='word_1_279' title='bbox 696 2057 890 2092; x_wconf 84' lang='lat' dir='ltr'>Biclarenfi.</span> <span class='ocrx_word' id='word_1_280' title='bbox 917 2056 1104 2110; x_wconf 81' lang='lat' dir='ltr'>Qomodo</span> 
     </span>
     <span class='ocr_line' id='line_1_43' title="bbox 218 2107 1104 2153; baseline -0.002 -11"><span class='ocrx_word' id='word_1_281' title='bbox 218 2118 259 2142; x_wconf 90' lang='lat' dir='ltr'>ea</span> <span class='ocrx_word' id='word_1_282' title='bbox 278 2108 415 2146; x_wconf 60' lang='lat' dir='ltr'>Sanetus</span> <span class='ocrx_word' id='word_1_283' title='bbox 426 2107 498 2141; x_wconf 90' lang='lat' dir='ltr'>Leo</span> <span class='ocrx_word' id='word_1_284' title='bbox 524 2107 564 2141; x_wconf 85' lang='lat' dir='ltr'>fit</span> <span class='ocrx_word' id='word_1_285' title='bbox 575 2108 674 2149; x_wconf 87' lang='lat' dir='ltr'>usus,</span> <span class='ocrx_word' id='word_1_286' title='bbox 699 2107 810 2143; x_wconf 82' lang='lat' dir='ltr'>dicam</span> <span class='ocrx_word' id='word_1_287' title='bbox 830 2107 908 2143; x_wconf 93' lang='lat' dir='ltr'>loco</span> <span class='ocrx_word' id='word_1_288' title='bbox 921 2107 1027 2153; x_wconf 85' lang='lat' dir='ltr'>magis</span> <span class='ocrx_word' id='word_1_289' title='bbox 1046 2118 1104 2151; x_wconf 88' lang='lat' dir='ltr'>op-</span> 
     </span>
     <span class='ocr_line' id='line_1_44' title="bbox 243 2166 389 2195; baseline -0.007 -5"><span class='ocrx_word' id='word_1_290' title='bbox 243 2166 368 2195; x_wconf 85' lang='lat' dir='ltr'>ortuno</span> <span class='ocrx_word' id='word_1_291' title='bbox 382 2181 389 2189; x_wconf 93' lang='lat'>.</span> 
     </span>
     <span class='ocr_line' id='line_1_45' title="bbox 219 2168 1105 2252; baseline 0.001 -12"><span class='ocrx_word' id='word_1_292' title='bbox 219 2168 242 2203; x_wconf 69' lang='lat' dir='ltr'><strong>P</strong></span> <span class='ocrx_word' id='word_1_293' title='bbox 271 2206 449 2241; x_wconf 87' lang='lat' dir='ltr'>Facundus</span> <span class='ocrx_word' id='word_1_294' title='bbox 472 2207 723 2242; x_wconf 84' lang='lat' dir='ltr'>Hermianenfis</span> <span class='ocrx_word' id='word_1_295' title='bbox 744 2208 926 2252; x_wconf 83' lang='lat' dir='ltr'>Episcopus</span> <span class='ocrx_word' id='word_1_296' title='bbox 947 2232 958 2249; x_wconf 96' lang='lat'>,</span> <span class='ocrx_word' id='word_1_297' title='bbox 995 2207 1030 2241; x_wconf 88' lang='lat' dir='ltr'>in</span> <span class='ocrx_word' id='word_1_298' title='bbox 1053 2219 1105 2241; x_wconf 88' lang='lat' dir='ltr'>ca·</span> 
     </span>
     <span class='ocr_line' id='line_1_46' title="bbox 220 2255 1106 2302; baseline -0.001 -11"><span class='ocrx_word' id='word_1_299' title='bbox 220 2255 353 2299; x_wconf 75' lang='lat' dir='ltr'>tholicae</span> <span class='ocrx_word' id='word_1_300' title='bbox 377 2256 455 2291; x_wconf 87' lang='lat' dir='ltr'>fidei</span> <span class='ocrx_word' id='word_1_301' title='bbox 479 2257 627 2301; x_wconf 87' lang='lat' dir='ltr'>Epistola</span> <span class='ocrx_word' id='word_1_302' title='bbox 644 2282 655 2298; x_wconf 90' lang='lat'>,</span> <span class='ocrx_word' id='word_1_303' title='bbox 682 2258 832 2292; x_wconf 83' lang='lat' dir='ltr'>adfirmat</span> <span class='ocrx_word' id='word_1_304' title='bbox 854 2259 961 2302; x_wconf 87' lang='lat' dir='ltr'>ipsum</span> <span class='ocrx_word' id='word_1_305' title='bbox 984 2256 1106 2291; x_wconf 83' lang='lat' dir='ltr'>haerefis</span> 
     </span>
     <span class='ocr_line' id='line_1_47' title="bbox 222 2307 1108 2351; baseline 0 -10"><span class='ocrx_word' id='word_1_306' title='bbox 222 2309 389 2341; x_wconf 63' lang='lat' dir='ltr'>auctorem</span> <span class='ocrx_word' id='word_1_307' title='bbox 410 2307 654 2342; x_wconf 89' lang='lat' dir='ltr'>Macedonium</span> <span class='ocrx_word' id='word_1_308' title='bbox 677 2309 770 2342; x_wconf 79' lang='lat' dir='ltr'>fuisse</span> <span class='ocrx_word' id='word_1_309' title='bbox 789 2308 958 2351; x_wconf 78' lang='lat' dir='ltr'>aSynodo</span> <span class='ocrx_word' id='word_1_310' title='bbox 980 2307 1108 2342; x_wconf 72' lang='lat' dir='ltr'>accersi-</span> 
     </span>
     <span class='ocr_line' id='line_1_48' title="bbox 221 2356 1105 2400; baseline -0.002 -7"><span class='ocrx_word' id='word_1_311' title='bbox 221 2367 316 2398; x_wconf 82' lang='lat' dir='ltr'>tum,</span> <span class='ocrx_word' id='word_1_312' title='bbox 343 2356 514 2399; x_wconf 90' lang='lat' dir='ltr'>auditum,</span> <span class='ocrx_word' id='word_1_313' title='bbox 541 2358 756 2398; x_wconf 66' lang='lat' dir='ltr'>convictum,</span> <span class='ocrx_word' id='word_1_314' title='bbox 782 2369 880 2400; x_wconf 89' lang='lat' dir='ltr'>atque</span> <span class='ocrx_word' id='word_1_315' title='bbox 909 2359 954 2393; x_wconf 88' lang='lat' dir='ltr'>ita</span> <span class='ocrx_word' id='word_1_316' title='bbox 974 2358 1105 2392; x_wconf 88' lang='lat' dir='ltr'>damna-</span> 
     </span>
     <span class='ocr_line' id='line_1_49' title="bbox 221 2406 1108 2453; baseline 0 -11"><span class='ocrx_word' id='word_1_317' title='bbox 221 2418 312 2442; x_wconf 87' lang='lat' dir='ltr'>tum.</span> <span class='ocrx_word' id='word_1_318' title='bbox 342 2406 388 2441; x_wconf 85' lang='lat' dir='ltr'>At</span> <span class='ocrx_word' id='word_1_319' title='bbox 399 2418 527 2442; x_wconf 90' lang='lat' dir='ltr'>certum</span> <span class='ocrx_word' id='word_1_320' title='bbox 550 2407 597 2442; x_wconf 89' lang='lat' dir='ltr'>est</span> <span class='ocrx_word' id='word_1_321' title='bbox 629 2408 718 2442; x_wconf 83' lang='lat' dir='ltr'>falli.</span> <span class='ocrx_word' id='word_1_322' title='bbox 745 2408 968 2443; x_wconf 90' lang='lat' dir='ltr'>Macedonius</span> <span class='ocrx_word' id='word_1_323' title='bbox 988 2409 1108 2453; x_wconf 87' lang='lat' dir='ltr'>quippe</span> 
     </span>
     <span class='ocr_line' id='line_1_50' title="bbox 221 2457 1106 2496; baseline 0.002 -6"><span class='ocrx_word' id='word_1_324' title='bbox 221 2467 300 2491; x_wconf 74' lang='lat' dir='ltr'>ante</span> <span class='ocrx_word' id='word_1_325' title='bbox 311 2457 742 2492; x_wconf 83' lang='lat' dir='ltr'>EudoxiiGermaniciensis</span> <span class='ocrx_word' id='word_1_326' title='bbox 761 2469 804 2492; x_wconf 87' lang='lat' dir='ltr'>ex</span> <span class='ocrx_word' id='word_1_327' title='bbox 825 2457 1044 2496; x_wconf 82' lang='lat' dir='ltr'>Antiocheno</span> <span class='ocrx_word' id='word_1_328' title='bbox 1065 2458 1106 2492; x_wconf 89' lang='lat' dir='ltr'>ad</span> 
     </span>
     <span class='ocr_line' id='line_1_51' title="bbox 222 2506 1106 2549; baseline 0.002 -9"><span class='ocrx_word' id='word_1_329' title='bbox 222 2506 637 2549; x_wconf 88' lang='lat' dir='ltr'>Constantinopolitanum</span> <span class='ocrx_word' id='word_1_330' title='bbox 673 2506 832 2542; x_wconf 77' lang='lat' dir='ltr'>thronum</span> <span class='ocrx_word' id='word_1_331' title='bbox 857 2509 1106 2543; x_wconf 85' lang='lat' dir='ltr'>translationem</span> 
     </span>
     <span class='ocr_line' id='line_1_52' title="bbox 228 2556 1104 2595; baseline 0.002 -6"><span class='ocrx_word' id='word_1_332' title='bbox 228 2557 323 2590; x_wconf 75' lang='lat' dir='ltr'>fuiss&#39;e</span> <span class='ocrx_word' id='word_1_333' title='bbox 353 2556 545 2590; x_wconf 72' lang='lat' dir='ltr'>defunctum</span> <span class='ocrx_word' id='word_1_334' title='bbox 567 2556 679 2591; x_wconf 85' lang='lat' dir='ltr'>scribit</span> <span class='ocrx_word' id='word_1_335' title='bbox 696 2558 853 2592; x_wconf 83' lang='lat' dir='ltr'>Hermias</span> <span class='ocrx_word' id='word_1_336' title='bbox 874 2559 1104 2595; x_wconf 88' lang='lat' dir='ltr'>Zozomenus.</span> 
     </span>
     <span class='ocr_line' id='line_1_53' title="bbox 224 2606 1106 2651; baseline 0.003 -11"><span class='ocrx_word' id='word_1_337' title='bbox 224 2608 270 2644; x_wconf 86' lang='lat' dir='ltr'>Et</span> <span class='ocrx_word' id='word_1_338' title='bbox 287 2606 367 2640; x_wconf 88' lang='lat' dir='ltr'>hinc</span> <span class='ocrx_word' id='word_1_339' title='bbox 379 2617 446 2640; x_wconf 90' lang='lat' dir='ltr'>non</span> <span class='ocrx_word' id='word_1_340' title='bbox 463 2607 528 2650; x_wconf 75' lang='lat' dir='ltr'>ipse</span> <span class='ocrx_word' id='word_1_341' title='bbox 538 2631 548 2647; x_wconf 92' lang='lat'>,</span> <span class='ocrx_word' id='word_1_342' title='bbox 575 2607 630 2641; x_wconf 92' lang='lat' dir='ltr'>sed</span> <span class='ocrx_word' id='word_1_343' title='bbox 641 2606 683 2642; x_wconf 92' lang='lat' dir='ltr'>ab</span> <span class='ocrx_word' id='word_1_344' title='bbox 693 2608 763 2651; x_wconf 91' lang='lat' dir='ltr'>ipso</span> <span class='ocrx_word' id='word_1_345' title='bbox 776 2608 948 2643; x_wconf 84' lang='lat' dir='ltr'>ordinatus</span> <span class='ocrx_word' id='word_1_346' title='bbox 960 2609 1106 2643; x_wconf 87' lang='lat' dir='ltr'>Eleufius</span> 
     </span>
     <span class='ocr_line' id='line_1_54' title="bbox 222 2656 1106 2703; baseline 0.002 -12"><span class='ocrx_word' id='word_1_347' title='bbox 222 2656 412 2700; x_wconf 83' lang='lat' dir='ltr'>Cyzicenus</span> <span class='ocrx_word' id='word_1_348' title='bbox 434 2657 617 2700; x_wconf 89' lang='lat' dir='ltr'>Episcopus</span> <span class='ocrx_word' id='word_1_349' title='bbox 633 2683 644 2698; x_wconf 92' lang='lat'>‚</span> <span class='ocrx_word' id='word_1_350' title='bbox 682 2667 841 2702; x_wconf 84' lang='lat' dir='ltr'>tanquam</span> <span class='ocrx_word' id='word_1_351' title='bbox 874 2661 960 2693; x_wconf 70' lang='lat' dir='ltr'>sestae</span> <span class='ocrx_word' id='word_1_352' title='bbox 986 2669 1106 2703; x_wconf 86' lang='lat' dir='ltr'>caput,</span> 
     </span>
     <span class='ocr_line' id='line_1_55' title="bbox 222 2705 1106 2753; baseline 0.002 -12"><span class='ocrx_word' id='word_1_353' title='bbox 222 2705 364 2751; x_wconf 86' lang='lat' dir='ltr'>Synodo</span> <span class='ocrx_word' id='word_1_354' title='bbox 376 2706 482 2741; x_wconf 87' lang='lat' dir='ltr'>adfuit</span> <span class='ocrx_word' id='word_1_355' title='bbox 493 2731 504 2747; x_wconf 90' lang='lat'>,</span> <span class='ocrx_word' id='word_1_356' title='bbox 529 2718 605 2742; x_wconf 89' lang='lat' dir='ltr'>eum</span> <span class='ocrx_word' id='word_1_357' title='bbox 617 2707 770 2751; x_wconf 89' lang='lat' dir='ltr'>Synodus</span> <span class='ocrx_word' id='word_1_358' title='bbox 782 2733 793 2749; x_wconf 89' lang='lat'>,</span> <span class='ocrx_word' id='word_1_359' title='bbox 821 2720 858 2744; x_wconf 92' lang='lat' dir='ltr'>ut</span> <span class='ocrx_word' id='word_1_360' title='bbox 872 2720 1000 2753; x_wconf 85' lang='lat' dir='ltr'>nuperae</span> <span class='ocrx_word' id='word_1_361' title='bbox 1018 2709 1106 2753; x_wconf 84' lang='lat' dir='ltr'>apud</span> 
     </span>
     <span class='ocr_line' id='line_1_56' title="bbox 224 2751 1107 2804; baseline 0.001 -12"><span class='ocrx_word' id='word_1_362' title='bbox 224 2755 394 2793; x_wconf 85' lang='lat' dir='ltr'>Liberium</span> <span class='ocrx_word' id='word_1_363' title='bbox 406 2757 607 2791; x_wconf 88' lang='lat' dir='ltr'>Pontificem</span> <span class='ocrx_word' id='word_1_364' title='bbox 620 2769 676 2801; x_wconf 86' lang='lat' dir='ltr'>per</span> <span class='ocrx_word' id='word_1_365' title='bbox 687 2751 832 2804; x_wconf 78' lang='lat' dir='ltr'>Legato‘s</span> <span class='ocrx_word' id='word_1_366' title='bbox 844 2761 934 2794; x_wconf 73' lang='lat' dir='ltr'>faetae</span> <span class='ocrx_word' id='word_1_367' title='bbox 954 2760 996 2793; x_wconf 89' lang='lat' dir='ltr'>de</span> <span class='ocrx_word' id='word_1_368' title='bbox 1007 2759 1107 2803; x_wconf 87' lang='lat' dir='ltr'>Spiri-</span> 
     </span>
     <span class='ocr_line' id='line_1_57' title="bbox 223 2806 1105 2852; baseline 0.002 -10"><span class='ocrx_word' id='word_1_369' title='bbox 223 2816 261 2842; x_wconf 88' lang='lat' dir='ltr'>tu</span> <span class='ocrx_word' id='word_1_370' title='bbox 274 2807 383 2840; x_wconf 72' lang='lat' dir='ltr'>samsto</span> <span class='ocrx_word' id='word_1_371' title='bbox 394 2806 610 2849; x_wconf 83' lang='lat' dir='ltr'>Profeffioni‚</span> <span class='ocrx_word' id='word_1_372' title='bbox 637 2808 844 2852; x_wconf 89' lang='lat' dir='ltr'>ejusdemque</span> <span class='ocrx_word' id='word_1_373' title='bbox 863 2810 1038 2844; x_wconf 89' lang='lat' dir='ltr'>Pontificis</span> <span class='ocrx_word' id='word_1_374' title='bbox 1063 2809 1105 2844; x_wconf 88' lang='lat' dir='ltr'>ad</span> 
     </span>
     <span class='ocr_line' id='line_1_58' title="bbox 223 2856 1105 2901; baseline 0.006 -12"><span class='ocrx_word' id='word_1_375' title='bbox 223 2857 399 2900; x_wconf 88' lang='lat' dir='ltr'>Synodum</span> <span class='ocrx_word' id='word_1_376' title='bbox 435 2856 677 2900; x_wconf 87' lang='lat' dir='ltr'>Thyanensem</span> <span class='ocrx_word' id='word_1_377' title='bbox 715 2859 830 2894; x_wconf 88' lang='lat' dir='ltr'>litteris</span> <span class='ocrx_word' id='word_1_378' title='bbox 867 2860 1105 2901; x_wconf 80' lang='lat' dir='ltr'>adsentiretur,</span> 
     </span>
    </p>
   </div>
   <div class='ocr_carea' id='block_1_7' title="bbox 155 2906 1105 2948">
    <p class='ocr_par' dir='ltr' id='par_1_7' title="bbox 155 2906 1105 2948">
     <span class='ocr_line' id='line_1_59' title="bbox 155 2906 1105 2948; baseline 0.005 -9"><span class='ocrx_word' id='word_1_379' title='bbox 155 2945 158 2948; x_wconf 67' lang='lat'><em>‚</em></span> <span class='ocrx_word' id='word_1_380' title='bbox 224 2906 369 2940; x_wconf 78' lang='lat' dir='ltr'>multum</span> <span class='ocrx_word' id='word_1_381' title='bbox 379 2907 456 2941; x_wconf 75' lang='lat' dir='ltr'>ursit</span> <span class='ocrx_word' id='word_1_382' title='bbox 466 2932 477 2947; x_wconf 91' lang='lat'>‚</span> <span class='ocrx_word' id='word_1_383' title='bbox 503 2909 537 2942; x_wconf 72' lang='grc' dir='ltr'>ὃ(</span> <span class='ocrx_word' id='word_1_384' title='bbox 549 2909 792 2943; x_wconf 86' lang='lat' dir='ltr'>contumaciter</span> <span class='ocrx_word' id='word_1_385' title='bbox 802 2921 878 2944; x_wconf 88' lang='lat' dir='ltr'>cum</span> <span class='ocrx_word' id='word_1_386' title='bbox 890 2910 954 2944; x_wconf 90' lang='lat' dir='ltr'>suis</span> <span class='ocrx_word' id='word_1_387' title='bbox 966 2910 1105 2944; x_wconf 70' lang='lat' dir='ltr'>resisten-</span> 
     </span>
    </p>
   </div>
   <div class='ocr_carea' id='block_1_8' title="bbox 56 3438 210 3515">
    <p class='ocr_par' dir='ltr' id='par_1_8' title="bbox 56 3438 210 3515">
     <span class='ocr_line' id='line_1_60' title="bbox 56 3438 210 3468; baseline -0.013 0"><span class='ocrx_word' id='word_1_388' title='bbox 56 3438 210 3468; x_wconf 75' lang='lat' dir='ltr'>Hieron.in</span> 
     </span>
     <span class='ocr_line' id='line_1_61' title="bbox 57 3478 195 3515; baseline -0.014 -6"><span class='ocrx_word' id='word_1_389' title='bbox 57 3478 195 3515; x_wconf 69' lang='lat' dir='ltr'>catalog.</span> 
     </span>
    </p>
   </div>
   <div class='ocr_carea' id='block_1_9' title="bbox 223 2956 1107 3505">
    <p class='ocr_par' dir='ltr' id='par_1_9' title="bbox 223 2956 1107 3155">
     <span class='ocr_line' id='line_1_62' title="bbox 223 2956 1105 3001; baseline 0.003 -10"><span class='ocrx_word' id='word_1_390' title='bbox 223 2968 292 2991; x_wconf 85' lang='lat' dir='ltr'>tem</span> <span class='ocrx_word' id='word_1_391' title='bbox 302 2956 471 2991; x_wconf 75' lang='lat' dir='ltr'>damnavit</span> <span class='ocrx_word' id='word_1_392' title='bbox 483 2982 490 2989; x_wconf 92' lang='lat'><strong>.</strong></span> <span class='ocrx_word' id='word_1_393' title='bbox 519 2958 587 2992; x_wconf 89' lang='lat' dir='ltr'>Eos</span> <span class='ocrx_word' id='word_1_394' title='bbox 597 2958 731 3001; x_wconf 87' lang='lat' dir='ltr'>quidam</span> <span class='ocrx_word' id='word_1_395' title='bbox 745 2971 813 2994; x_wconf 89' lang='lat' dir='ltr'>non</span> <span class='ocrx_word' id='word_1_396' title='bbox 826 2959 1105 3000; x_wconf 85' lang='lat' dir='ltr'>Macedonianos,</span> 
     </span>
     <span class='ocr_line' id='line_1_63' title="bbox 225 3006 1107 3051; baseline 0.005 -11"><span class='ocrx_word' id='word_1_397' title='bbox 225 3006 279 3041; x_wconf 85' lang='lat' dir='ltr'>sed</span> <span class='ocrx_word' id='word_1_398' title='bbox 290 3007 455 3051; x_wconf 84' lang='lat' dir='ltr'>appellant</span> <span class='ocrx_word' id='word_1_399' title='bbox 464 3006 742 3044; x_wconf 80' lang='lat' dir='ltr'>Marathonianos</span> <span class='ocrx_word' id='word_1_400' title='bbox 749 3034 761 3051; x_wconf 94' lang='lat'>,</span> <span class='ocrx_word' id='word_1_401' title='bbox 786 3011 804 3044; x_wconf 74' lang='lat' dir='ltr'>a</span> <span class='ocrx_word' id='word_1_402' title='bbox 815 3008 1033 3048; x_wconf 83' lang='lat' dir='ltr'>Marathonio</span> <span class='ocrx_word' id='word_1_403' title='bbox 1045 3010 1079 3044; x_wconf 91' lang='lat' dir='ltr'>N</span> <span class='ocrx_word' id='word_1_404' title='bbox 1083 3010 1107 3044; x_wconf 87' lang='lat' dir='ltr'>i-</span> 
     </span>
     <span class='ocr_line' id='line_1_64' title="bbox 224 3057 1106 3103; baseline 0.002 -11"><span class='ocrx_word' id='word_1_405' title='bbox 224 3057 423 3093; x_wconf 83' lang='lat' dir='ltr'>comedienfi</span> <span class='ocrx_word' id='word_1_406' title='bbox 446 3058 631 3101; x_wconf 86' lang='lat' dir='ltr'>Episcopo,</span> <span class='ocrx_word' id='word_1_407' title='bbox 658 3059 676 3092; x_wconf 71' lang='lat' dir='ltr'>a</span> <span class='ocrx_word' id='word_1_408' title='bbox 698 3070 765 3103; x_wconf 90' lang='lat' dir='ltr'>quo</span> <span class='ocrx_word' id='word_1_409' title='bbox 779 3059 900 3095; x_wconf 84' lang='lat' dir='ltr'>haerefis</span> <span class='ocrx_word' id='word_1_410' title='bbox 913 3061 1047 3097; x_wconf 85' lang='lat' dir='ltr'>inventa</span> <span class='ocrx_word' id='word_1_411' title='bbox 1072 3062 1106 3094; x_wconf 73' lang='grc' dir='ltr'>δε</span> 
     </span>
     <span class='ocr_line' id='line_1_65' title="bbox 226 3107 1104 3155; baseline 0.003 -14"><span class='ocrx_word' id='word_1_412' title='bbox 226 3107 432 3141; x_wconf 89' lang='lat' dir='ltr'>Macedonio</span> <span class='ocrx_word' id='word_1_413' title='bbox 446 3108 612 3151; x_wconf 85' lang='lat' dir='ltr'>persuasa,</span> <span class='ocrx_word' id='word_1_414' title='bbox 639 3119 694 3143; x_wconf 91' lang='lat' dir='ltr'>aut</span> <span class='ocrx_word' id='word_1_415' title='bbox 704 3110 881 3152; x_wconf 75' lang='lat' dir='ltr'>plurimum</span> <span class='ocrx_word' id='word_1_416' title='bbox 905 3121 1082 3155; x_wconf 84' lang='lat' dir='ltr'>propagata</span> <span class='ocrx_word' id='word_1_417' title='bbox 1097 3135 1104 3143; x_wconf 89' lang='lat'><strong>.</strong></span> 
     </span>
    </p>

    <p class='ocr_par' dir='ltr' id='par_1_10' title="bbox 226 3157 1104 3505">
     <span class='ocr_line' id='line_1_66' title="bbox 276 3157 1104 3201; baseline 0.005 -10"><span class='ocrx_word' id='word_1_418' title='bbox 276 3157 426 3193; x_wconf 86' lang='lat' dir='ltr'>Secunda</span> <span class='ocrx_word' id='word_1_419' title='bbox 445 3157 601 3192; x_wconf 87' lang='lat' dir='ltr'>damnata</span> <span class='ocrx_word' id='word_1_420' title='bbox 631 3157 754 3197; x_wconf 82' lang='lat' dir='ltr'>haerefis</span> <span class='ocrx_word' id='word_1_421' title='bbox 787 3161 832 3196; x_wconf 91' lang='lat' dir='ltr'>est</span> <span class='ocrx_word' id='word_1_422' title='bbox 871 3159 1104 3201; x_wconf 88' lang='lat' dir='ltr'>Eunomiana,</span> 
     </span>
     <span class='ocr_line' id='line_1_67' title="bbox 227 3207 1104 3253; baseline 0.005 -12"><span class='ocrx_word' id='word_1_423' title='bbox 227 3207 301 3251; x_wconf 84' lang='lat' dir='ltr'>puri</span> <span class='ocrx_word' id='word_1_424' title='bbox 324 3209 395 3253; x_wconf 88' lang='lat' dir='ltr'>puti</span> <span class='ocrx_word' id='word_1_425' title='bbox 427 3207 609 3243; x_wconf 87' lang='lat' dir='ltr'>Arianismi</span> <span class='ocrx_word' id='word_1_426' title='bbox 639 3210 845 3244; x_wconf 85' lang='lat' dir='ltr'>restauratrix</span> <span class='ocrx_word' id='word_1_427' title='bbox 878 3234 889 3250; x_wconf 89' lang='lat'>‚</span> <span class='ocrx_word' id='word_1_428' title='bbox 924 3209 1104 3245; x_wconf 85' lang='lat' dir='ltr'>orthodoxi</span> 
     </span>
     <span class='ocr_line' id='line_1_68' title="bbox 226 3258 1102 3302; baseline 0.005 -11"><span class='ocrx_word' id='word_1_429' title='bbox 226 3258 388 3302; x_wconf 88' lang='lat' dir='ltr'>Baptismi</span> <span class='ocrx_word' id='word_1_430' title='bbox 409 3258 544 3293; x_wconf 90' lang='lat' dir='ltr'>verbum</span> <span class='ocrx_word' id='word_1_431' title='bbox 568 3271 608 3293; x_wconf 90' lang='lat' dir='ltr'>ac</span> <span class='ocrx_word' id='word_1_432' title='bbox 628 3259 829 3295; x_wconf 86' lang='lat' dir='ltr'>elementum</span> <span class='ocrx_word' id='word_1_433' title='bbox 851 3261 987 3297; x_wconf 78' lang='lat' dir='ltr'>alterare</span> <span class='ocrx_word' id='word_1_434' title='bbox 1007 3263 1102 3302; x_wconf 89' lang='lat' dir='ltr'>ausa,</span> 
     </span>
     <span class='ocr_line' id='line_1_69' title="bbox 229 3309 1103 3352; baseline 0.005 -11"><span class='ocrx_word' id='word_1_435' title='bbox 229 3319 421 3352; x_wconf 89' lang='lat' dir='ltr'>novumque</span> <span class='ocrx_word' id='word_1_436' title='bbox 431 3309 466 3343; x_wconf 88' lang='lat' dir='ltr'>in</span> <span class='ocrx_word' id='word_1_437' title='bbox 478 3310 619 3344; x_wconf 84' lang='lat' dir='ltr'>Domini</span> <span class='ocrx_word' id='word_1_438' title='bbox 633 3320 771 3343; x_wconf 89' lang='lat' dir='ltr'>mortem</span> <span class='ocrx_word' id='word_1_439' title='bbox 786 3310 973 3345; x_wconf 87' lang='lat' dir='ltr'>instituere.</span> <span class='ocrx_word' id='word_1_440' title='bbox 1002 3313 1103 3345; x_wconf 90' lang='lat' dir='ltr'>Dam-</span> 
     </span>
     <span class='ocr_line' id='line_1_70' title="bbox 230 3358 1102 3402; baseline 0.006 -12"><span class='ocrx_word' id='word_1_441' title='bbox 230 3366 307 3391; x_wconf 87' lang='lat' dir='ltr'>nata</span> <span class='ocrx_word' id='word_1_442' title='bbox 326 3358 372 3391; x_wconf 86' lang='lat' dir='ltr'>est</span> <span class='ocrx_word' id='word_1_443' title='bbox 395 3371 436 3393; x_wconf 89' lang='lat' dir='ltr'>ex</span> <span class='ocrx_word' id='word_1_444' title='bbox 455 3360 562 3393; x_wconf 70' lang='lat' dir='ltr'>Sanc&#39;ti</span> <span class='ocrx_word' id='word_1_445' title='bbox 587 3361 759 3402; x_wconf 71' lang='lat' dir='ltr'>praesertim</span> <span class='ocrx_word' id='word_1_446' title='bbox 790 3360 898 3394; x_wconf 77' lang='lat' dir='ltr'>Basilii</span> <span class='ocrx_word' id='word_1_447' title='bbox 933 3361 967 3399; x_wconf 74' lang='grc' dir='ltr'>ὃς</span> <span class='ocrx_word' id='word_1_448' title='bbox 997 3361 1102 3396; x_wconf 63' lang='lat' dir='ltr'>saneti</span> 
     </span>
     <span class='ocr_line' id='line_1_71' title="bbox 229 3407 1103 3456; baseline 0.006 -16"><span class='ocrx_word' id='word_1_449' title='bbox 229 3407 384 3451; x_wconf 88' lang='lat' dir='ltr'>Gregorii</span> <span class='ocrx_word' id='word_1_450' title='bbox 404 3409 544 3453; x_wconf 84' lang='lat' dir='ltr'>Nysseni</span> <span class='ocrx_word' id='word_1_451' title='bbox 576 3409 666 3447; x_wconf 85' lang='lat' dir='ltr'>libris</span> <span class='ocrx_word' id='word_1_452' title='bbox 689 3435 699 3450; x_wconf 93' lang='lat'>,</span> <span class='ocrx_word' id='word_1_453' title='bbox 737 3422 820 3454; x_wconf 90' lang='lat' dir='ltr'>quos</span> <span class='ocrx_word' id='word_1_454' title='bbox 850 3411 916 3454; x_wconf 89' lang='lat' dir='ltr'>ipse</span> <span class='ocrx_word' id='word_1_455' title='bbox 938 3410 1103 3456; x_wconf 88' lang='lat' dir='ltr'>Gregorio</span> 
     </span>
     <span class='ocr_line' id='line_1_72' title="bbox 229 3458 1104 3505; baseline 0.006 -14"><span class='ocrx_word' id='word_1_456' title='bbox 229 3458 468 3500; x_wconf 85' lang='lat' dir='ltr'>Nazianzeno‚</span> <span class='ocrx_word' id='word_1_457' title='bbox 493 3461 526 3494; x_wconf 77' lang='grc' dir='ltr'>δε</span> <span class='ocrx_word' id='word_1_458' title='bbox 539 3461 656 3495; x_wconf 69' lang='lat' dir='ltr'>Sancto</span> <span class='ocrx_word' id='word_1_459' title='bbox 667 3460 881 3504; x_wconf 85' lang='lat' dir='ltr'>Hieronymo</span> <span class='ocrx_word' id='word_1_460' title='bbox 899 3461 1042 3505; x_wconf 77' lang='lat' dir='ltr'>primum</span> <span class='ocrx_word' id='word_1_461' title='bbox 1062 3462 1104 3496; x_wconf 89' lang='lat' dir='ltr'>le-</span> 
     </span>
    </p>
   </div>
   <div class='ocr_carea' id='block_1_10' title="bbox 1874 85 1971 135">
    <p class='ocr_par' dir='ltr' id='par_1_11' title="bbox 1874 85 1971 135">
     <span class='ocr_line' id='line_1_73' title="bbox 1874 85 1971 135; baseline 0.041 -4"><span class='ocrx_word' id='word_1_462' title='bbox 1874 85 1971 135; x_wconf 76' lang='lat'>357</span> 
     </span>
    </p>
   </div>
   <div class='ocr_carea' id='block_1_11' title="bbox 1160 148 2061 1800">
    <p class='ocr_par' dir='ltr' id='par_1_12' title="bbox 1160 148 2049 495">
     <span class='ocr_line' id='line_1_74' title="bbox 1163 148 2049 202; baseline 0.009 -17"><span class='ocrx_word' id='word_1_463' title='bbox 1163 153 1230 185; x_wconf 68' lang='lat' dir='ltr'>Ros</span> <span class='ocrx_word' id='word_1_464' title='bbox 1243 148 1381 193; x_wconf 89' lang='lat' dir='ltr'>Synodo</span> <span class='ocrx_word' id='word_1_465' title='bbox 1401 149 1597 193; x_wconf 80' lang='lat' dir='ltr'>judicandos</span> <span class='ocrx_word' id='word_1_466' title='bbox 1618 152 1779 190; x_wconf 83' lang='lat' dir='ltr'>detulerat</span> <span class='ocrx_word' id='word_1_467' title='bbox 1792 180 1803 197; x_wconf 93' lang='lat'>,</span> <span class='ocrx_word' id='word_1_468' title='bbox 1829 156 2049 202; x_wconf 77' lang='lat' dir='ltr'>synodusque</span> 
     </span>
     <span class='ocr_line' id='line_1_75' title="bbox 1163 200 2049 251; baseline 0.009 -17"><span class='ocrx_word' id='word_1_469' title='bbox 1163 200 1334 244; x_wconf 86' lang='lat' dir='ltr'>probavit.</span> <span class='ocrx_word' id='word_1_470' title='bbox 1361 200 1570 236; x_wconf 87' lang='lat' dir='ltr'>Eunomium</span> <span class='ocrx_word' id='word_1_471' title='bbox 1594 202 1790 240; x_wconf 83' lang='lat' dir='ltr'>seduxerunt</span> <span class='ocrx_word' id='word_1_472' title='bbox 1811 206 1927 251; x_wconf 83' lang='lat' dir='ltr'>lingua</span> <span class='ocrx_word' id='word_1_473' title='bbox 1954 207 2049 242; x_wconf 90' lang='lat' dir='ltr'>volu·</span> 
     </span>
     <span class='ocr_line' id='line_1_76' title="bbox 1161 250 2049 299; baseline 0.009 -15"><span class='ocrx_word' id='word_1_474' title='bbox 1161 250 1237 286; x_wconf 88' lang='lat' dir='ltr'>bilis</span> <span class='ocrx_word' id='word_1_475' title='bbox 1262 250 1498 289; x_wconf 88' lang='lat' dir='ltr'>&amp;Aristotelis</span> <span class='ocrx_word' id='word_1_476' title='bbox 1528 250 1683 286; x_wconf 85' lang='lat' dir='ltr'>elenchi.-</span> <span class='ocrx_word' id='word_1_477' title='bbox 1709 259 1820 290; x_wconf 75' lang='lat' dir='ltr'>Horum</span> <span class='ocrx_word' id='word_1_478' title='bbox 1826 255 1974 299; x_wconf 76' lang='lat' dir='ltr'>subsidio,</span> <span class='ocrx_word' id='word_1_479' title='bbox 2001 259 2049 292; x_wconf 84' lang='lat' dir='ltr'>in-</span> 
     </span>
     <span class='ocr_line' id='line_1_77' title="bbox 1161 300 2047 351; baseline 0.007 -16"><span class='ocrx_word' id='word_1_480' title='bbox 1161 301 1234 345; x_wconf 89' lang='lat' dir='ltr'>quit</span> <span class='ocrx_word' id='word_1_481' title='bbox 1244 300 1285 336; x_wconf 92' lang='lat' dir='ltr'>de</span> <span class='ocrx_word' id='word_1_482' title='bbox 1297 300 1502 336; x_wconf 85' lang='lat' dir='ltr'>AEtioillius</span> <span class='ocrx_word' id='word_1_483' title='bbox 1524 302 1679 347; x_wconf 80' lang='lat' dir='ltr'>magistro</span> <span class='ocrx_word' id='word_1_484' title='bbox 1702 303 1848 339; x_wconf 88' lang='lat' dir='ltr'>Socrates</span> <span class='ocrx_word' id='word_1_485' title='bbox 1865 330 1876 346; x_wconf 95' lang='lat'>,</span> <span class='ocrx_word' id='word_1_486' title='bbox 1897 307 2047 351; x_wconf 74' lang='lat' dir='ltr'>captiosas</span> 
     </span>
     <span class='ocr_line' id='line_1_78' title="bbox 1161 351 2046 400; baseline 0.009 -17"><span class='ocrx_word' id='word_1_487' title='bbox 1161 356 1403 384; x_wconf 71' lang='lat' dir='ltr'>ratiocinationes</span> <span class='ocrx_word' id='word_1_488' title='bbox 1423 375 1435 392; x_wconf 85' lang='lat'>,</span> <span class='ocrx_word' id='word_1_489' title='bbox 1461 363 1540 395; x_wconf 82' lang='lat' dir='ltr'>quas</span> <span class='ocrx_word' id='word_1_490' title='bbox 1563 351 1628 395; x_wconf 79' lang='lat' dir='ltr'>ipse</span> <span class='ocrx_word' id='word_1_491' title='bbox 1648 353 1800 396; x_wconf 73' lang='lat' dir='ltr'>dtffilvere</span> <span class='ocrx_word' id='word_1_492' title='bbox 1826 367 1882 388; x_wconf 85' lang='lat' dir='ltr'>non</span> <span class='ocrx_word' id='word_1_493' title='bbox 1901 365 2046 400; x_wconf 82' lang='lat' dir='ltr'>poterat,</span> 
     </span>
     <span class='ocr_line' id='line_1_79' title="bbox 1160 402 2047 449; baseline 0.01 -16"><span class='ocrx_word' id='word_1_494' title='bbox 1160 402 1335 444; x_wconf 76' lang='lat' dir='ltr'>imprudens</span> <span class='ocrx_word' id='word_1_495' title='bbox 1354 408 1508 436; x_wconf 79' lang='lat' dir='ltr'>contexuit</span> <span class='ocrx_word' id='word_1_496' title='bbox 1523 427 1531 436; x_wconf 89' lang='lat'><strong>.</strong></span> <span class='ocrx_word' id='word_1_497' title='bbox 1558 402 1803 440; x_wconf 80' lang='lat' dir='ltr'>Haereticorum</span> <span class='ocrx_word' id='word_1_498' title='bbox 1826 404 2019 445; x_wconf 79' lang='lat' dir='ltr'>Patriarchae</span> <span class='ocrx_word' id='word_1_499' title='bbox 2034 432 2047 449; x_wconf 89' lang='lat'>‚</span> 
     </span>
     <span class='ocr_line' id='line_1_80' title="bbox 1162 449 1713 495; baseline -0.004 -10"><span class='ocrx_word' id='word_1_500' title='bbox 1162 449 1284 494; x_wconf 83' lang='lat' dir='ltr'>semper</span> <span class='ocrx_word' id='word_1_501' title='bbox 1299 449 1497 495; x_wconf 90' lang='lat' dir='ltr'>Philosophi</span> <span class='ocrx_word' id='word_1_502' title='bbox 1511 477 1518 485; x_wconf 93' lang='lat'><strong>.</strong></span> <span class='ocrx_word' id='word_1_503' title='bbox 1711 481 1713 483; x_wconf 83' lang='lat'><em>.</em></span> 
     </span>
    </p>

    <p class='ocr_par' dir='ltr' id='par_1_13' title="bbox 1160 501 2060 1640">
     <span class='ocr_line' id='line_1_81' title="bbox 1211 501 2049 550; baseline 0.007 -16"><span class='ocrx_word' id='word_1_504' title='bbox 1211 501 1330 535; x_wconf 90' lang='lat' dir='ltr'>Tertia</span> <span class='ocrx_word' id='word_1_505' title='bbox 1351 501 1506 537; x_wconf 85' lang='lat' dir='ltr'>damnata</span> <span class='ocrx_word' id='word_1_506' title='bbox 1527 501 1652 539; x_wconf 85' lang='lat' dir='ltr'>haerefis</span> <span class='ocrx_word' id='word_1_507' title='bbox 1675 504 1722 540; x_wconf 89' lang='lat' dir='ltr'>est</span> <span class='ocrx_word' id='word_1_508' title='bbox 1736 504 2049 550; x_wconf 88' lang='lat' dir='ltr'>Apollinariorum‚</span> 
     </span>
     <span class='ocr_line' id='line_1_82' title="bbox 1161 550 2051 600; baseline 0.008 -16"><span class='ocrx_word' id='word_1_509' title='bbox 1161 551 1261 595; x_wconf 88' lang='lat' dir='ltr'>patris</span> <span class='ocrx_word' id='word_1_510' title='bbox 1283 550 1492 594; x_wconf 85' lang='lat' dir='ltr'>Presbyteri,</span> <span class='ocrx_word' id='word_1_511' title='bbox 1519 554 1552 587; x_wconf 91' lang='lat'>&amp;</span> <span class='ocrx_word' id='word_1_512' title='bbox 1571 555 1633 592; x_wconf 82' lang='lat' dir='ltr'>filii</span> <span class='ocrx_word' id='word_1_513' title='bbox 1657 555 1867 591; x_wconf 85' lang='lat' dir='ltr'>Laodicenfis</span> <span class='ocrx_word' id='word_1_514' title='bbox 1896 556 1932 590; x_wconf 91' lang='lat' dir='ltr'>in</span> <span class='ocrx_word' id='word_1_515' title='bbox 1954 557 2051 600; x_wconf 84' lang='lat' dir='ltr'>Syria</span> 
     </span>
     <span class='ocr_line' id='line_1_83' title="bbox 1163 601 2049 651; baseline 0.007 -16"><span class='ocrx_word' id='word_1_516' title='bbox 1163 601 1335 645; x_wconf 91' lang='lat' dir='ltr'>Episcopi.</span> <span class='ocrx_word' id='word_1_517' title='bbox 1362 601 1455 636; x_wconf 90' lang='lat' dir='ltr'>Dum</span> <span class='ocrx_word' id='word_1_518' title='bbox 1469 602 1617 645; x_wconf 87' lang='lat' dir='ltr'>Julianus</span> <span class='ocrx_word' id='word_1_519' title='bbox 1629 604 1800 651; x_wconf 85' lang='lat' dir='ltr'>Augustus</span> <span class='ocrx_word' id='word_1_520' title='bbox 1811 606 2049 642; x_wconf 86' lang='lat' dir='ltr'>humaniorum</span> 
     </span>
     <span class='ocr_line' id='line_1_84' title="bbox 1160 650 2049 700; baseline 0.006 -14"><span class='ocrx_word' id='word_1_521' title='bbox 1160 651 1342 686; x_wconf 84' lang='lat' dir='ltr'>litterarum</span> <span class='ocrx_word' id='word_1_522' title='bbox 1354 650 1481 686; x_wconf 84' lang='lat' dir='ltr'>scholas</span> <span class='ocrx_word' id='word_1_523' title='bbox 1492 651 1691 690; x_wconf 71' lang='lat' dir='ltr'>Christianis</span> <span class='ocrx_word' id='word_1_524' title='bbox 1699 657 1812 691; x_wconf 78' lang='lat' dir='ltr'>clausit</span> <span class='ocrx_word' id='word_1_525' title='bbox 1821 682 1832 698; x_wconf 91' lang='lat'>,</span> <span class='ocrx_word' id='word_1_526' title='bbox 1858 666 1948 700; x_wconf 89' lang='lat' dir='ltr'>pater</span> <span class='ocrx_word' id='word_1_527' title='bbox 1958 657 2049 692; x_wconf 77' lang='lat' dir='ltr'>edita.</span> 
     </span>
     <span class='ocr_line' id='line_1_85' title="bbox 1162 700 2048 751; baseline 0.007 -16"><span class='ocrx_word' id='word_1_528' title='bbox 1162 700 1350 736; x_wconf 86' lang='lat' dir='ltr'>Christiana</span> <span class='ocrx_word' id='word_1_529' title='bbox 1371 702 1594 748; x_wconf 84' lang='lat' dir='ltr'>Grammatica</span> <span class='ocrx_word' id='word_1_530' title='bbox 1617 729 1627 744; x_wconf 90' lang='lat'>,</span> <span class='ocrx_word' id='word_1_531' title='bbox 1662 706 1696 740; x_wconf 70' lang='grc' dir='ltr'>ὃς</span> <span class='ocrx_word' id='word_1_532' title='bbox 1717 707 1880 751; x_wconf 87' lang='lat' dir='ltr'>plerisque</span> <span class='ocrx_word' id='word_1_533' title='bbox 1902 708 2048 751; x_wconf 64' lang='lat' dir='ltr'>antique</span> 
     </span>
     <span class='ocr_line' id='line_1_86' title="bbox 1161 751 2049 802; baseline 0.007 -16"><span class='ocrx_word' id='word_1_534' title='bbox 1161 752 1330 795; x_wconf 66' lang='lat' dir='ltr'>Scripturas</span> <span class='ocrx_word' id='word_1_535' title='bbox 1350 751 1442 786; x_wconf 88' lang='lat' dir='ltr'>libris</span> <span class='ocrx_word' id='word_1_536' title='bbox 1462 753 1497 786; x_wconf 88' lang='lat' dir='ltr'>in</span> <span class='ocrx_word' id='word_1_537' title='bbox 1510 755 1638 788; x_wconf 90' lang='lat' dir='ltr'>versum</span> <span class='ocrx_word' id='word_1_538' title='bbox 1652 779 1663 795; x_wconf 87' lang='lat'>,</span> <span class='ocrx_word' id='word_1_539' title='bbox 1688 754 1778 791; x_wconf 83' lang='lat' dir='ltr'>filius</span> <span class='ocrx_word' id='word_1_540' title='bbox 1800 757 2049 802; x_wconf 79' lang='lat' dir='ltr'>Evangelio&amp;</span> 
     </span>
     <span class='ocr_line' id='line_1_87' title="bbox 1162 801 2048 848; baseline 0.005 -12"><span class='ocrx_word' id='word_1_541' title='bbox 1162 801 1328 845; x_wconf 86' lang='lat' dir='ltr'>Apostolo</span> <span class='ocrx_word' id='word_1_542' title='bbox 1357 802 1393 836; x_wconf 88' lang='lat' dir='ltr'>in</span> <span class='ocrx_word' id='word_1_543' title='bbox 1405 802 1576 848; x_wconf 81' lang='lat' dir='ltr'>dialogum</span> <span class='ocrx_word' id='word_1_544' title='bbox 1588 804 1724 840; x_wconf 62' lang='lat' dir='ltr'>redactis</span> <span class='ocrx_word' id='word_1_545' title='bbox 1737 830 1749 846; x_wconf 93' lang='lat'>‚</span> <span class='ocrx_word' id='word_1_546' title='bbox 1773 808 1900 841; x_wconf 88' lang='lat' dir='ltr'>evasere</span> <span class='ocrx_word' id='word_1_547' title='bbox 1920 807 2048 840; x_wconf 85' lang='lat' dir='ltr'>clariffi-</span> 
     </span>
     <span class='ocr_line' id='line_1_88' title="bbox 1166 852 2053 902; baseline 0.003 -16"><span class='ocrx_word' id='word_1_548' title='bbox 1166 853 1243 893; x_wconf 88' lang='lat' dir='ltr'>mi,</span> <span class='ocrx_word' id='word_1_549' title='bbox 1269 853 1304 888; x_wconf 75' lang='grc' dir='ltr'>δε</span> <span class='ocrx_word' id='word_1_550' title='bbox 1340 852 1430 892; x_wconf 85' lang='lat' dir='ltr'>fideli</span> <span class='ocrx_word' id='word_1_551' title='bbox 1452 853 1619 897; x_wconf 87' lang='lat' dir='ltr'>juventuti</span> <span class='ocrx_word' id='word_1_552' title='bbox 1661 855 1842 899; x_wconf 78' lang='lat' dir='ltr'>plurimum</span> <span class='ocrx_word' id='word_1_553' title='bbox 1876 857 2053 902; x_wconf 72' lang='lat' dir='ltr'>profuere.</span> 
     </span>
     <span class='ocr_line' id='line_1_89' title="bbox 1164 902 2051 947; baseline 0.003 -11"><span class='ocrx_word' id='word_1_554' title='bbox 1164 902 1339 942; x_wconf 72' lang='lat' dir='ltr'>Nicaenam</span> <span class='ocrx_word' id='word_1_555' title='bbox 1378 903 1478 938; x_wconf 86' lang='lat' dir='ltr'>fidem</span> <span class='ocrx_word' id='word_1_556' title='bbox 1514 905 1775 946; x_wconf 76' lang='lat' dir='ltr'>constantiffime</span> <span class='ocrx_word' id='word_1_557' title='bbox 1813 905 2051 947; x_wconf 81' lang='lat' dir='ltr'>defendentes,</span> 
     </span>
     <span class='ocr_line' id='line_1_90' title="bbox 1165 952 2054 1001; baseline 0.004 -14"><span class='ocrx_word' id='word_1_558' title='bbox 1165 952 1315 998; x_wconf 89' lang='lat' dir='ltr'>Georgio</span> <span class='ocrx_word' id='word_1_559' title='bbox 1327 952 1519 989; x_wconf 81' lang='lat' dir='ltr'>Laodicenfi</span> <span class='ocrx_word' id='word_1_560' title='bbox 1535 954 1701 1001; x_wconf 88' lang='lat' dir='ltr'>Episcopo</span> <span class='ocrx_word' id='word_1_561' title='bbox 1714 982 1724 999; x_wconf 94' lang='lat'>,</span> <span class='ocrx_word' id='word_1_562' title='bbox 1746 955 1884 991; x_wconf 76' lang='lat' dir='ltr'>‘homini</span> <span class='ocrx_word' id='word_1_563' title='bbox 1897 955 2054 992; x_wconf 56' lang='lat' dir='ltr'>Eusebiav</span> 
     </span>
     <span class='ocr_line' id='line_1_91' title="bbox 1164 1002 2052 1051; baseline 0.005 -15"><span class='ocrx_word' id='word_1_564' title='bbox 1164 1014 1232 1043; x_wconf 90' lang='lat' dir='ltr'>no,</span> <span class='ocrx_word' id='word_1_565' title='bbox 1260 1003 1418 1038; x_wconf 89' lang='lat' dir='ltr'>damnato</span> <span class='ocrx_word' id='word_1_566' title='bbox 1440 1016 1495 1048; x_wconf 82' lang='lat' dir='ltr'>per</span> <span class='ocrx_word' id='word_1_567' title='bbox 1518 1002 1742 1042; x_wconf 78' lang='lat' dir='ltr'>sardicensem</span> <span class='ocrx_word' id='word_1_568' title='bbox 1765 1006 1964 1051; x_wconf 88' lang='lat' dir='ltr'>Synodum,</span> <span class='ocrx_word' id='word_1_569' title='bbox 1991 1017 2052 1040; x_wconf 86' lang='lat' dir='ltr'>no·</span> 
     </span>
     <span class='ocr_line' id='line_1_92' title="bbox 1164 1053 2051 1098; baseline 0.006 -12"><span class='ocrx_word' id='word_1_570' title='bbox 1164 1053 1297 1087; x_wconf 87' lang='lat' dir='ltr'>luerunt</span> <span class='ocrx_word' id='word_1_571' title='bbox 1316 1055 1564 1090; x_wconf 87' lang='lat' dir='ltr'>communicare</span> <span class='ocrx_word' id='word_1_572' title='bbox 1587 1081 1599 1098; x_wconf 92' lang='lat'>,</span> <span class='ocrx_word' id='word_1_573' title='bbox 1624 1057 1658 1091; x_wconf 70' lang='lat' dir='ltr'>a&amp;</span> <span class='ocrx_word' id='word_1_574' title='bbox 1681 1057 1723 1092; x_wconf 85' lang='lat' dir='ltr'>ab</span> <span class='ocrx_word' id='word_1_575' title='bbox 1744 1058 1863 1092; x_wconf 90' lang='lat' dir='ltr'>eodem</span> <span class='ocrx_word' id='word_1_576' title='bbox 1885 1057 2051 1091; x_wconf 80' lang='lat' dir='ltr'>talionem</span> 
     </span>
     <span class='ocr_line' id='line_1_93' title="bbox 1164 1102 2052 1152; baseline 0.005 -16"><span class='ocrx_word' id='word_1_577' title='bbox 1164 1102 1321 1143; x_wconf 85' lang='lat' dir='ltr'>reddente</span> <span class='ocrx_word' id='word_1_578' title='bbox 1343 1104 1476 1139; x_wconf 81' lang='lat' dir='ltr'>fuerunt</span> <span class='ocrx_word' id='word_1_579' title='bbox 1490 1129 1501 1145; x_wconf 91' lang='lat'>,</span> <span class='ocrx_word' id='word_1_580' title='bbox 1528 1115 1686 1150; x_wconf 86' lang='lat' dir='ltr'>tanquam</span> <span class='ocrx_word' id='word_1_581' title='bbox 1715 1108 1773 1150; x_wconf 90' lang='lat' dir='ltr'>qui</span> <span class='ocrx_word' id='word_1_582' title='bbox 1785 1107 1949 1152; x_wconf 86' lang='lat' dir='ltr'>sacrilegis</span> <span class='ocrx_word' id='word_1_583' title='bbox 1970 1107 2052 1140; x_wconf 84' lang='lat' dir='ltr'>Bac·</span> 
     </span>
     <span class='ocr_line' id='line_1_94' title="bbox 1165 1151 2048 1200; baseline 0.003 -14"><span class='ocrx_word' id='word_1_584' title='bbox 1165 1151 1221 1186; x_wconf 88' lang='lat' dir='ltr'>chi</span> <span class='ocrx_word' id='word_1_585' title='bbox 1242 1154 1339 1189; x_wconf 90' lang='lat' dir='ltr'>sacris</span> <span class='ocrx_word' id='word_1_586' title='bbox 1360 1153 1536 1190; x_wconf 74' lang='lat' dir='ltr'>adfuissent</span> <span class='ocrx_word' id='word_1_587' title='bbox 1559 1180 1570 1196; x_wconf 88' lang='lat'>‚</span> <span class='ocrx_word' id='word_1_588' title='bbox 1598 1166 1689 1191; x_wconf 80' lang='lat' dir='ltr'>extra</span> <span class='ocrx_word' id='word_1_589' title='bbox 1712 1157 1895 1192; x_wconf 70' lang='lat' dir='ltr'>Ecclesiam</span> <span class='ocrx_word' id='word_1_590' title='bbox 1917 1155 2048 1200; x_wconf 72' lang='lat' dir='ltr'>abjeffl.</span> 
     </span>
     <span class='ocr_line' id='line_1_95' title="bbox 1166 1203 2052 1253; baseline 0.002 -15"><span class='ocrx_word' id='word_1_591' title='bbox 1166 1203 1262 1238; x_wconf 89' lang='lat' dir='ltr'>Hinc</span> <span class='ocrx_word' id='word_1_592' title='bbox 1274 1203 1480 1246; x_wconf 87' lang='lat' dir='ltr'>Athanasio,</span> <span class='ocrx_word' id='word_1_593' title='bbox 1508 1205 1650 1247; x_wconf 82' lang='lat' dir='ltr'>Basilio,</span> <span class='ocrx_word' id='word_1_594' title='bbox 1679 1207 1846 1253; x_wconf 80' lang='lat' dir='ltr'>Gregorio</span> <span class='ocrx_word' id='word_1_595' title='bbox 1869 1207 2052 1241; x_wconf 85' lang='lat' dir='ltr'>Nazianze-</span> 
     </span>
     <span class='ocr_line' id='line_1_96' title="bbox 1167 1255 2052 1301; baseline 0.006 -15"><span class='ocrx_word' id='word_1_596' title='bbox 1167 1265 1232 1295; x_wconf 93' lang='lat' dir='ltr'>no,</span> <span class='ocrx_word' id='word_1_597' title='bbox 1258 1255 1291 1289; x_wconf 72' lang='grc' dir='ltr'>ὃς</span> <span class='ocrx_word' id='word_1_598' title='bbox 1314 1255 1438 1290; x_wconf 84' lang='lat' dir='ltr'>caeteris</span> <span class='ocrx_word' id='word_1_599' title='bbox 1461 1256 1553 1290; x_wconf 88' lang='lat' dir='ltr'>istius</span> <span class='ocrx_word' id='word_1_600' title='bbox 1582 1258 1640 1290; x_wconf 83' lang='lat' dir='ltr'>aevi</span> <span class='ocrx_word' id='word_1_601' title='bbox 1655 1257 1861 1292; x_wconf 78' lang='lat' dir='ltr'>primatibus·</span> <span class='ocrx_word' id='word_1_602' title='bbox 1878 1257 2052 1301; x_wconf 72' lang='lat' dir='ltr'>Episcopi:</span> 
     </span>
     <span class='ocr_line' id='line_1_97' title="bbox 1166 1303 2056 1352; baseline 0.003 -15"><span class='ocrx_word' id='word_1_603' title='bbox 1166 1303 1342 1339; x_wconf 83' lang='lat' dir='ltr'>chariffirni</span> <span class='ocrx_word' id='word_1_604' title='bbox 1359 1329 1370 1345; x_wconf 90' lang='lat'>‚</span> <span class='ocrx_word' id='word_1_605' title='bbox 1397 1306 1481 1340; x_wconf 85' lang='lat' dir='ltr'>adeo</span> <span class='ocrx_word' id='word_1_606' title='bbox 1502 1315 1539 1341; x_wconf 89' lang='lat' dir='ltr'>nt</span> <span class='ocrx_word' id='word_1_607' title='bbox 1561 1318 1676 1342; x_wconf 87' lang='lat' dir='ltr'>eorum</span> <span class='ocrx_word' id='word_1_608' title='bbox 1699 1308 1902 1352; x_wconf 86' lang='lat' dir='ltr'>discipulus,</span> <span class='ocrx_word' id='word_1_609' title='bbox 1931 1308 1967 1341; x_wconf 86' lang='lat' dir='ltr'>in</span> <span class='ocrx_word' id='word_1_610' title='bbox 1992 1307 2056 1346; x_wconf 89' lang='lat' dir='ltr'>Ec-</span> 
     </span>
     <span class='ocr_line' id='line_1_98' title="bbox 1165 1354 2055 1402; baseline 0.004 -15"><span class='ocrx_word' id='word_1_611' title='bbox 1165 1354 1266 1388; x_wconf 83' lang='lat' dir='ltr'>clefiae</span> <span class='ocrx_word' id='word_1_612' title='bbox 1286 1354 1507 1391; x_wconf 80' lang='lat' dir='ltr'>Antiochenae</span> <span class='ocrx_word' id='word_1_613' title='bbox 1530 1356 1735 1392; x_wconf 87' lang='lat' dir='ltr'>Cathedram</span> <span class='ocrx_word' id='word_1_614' title='bbox 1749 1358 1982 1402; x_wconf 79' lang='lat' dir='ltr'>Episcopalet&#39;n</span> <span class='ocrx_word' id='word_1_615' title='bbox 2004 1357 2055 1391; x_wconf 87' lang='lat' dir='ltr'>in-</span> 
     </span>
     <span class='ocr_line' id='line_1_99' title="bbox 1167 1406 2058 1452; baseline 0.006 -16"><span class='ocrx_word' id='word_1_616' title='bbox 1167 1406 1273 1439; x_wconf 86' lang='lat' dir='ltr'>trusus</span> <span class='ocrx_word' id='word_1_617' title='bbox 1288 1430 1299 1446; x_wconf 91' lang='lat'>,</span> <span class='ocrx_word' id='word_1_618' title='bbox 1326 1406 1468 1445; x_wconf 88' lang='lat' dir='ltr'>Vitalis,</span> <span class='ocrx_word' id='word_1_619' title='bbox 1496 1408 1537 1442; x_wconf 86' lang='lat' dir='ltr'>ad</span> <span class='ocrx_word' id='word_1_620' title='bbox 1548 1418 1664 1442; x_wconf 87' lang='lat' dir='ltr'>eorum</span> <span class='ocrx_word' id='word_1_621' title='bbox 1688 1408 1915 1443; x_wconf 86' lang='lat' dir='ltr'>testimonium</span> <span class='ocrx_word' id='word_1_622' title='bbox 1940 1409 2058 1452; x_wconf 84' lang='lat' dir='ltr'>&amp;pre-</span> 
     </span>
     <span class='ocr_line' id='line_1_100' title="bbox 1168 1455 2057 1500; baseline 0.002 -12"><span class='ocrx_word' id='word_1_623' title='bbox 1168 1465 1241 1494; x_wconf 77' lang='lat' dir='ltr'>ceS,</span> <span class='ocrx_word' id='word_1_624' title='bbox 1269 1456 1368 1490; x_wconf 87' lang='lat' dir='ltr'>fuerit</span> <span class='ocrx_word' id='word_1_625' title='bbox 1380 1464 1539 1500; x_wconf 79' lang='lat' dir='ltr'>tanquam</span> <span class='ocrx_word' id='word_1_626' title='bbox 1550 1455 1759 1491; x_wconf 85' lang='lat' dir='ltr'>orthodoxus</span> <span class='ocrx_word' id='word_1_627' title='bbox 1770 1459 1788 1492; x_wconf 74' lang='lat' dir='ltr'>a</span> <span class='ocrx_word' id='word_1_628' title='bbox 1801 1458 1948 1492; x_wconf 82' lang='lat' dir='ltr'>Damaso</span> <span class='ocrx_word' id='word_1_629' title='bbox 1967 1457 2057 1499; x_wconf 80' lang='lat' dir='ltr'>Papa</span> 
     </span>
     <span class='ocr_line' id='line_1_101' title="bbox 1169 1506 2059 1547; baseline 0.002 -10"><span class='ocrx_word' id='word_1_630' title='bbox 1169 1513 1318 1547; x_wconf 88' lang='lat' dir='ltr'>receptus</span> <span class='ocrx_word' id='word_1_631' title='bbox 1332 1506 1367 1539; x_wconf 88' lang='lat' dir='ltr'>in</span> <span class='ocrx_word' id='word_1_632' title='bbox 1380 1507 1678 1540; x_wconf 85' lang='lat' dir='ltr'>communionem.</span> <span class='ocrx_word' id='word_1_633' title='bbox 1710 1508 1863 1542; x_wconf 87' lang='lat' dir='ltr'>Nimiam</span> <span class='ocrx_word' id='word_1_634' title='bbox 1885 1518 1961 1541; x_wconf 89' lang='lat' dir='ltr'>cum</span> <span class='ocrx_word' id='word_1_635' title='bbox 1985 1506 2059 1539; x_wconf 89' lang='lat' dir='ltr'>filio</span> 
     </span>
     <span class='ocr_line' id='line_1_102' title="bbox 1168 1554 2060 1604; baseline 0.006 -18"><span class='ocrx_word' id='word_1_636' title='bbox 1168 1554 1425 1590; x_wconf 87' lang='lat' dir='ltr'>familiaritatem</span> <span class='ocrx_word' id='word_1_637' title='bbox 1450 1555 1576 1600; x_wconf 88' lang='lat' dir='ltr'>scriptis</span> <span class='ocrx_word' id='word_1_638' title='bbox 1609 1557 1710 1591; x_wconf 89' lang='lat' dir='ltr'>etiam</span> <span class='ocrx_word' id='word_1_639' title='bbox 1733 1558 1899 1604; x_wconf 87' lang='lat' dir='ltr'>apologiis</span> <span class='ocrx_word' id='word_1_640' title='bbox 1921 1567 2060 1603; x_wconf 82' lang='lat' dir='ltr'>purgare</span> 
     </span>
     <span class='ocr_line' id='line_1_103' title="bbox 1172 1603 1705 1640; baseline 0.006 -4"><span class='ocrx_word' id='word_1_641' title='bbox 1172 1603 1235 1637; x_wconf 91' lang='lat' dir='ltr'>fuit</span> <span class='ocrx_word' id='word_1_642' title='bbox 1248 1607 1378 1639; x_wconf 62' lang='lat' dir='ltr'>coactus</span> <span class='ocrx_word' id='word_1_643' title='bbox 1400 1607 1538 1639; x_wconf 71' lang='lat' dir='ltr'>Sanctus</span> <span class='ocrx_word' id='word_1_644' title='bbox 1550 1606 1687 1640; x_wconf 82' lang='lat' dir='ltr'>Basilius</span> <span class='ocrx_word' id='word_1_645' title='bbox 1699 1633 1705 1639; x_wconf 89' lang='lat'><em>.</em></span> 
     </span>
    </p>

    <p class='ocr_par' dir='ltr' id='par_1_14' title="bbox 1170 1654 2061 1800">
     <span class='ocr_line' id='line_1_104' title="bbox 1220 1654 2059 1703; baseline 0.011 -18"><span class='ocrx_word' id='word_1_646' title='bbox 1220 1655 1343 1693; x_wconf 78' lang='lat' dir='ltr'>Audio,</span> <span class='ocrx_word' id='word_1_647' title='bbox 1376 1654 1486 1698; x_wconf 90' lang='lat' dir='ltr'>inquit</span> <span class='ocrx_word' id='word_1_648' title='bbox 1512 1656 1546 1689; x_wconf 91' lang='lat' dir='ltr'>in</span> <span class='ocrx_word' id='word_1_649' title='bbox 1584 1655 1730 1699; x_wconf 86' lang='lat' dir='ltr'>Epistola</span> <span class='ocrx_word' id='word_1_650' title='bbox 1752 1658 1792 1692; x_wconf 88' lang='lat' dir='ltr'>ad</span> <span class='ocrx_word' id='word_1_651' title='bbox 1827 1657 2059 1703; x_wconf 79' lang='lat' dir='ltr'>patrophilum</span> 
     </span>
     <span class='ocr_line' id='line_1_105' title="bbox 1170 1702 2061 1751; baseline 0.008 -16"><span class='ocrx_word' id='word_1_652' title='bbox 1170 1702 1330 1747; x_wconf 87' lang='lat' dir='ltr'>AEgenfis</span> <span class='ocrx_word' id='word_1_653' title='bbox 1342 1704 1490 1739; x_wconf 80' lang='lat' dir='ltr'>Ecclefiae</span> <span class='ocrx_word' id='word_1_654' title='bbox 1504 1705 1705 1750; x_wconf 87' lang='lat' dir='ltr'>Episcopum</span> <span class='ocrx_word' id='word_1_655' title='bbox 1717 1733 1727 1748; x_wconf 94' lang='lat'>,</span> <span class='ocrx_word' id='word_1_656' title='bbox 1755 1707 1853 1751; x_wconf 79' lang='lat' dir='ltr'>ipsum</span> <span class='ocrx_word' id='word_1_657' title='bbox 1864 1716 1994 1743; x_wconf 85' lang='lat' dir='ltr'>omnium</span> <span class='ocrx_word' id='word_1_658' title='bbox 2017 1721 2061 1744; x_wconf 83' lang='lat' dir='ltr'>eo-</span> 
     </span>
     <span class='ocr_line' id='line_1_106' title="bbox 1171 1753 2060 1800; baseline 0.011 -16"><span class='ocrx_word' id='word_1_659' title='bbox 1171 1765 1238 1786; x_wconf 81' lang='lat' dir='ltr'>rum</span> <span class='ocrx_word' id='word_1_660' title='bbox 1266 1777 1277 1793; x_wconf 89' lang='lat'>‚</span> <span class='ocrx_word' id='word_1_661' title='bbox 1303 1761 1356 1797; x_wconf 78' lang='lat' dir='ltr'>qui</span> <span class='ocrx_word' id='word_1_662' title='bbox 1377 1753 1466 1789; x_wconf 82' lang='lat' dir='ltr'>libros</span> <span class='ocrx_word' id='word_1_663' title='bbox 1481 1755 1620 1798; x_wconf 75' lang='lat' dir='ltr'>firibunt</span> <span class='ocrx_word' id='word_1_664' title='bbox 1641 1782 1651 1796; x_wconf 89' lang='lat'>,</span> <span class='ocrx_word' id='word_1_665' title='bbox 1678 1758 1899 1800; x_wconf 76' lang='lat' dir='ltr'>verbofisfimum</span> <span class='ocrx_word' id='word_1_666' title='bbox 1921 1786 1927 1792; x_wconf 93' lang='lat'><strong>.</strong></span> <span class='ocrx_word' id='word_1_667' title='bbox 1956 1761 2001 1794; x_wconf 86' lang='lat' dir='ltr'>Et</span> <span class='ocrx_word' id='word_1_668' title='bbox 2024 1761 2060 1794; x_wconf 83' lang='lat' dir='ltr'>in</span> 
     </span>
    </p>
   </div>
   <div class='ocr_carea' id='block_1_12' title="bbox 1172 1790 2217 1848">
    <p class='ocr_par' dir='ltr' id='par_1_15' title="bbox 1172 1790 2217 1848">
     <span class='ocr_line' id='line_1_107' title="bbox 1172 1790 2217 1848; baseline 0.006 -11"><span class='ocrx_word' id='word_1_669' title='bbox 1172 1803 1320 1847; x_wconf 85' lang='lat' dir='ltr'>Epistola</span> <span class='ocrx_word' id='word_1_670' title='bbox 1332 1805 1370 1839; x_wconf 88' lang='lat' dir='ltr'>ad</span> <span class='ocrx_word' id='word_1_671' title='bbox 1388 1804 1571 1848; x_wconf 85' lang='lat' dir='ltr'>Episcopos</span> <span class='ocrx_word' id='word_1_672' title='bbox 1581 1807 1831 1844; x_wconf 86' lang='lat' dir='ltr'>Occidentales:</span> <span class='ocrx_word' id='word_1_673' title='bbox 1862 1812 1944 1844; x_wconf 78' lang='lat' dir='ltr'>Alter</span> <span class='ocrx_word' id='word_1_674' title='bbox 1964 1821 2003 1843; x_wconf 80' lang='lat' dir='ltr'>ex</span> <span class='ocrx_word' id='word_1_675' title='bbox 2026 1812 2062 1843; x_wconf 73' lang='lat' dir='ltr'>tl·</span> <span class='ocrx_word' id='word_1_676' title='bbox 2081 1790 2217 1832; x_wconf 60' lang='lat' dir='ltr'>Epist&#39;n‘</span> 
     </span>
    </p>
   </div>
   <div class='ocr_carea' id='block_1_13' title="bbox 1170 1854 2061 2855">
    <p class='ocr_par' dir='ltr' id='par_1_16' title="bbox 1170 1854 2061 2855">
     <span class='ocr_line' id='line_1_108' title="bbox 1170 1854 2060 1902; baseline 0.009 -17"><span class='ocrx_word' id='word_1_677' title='bbox 1170 1855 1210 1886; x_wconf 84' lang='lat' dir='ltr'>lis</span> <span class='ocrx_word' id='word_1_678' title='bbox 1233 1878 1243 1894; x_wconf 94' lang='lat'>,</span> <span class='ocrx_word' id='word_1_679' title='bbox 1271 1856 1308 1887; x_wconf 88' lang='lat' dir='ltr'>de</span> <span class='ocrx_word' id='word_1_680' title='bbox 1332 1854 1440 1897; x_wconf 82' lang='lat' dir='ltr'>quibus</span> <span class='ocrx_word' id='word_1_681' title='bbox 1464 1868 1520 1889; x_wconf 82' lang='lat' dir='ltr'>vos</span> <span class='ocrx_word' id='word_1_682' title='bbox 1537 1860 1752 1898; x_wconf 71' lang='lat' dir='ltr'>admonemus,</span> <span class='ocrx_word' id='word_1_683' title='bbox 1781 1859 2060 1902; x_wconf 41' lang='lat' dir='ltr'>&amp;Apollinarium</span> 
     </span>
     <span class='ocr_line' id='line_1_109' title="bbox 1170 1903 2061 1949; baseline 0.009 -13"><span class='ocrx_word' id='word_1_684' title='bbox 1170 1903 1372 1945; x_wconf 67' lang='lat' dir='ltr'>baudparscm</span> <span class='ocrx_word' id='word_1_685' title='bbox 1399 1906 1433 1938; x_wconf 79' lang='lat'><em>&amp;</em></span> <span class='ocrx_word' id='word_1_686' title='bbox 1448 1905 1510 1949; x_wconf 74' lang='lat' dir='ltr'>ipfi’</span> <span class='ocrx_word' id='word_1_687' title='bbox 1523 1906 1668 1948; x_wconf 80' lang='lat' dir='ltr'>Ecclestas</span> <span class='ocrx_word' id='word_1_688' title='bbox 1679 1909 1869 1949; x_wconf 73' lang='lat' dir='ltr'>contristans.</span> <span class='ocrx_word' id='word_1_689' title='bbox 1898 1906 2061 1945; x_wconf 69' lang='lat' dir='ltr'>Facilitati</span> 
     </span>
     <span class='ocr_line' id='line_1_110' title="bbox 1171 1954 2060 2005; baseline 0.008 -18"><span class='ocrx_word' id='word_1_690' title='bbox 1171 1966 1301 1996; x_wconf 85' lang='lat' dir='ltr'>namque</span> <span class='ocrx_word' id='word_1_691' title='bbox 1306 1954 1460 1998; x_wconf 79' lang='lat' dir='ltr'>scribendi</span> <span class='ocrx_word' id='word_1_692' title='bbox 1474 1982 1482 1995; x_wconf 91' lang='lat'>,</span> <span class='ocrx_word' id='word_1_693' title='bbox 1510 1969 1571 1999; x_wconf 81' lang='lat' dir='ltr'>qua</span> <span class='ocrx_word' id='word_1_694' title='bbox 1600 1966 1658 1998; x_wconf 84' lang='lat' dir='ltr'>per</span> <span class='ocrx_word' id='word_1_695' title='bbox 1679 1958 1846 1999; x_wconf 80' lang='lat' dir='ltr'>occasionem</span> <span class='ocrx_word' id='word_1_696' title='bbox 1869 1963 1914 1994; x_wconf 87' lang='lat' dir='ltr'>ad</span> <span class='ocrx_word' id='word_1_697' title='bbox 1936 1961 2060 2005; x_wconf 74' lang='lat' dir='ltr'>quosvis</span> 
     </span>
     <span class='ocr_line' id='line_1_111' title="bbox 1171 2006 2059 2055; baseline 0.009 -18"><span class='ocrx_word' id='word_1_698' title='bbox 1171 2010 1300 2046; x_wconf 77' lang='lat' dir='ltr'>irrepit,</span> <span class='ocrx_word' id='word_1_699' title='bbox 1325 2007 1512 2046; x_wconf 69' lang='lat' dir='ltr'>conjuneiam</span> <span class='ocrx_word' id='word_1_700' title='bbox 1525 2006 1639 2040; x_wconf 83' lang='lat' dir='ltr'>babens</span> <span class='ocrx_word' id='word_1_701' title='bbox 1659 2007 1851 2051; x_wconf 82' lang='lat' dir='ltr'>sufficientem</span> <span class='ocrx_word' id='word_1_702' title='bbox 1870 2012 1984 2055; x_wconf 84' lang='lat' dir='ltr'>linguae</span> <span class='ocrx_word' id='word_1_703' title='bbox 2001 2011 2059 2054; x_wconf 81' lang='lat' dir='ltr'>fa-</span> 
     </span>
     <span class='ocr_line' id='line_1_112' title="bbox 1171 2057 2059 2104; baseline 0.008 -16"><span class='ocrx_word' id='word_1_704' title='bbox 1171 2057 1310 2094; x_wconf 72' lang='lat' dir='ltr'>cultatem</span> <span class='ocrx_word' id='word_1_705' title='bbox 1342 2079 1353 2096; x_wconf 92' lang='lat'>,</span> <span class='ocrx_word' id='word_1_706' title='bbox 1389 2057 1486 2091; x_wconf 85' lang='lat' dir='ltr'>orbem</span> <span class='ocrx_word' id='word_1_707' title='bbox 1512 2058 1599 2090; x_wconf 80' lang='lat' dir='ltr'>libris</span> <span class='ocrx_word' id='word_1_708' title='bbox 1614 2057 1683 2100; x_wconf 73' lang='lat' dir='ltr'>sicis</span> <span class='ocrx_word' id='word_1_709' title='bbox 1703 2061 1833 2101; x_wconf 68' lang='lat' dir='ltr'>replevit</span> <span class='ocrx_word' id='word_1_710' title='bbox 1855 2086 1866 2102; x_wconf 90' lang='lat'>,</span> <span class='ocrx_word' id='word_1_711' title='bbox 1893 2070 2059 2104; x_wconf 77' lang='lat' dir='ltr'>contempto</span> 
     </span>
     <span class='ocr_line' id='line_1_113' title="bbox 1174 2104 2058 2154; baseline 0.009 -16"><span class='ocrx_word' id='word_1_712' title='bbox 1174 2104 1360 2147; x_wconf 76' lang='lat' dir='ltr'>Ecclessaeste,</span> <span class='ocrx_word' id='word_1_713' title='bbox 1388 2113 1440 2149; x_wconf 83' lang='lat' dir='ltr'>qui</span> <span class='ocrx_word' id='word_1_714' title='bbox 1452 2110 1622 2140; x_wconf 84' lang='lat' dir='ltr'>cavendum</span> <span class='ocrx_word' id='word_1_715' title='bbox 1632 2109 1683 2152; x_wconf 85' lang='lat' dir='ltr'>effe</span> <span class='ocrx_word' id='word_1_716' title='bbox 1694 2110 1791 2150; x_wconf 77' lang='lat' dir='ltr'>dicit,</span> <span class='ocrx_word' id='word_1_717' title='bbox 1820 2122 1857 2144; x_wconf 88' lang='lat' dir='ltr'>ne</span> <span class='ocrx_word' id='word_1_718' title='bbox 1871 2112 1960 2144; x_wconf 79' lang='lat' dir='ltr'>multi</span> <span class='ocrx_word' id='word_1_719' title='bbox 1976 2112 2058 2154; x_wconf 79' lang='lat' dir='ltr'>fiant</span> 
     </span>
     <span class='ocr_line' id='line_1_114' title="bbox 1171 2155 2059 2204; baseline 0.007 -14"><span class='ocrx_word' id='word_1_720' title='bbox 1171 2155 1241 2190; x_wconf 71' lang='lat' dir='ltr'>libri</span> <span class='ocrx_word' id='word_1_721' title='bbox 1252 2180 1259 2187; x_wconf 93' lang='lat'><strong>.</strong></span> <span class='ocrx_word' id='word_1_722' title='bbox 1284 2159 1323 2188; x_wconf 81' lang='grc' dir='ltr'>1η</span> <span class='ocrx_word' id='word_1_723' title='bbox 1336 2158 1527 2191; x_wconf 82' lang='lat' dir='ltr'>multitudine</span> <span class='ocrx_word' id='word_1_724' title='bbox 1538 2167 1637 2191; x_wconf 81' lang='lat' dir='ltr'>autem</span> <span class='ocrx_word' id='word_1_725' title='bbox 1649 2167 1761 2193; x_wconf 85' lang='lat' dir='ltr'>certum</span> <span class='ocrx_word' id='word_1_726' title='bbox 1773 2161 1811 2201; x_wconf 64' lang='lat' dir='ltr'>cst</span> <span class='ocrx_word' id='word_1_727' title='bbox 1822 2185 1832 2201; x_wconf 92' lang='lat'>,</span> <span class='ocrx_word' id='word_1_728' title='bbox 1859 2163 1942 2204; x_wconf 69' lang='lat' dir='ltr'>quod</span> <span class='ocrx_word' id='word_1_729' title='bbox 1962 2163 2059 2196; x_wconf 75' lang='lat' dir='ltr'>multa</span> 
     </span>
     <span class='ocr_line' id='line_1_115' title="bbox 1172 2207 2058 2255; baseline 0.007 -15"><span class='ocrx_word' id='word_1_730' title='bbox 1172 2207 1389 2248; x_wconf 71' lang='lat' dir='ltr'>delinquuntur</span> <span class='ocrx_word' id='word_1_731' title='bbox 1401 2232 1408 2239; x_wconf 91' lang='lat'><strong>.</strong></span> <span class='ocrx_word' id='word_1_732' title='bbox 1435 2211 1523 2241; x_wconf 86' lang='lat' dir='ltr'>Nam</span> <span class='ocrx_word' id='word_1_733' title='bbox 1547 2211 1687 2251; x_wconf 87' lang='lat' dir='ltr'>quomodo</span> <span class='ocrx_word' id='word_1_734' title='bbox 1703 2211 1798 2251; x_wconf 79' lang='lat' dir='ltr'>potest</span> <span class='ocrx_word' id='word_1_735' title='bbox 1820 2217 1854 2243; x_wconf 82' lang='lat' dir='ltr'>in</span> <span class='ocrx_word' id='word_1_736' title='bbox 1875 2213 2058 2255; x_wconf 82' lang='lat' dir='ltr'>multiloquio</span> 
     </span>
     <span class='ocr_line' id='line_1_116' title="bbox 1172 2258 2057 2303; baseline 0.006 -13"><span class='ocrx_word' id='word_1_737' title='bbox 1172 2262 1271 2290; x_wconf 81' lang='lat' dir='ltr'>vitari</span> <span class='ocrx_word' id='word_1_738' title='bbox 1288 2258 1470 2298; x_wconf 80' lang='lat' dir='ltr'>peccatum?</span> <span class='ocrx_word' id='word_1_739' title='bbox 1496 2259 1573 2291; x_wconf 78' lang='lat' dir='ltr'>Sunt</span> <span class='ocrx_word' id='word_1_740' title='bbox 1596 2263 1667 2293; x_wconf 73' lang='lat' dir='ltr'>vero</span> <span class='ocrx_word' id='word_1_741' title='bbox 1685 2283 1696 2299; x_wconf 92' lang='lat'>,</span> <span class='ocrx_word' id='word_1_742' title='bbox 1722 2272 1790 2302; x_wconf 85' lang='lat' dir='ltr'>quae</span> <span class='ocrx_word' id='word_1_743' title='bbox 1808 2259 1936 2303; x_wconf 80' lang='lat' dir='ltr'>scribit,</span> <span class='ocrx_word' id='word_1_744' title='bbox 1962 2268 2057 2296; x_wconf 83' lang='lat' dir='ltr'>etiam</span> 
     </span>
     <span class='ocr_line' id='line_1_117' title="bbox 1172 2306 2059 2354; baseline 0.007 -15"><span class='ocrx_word' id='word_1_745' title='bbox 1172 2307 1216 2340; x_wconf 83' lang='lat' dir='ltr'>ad</span> <span class='ocrx_word' id='word_1_746' title='bbox 1226 2306 1412 2351; x_wconf 83' lang='lat' dir='ltr'>Theologiam</span> <span class='ocrx_word' id='word_1_747' title='bbox 1427 2313 1638 2350; x_wconf 79' lang='lat' dir='ltr'>pertinentia,</span> <span class='ocrx_word' id='word_1_748' title='bbox 1666 2321 1724 2343; x_wconf 89' lang='lat' dir='ltr'>non</span> <span class='ocrx_word' id='word_1_749' title='bbox 1745 2323 1783 2344; x_wconf 84' lang='lat' dir='ltr'>ex</span> <span class='ocrx_word' id='word_1_750' title='bbox 1806 2313 1969 2354; x_wconf 67' lang='lat' dir='ltr'>Scriptum</span> <span class='ocrx_word' id='word_1_751' title='bbox 1987 2320 2059 2354; x_wconf 83' lang='lat' dir='ltr'>pro-</span> 
     </span>
     <span class='ocr_line' id='line_1_118' title="bbox 1172 2356 2057 2404; baseline 0.008 -15"><span class='ocrx_word' id='word_1_752' title='bbox 1172 2356 1362 2399; x_wconf 77' lang='lat' dir='ltr'>bationibus,</span> <span class='ocrx_word' id='word_1_753' title='bbox 1386 2357 1447 2401; x_wconf 85' lang='lat' dir='ltr'>sed</span> <span class='ocrx_word' id='word_1_754' title='bbox 1467 2371 1506 2392; x_wconf 77' lang='lat' dir='ltr'>ex</span> <span class='ocrx_word' id='word_1_755' title='bbox 1517 2358 1658 2393; x_wconf 70' lang='lat' dir='ltr'>humanis</span> <span class='ocrx_word' id='word_1_756' title='bbox 1679 2368 1865 2404; x_wconf 75' lang='lat' dir='ltr'>argumentis</span> <span class='ocrx_word' id='word_1_757' title='bbox 1888 2361 2057 2403; x_wconf 57' lang='lat' dir='ltr'>adstruan-</span> 
     </span>
     <span class='ocr_line' id='line_1_119' title="bbox 1173 2407 2056 2456; baseline 0.007 -16"><span class='ocrx_word' id='word_1_758' title='bbox 1173 2419 1240 2447; x_wconf 81' lang='lat' dir='ltr'>nem</span> <span class='ocrx_word' id='word_1_759' title='bbox 1249 2407 1412 2442; x_wconf 80' lang='lat' dir='ltr'>habentia.</span> <span class='ocrx_word' id='word_1_760' title='bbox 1442 2409 1470 2442; x_wconf 85' lang='lat' dir='ltr'>F</span> <span class='ocrx_word' id='word_1_761' title='bbox 1473 2409 1550 2443; x_wconf 79' lang='lat' dir='ltr'>uiffe</span> <span class='ocrx_word' id='word_1_762' title='bbox 1574 2412 1611 2446; x_wconf 78' lang='lat' dir='ltr'>de</span> <span class='ocrx_word' id='word_1_763' title='bbox 1627 2410 1770 2444; x_wconf 81' lang='lat' dir='ltr'>librorum</span> <span class='ocrx_word' id='word_1_764' title='bbox 1790 2417 1873 2453; x_wconf 74' lang='lat' dir='ltr'>copta</span> <span class='ocrx_word' id='word_1_765' title='bbox 1891 2414 2056 2456; x_wconf 78' lang='lat' dir='ltr'>gloriatum</span> 
     </span>
     <span class='ocr_line' id='line_1_120' title="bbox 1175 2457 2057 2506; baseline 0.008 -16"><span class='ocrx_word' id='word_1_766' title='bbox 1175 2457 1284 2491; x_wconf 90' lang='lat' dir='ltr'>scribit</span> <span class='ocrx_word' id='word_1_767' title='bbox 1305 2458 1338 2491; x_wconf 89' lang='lat' dir='ltr'>in</span> <span class='ocrx_word' id='word_1_768' title='bbox 1363 2458 1468 2501; x_wconf 89' lang='lat' dir='ltr'>prima</span> <span class='ocrx_word' id='word_1_769' title='bbox 1493 2459 1533 2492; x_wconf 91' lang='lat' dir='ltr'>ad</span> <span class='ocrx_word' id='word_1_770' title='bbox 1557 2460 1760 2495; x_wconf 89' lang='lat' dir='ltr'>Cledonium</span> <span class='ocrx_word' id='word_1_771' title='bbox 1787 2462 1934 2506; x_wconf 86' lang='lat' dir='ltr'>Epistola</span> <span class='ocrx_word' id='word_1_772' title='bbox 1954 2465 2057 2497; x_wconf 90' lang='lat' dir='ltr'>etiam</span> 
     </span>
     <span class='ocr_line' id='line_1_121' title="bbox 1174 2507 2056 2556; baseline 0.007 -15"><span class='ocrx_word' id='word_1_773' title='bbox 1174 2507 1355 2552; x_wconf 85' lang='lat' dir='ltr'>Gregorius</span> <span class='ocrx_word' id='word_1_774' title='bbox 1379 2508 1614 2543; x_wconf 86' lang='lat' dir='ltr'>Nazianzenus</span> <span class='ocrx_word' id='word_1_775' title='bbox 1637 2535 1643 2542; x_wconf 90' lang='lat'><strong>.</strong></span> <span class='ocrx_word' id='word_1_776' title='bbox 1685 2510 1811 2545; x_wconf 69' lang='lat' dir='ltr'>Austor</span> <span class='ocrx_word' id='word_1_777' title='bbox 1840 2512 2056 2556; x_wconf 82' lang='lat' dir='ltr'>incognitus,</span> 
     </span>
     <span class='ocr_line' id='line_1_122' title="bbox 1174 2557 2056 2603; baseline 0.006 -12"><span class='ocrx_word' id='word_1_778' title='bbox 1174 2557 1209 2591; x_wconf 92' lang='lat' dir='ltr'>in</span> <span class='ocrx_word' id='word_1_779' title='bbox 1232 2558 1362 2595; x_wconf 87' lang='lat' dir='ltr'>laudata</span> <span class='ocrx_word' id='word_1_780' title='bbox 1386 2560 1530 2602; x_wconf 77' lang='lat' dir='ltr'>superius</span> <span class='ocrx_word' id='word_1_781' title='bbox 1553 2560 1683 2593; x_wconf 78' lang='lat' dir='ltr'>Damasi</span> <span class='ocrx_word' id='word_1_782' title='bbox 1696 2560 1871 2595; x_wconf 83' lang='lat' dir='ltr'>Pontificis</span> <span class='ocrx_word' id='word_1_783' title='bbox 1892 2563 1980 2603; x_wconf 84' lang='lat' dir='ltr'>vita,</span> <span class='ocrx_word' id='word_1_784' title='bbox 2008 2563 2056 2596; x_wconf 86' lang='lat' dir='ltr'>ait</span> 
     </span>
     <span class='ocr_line' id='line_1_123' title="bbox 1172 2607 2054 2654; baseline 0.003 -13"><span class='ocrx_word' id='word_1_785' title='bbox 1172 2608 1267 2642; x_wconf 73' lang='lat' dir='ltr'>fuisse</span> <span class='ocrx_word' id='word_1_786' title='bbox 1280 2614 1382 2641; x_wconf 77' lang='lat' dir='ltr'>virum</span> <span class='ocrx_word' id='word_1_787' title='bbox 1387 2607 1465 2652; x_wconf 67' lang='lat' dir='ltr'>san?</span> <span class='ocrx_word' id='word_1_788' title='bbox 1475 2615 1554 2643; x_wconf 74' lang='lat' dir='ltr'>inter</span> <span class='ocrx_word' id='word_1_789' title='bbox 1563 2619 1684 2643; x_wconf 81' lang='lat' dir='ltr'>caeteros</span> <span class='ocrx_word' id='word_1_790' title='bbox 1696 2611 1869 2651; x_wconf 74' lang='lat' dir='ltr'>instruc‘i&#39;um</span> <span class='ocrx_word' id='word_1_791' title='bbox 1881 2637 1889 2652; x_wconf 94' lang='lat'>,</span> <span class='ocrx_word' id='word_1_792' title='bbox 1911 2611 1971 2654; x_wconf 82' lang='lat' dir='ltr'>sed</span> <span class='ocrx_word' id='word_1_793' title='bbox 1991 2623 2054 2645; x_wconf 83' lang='lat' dir='ltr'>con-</span> 
     </span>
     <span class='ocr_line' id='line_1_124' title="bbox 1171 2662 2054 2703; baseline 0.002 -11"><span class='ocrx_word' id='word_1_794' title='bbox 1171 2664 1314 2692; x_wconf 79' lang='lat' dir='ltr'>tentionis</span> <span class='ocrx_word' id='word_1_795' title='bbox 1335 2664 1411 2691; x_wconf 65' lang='lat' dir='ltr'>vino</span> <span class='ocrx_word' id='word_1_796' title='bbox 1434 2666 1525 2692; x_wconf 79' lang='lat' dir='ltr'>nimis</span> <span class='ocrx_word' id='word_1_797' title='bbox 1547 2666 1697 2703; x_wconf 77' lang='lat' dir='ltr'>agitatum</span> <span class='ocrx_word' id='word_1_798' title='bbox 1711 2686 1720 2700; x_wconf 91' lang='lat'>,</span> <span class='ocrx_word' id='word_1_799' title='bbox 1749 2663 1783 2694; x_wconf 70' lang='lat'>(⁷5</span> <span class='ocrx_word' id='word_1_800' title='bbox 1796 2662 1946 2694; x_wconf 76' lang='lat' dir='ltr'>adversus</span> <span class='ocrx_word' id='word_1_801' title='bbox 1969 2674 2054 2695; x_wconf 81' lang='lat' dir='ltr'>omne</span> 
     </span>
     <span class='ocr_line' id='line_1_125' title="bbox 1172 2707 2055 2751; baseline 0.003 -10"><span class='ocrx_word' id='word_1_802' title='bbox 1172 2709 1254 2751; x_wconf 77' lang='lat' dir='ltr'>quod</span> <span class='ocrx_word' id='word_1_803' title='bbox 1260 2707 1382 2751; x_wconf 84' lang='lat' dir='ltr'>quisque</span> <span class='ocrx_word' id='word_1_804' title='bbox 1392 2710 1529 2750; x_wconf 79' lang='lat' dir='ltr'>dixerit,</span> <span class='ocrx_word' id='word_1_805' title='bbox 1557 2710 1677 2745; x_wconf 83' lang='lat' dir='ltr'>obvium</span> <span class='ocrx_word' id='word_1_806' title='bbox 1690 2716 1734 2743; x_wconf 84' lang='lat' dir='ltr'>ire</span> <span class='ocrx_word' id='word_1_807' title='bbox 1753 2711 1951 2751; x_wconf 51' lang='lat' dir='ltr'>delfinum,</span> <span class='ocrx_word' id='word_1_808' title='bbox 1979 2713 2055 2744; x_wconf 75' lang='lat' dir='ltr'>ideo-</span> 
     </span>
     <span class='ocr_line' id='line_1_126' title="bbox 1172 2759 2054 2802; baseline 0.003 -10"><span class='ocrx_word' id='word_1_809' title='bbox 1172 2770 1229 2801; x_wconf 84' lang='lat' dir='ltr'>que</span> <span class='ocrx_word' id='word_1_810' title='bbox 1248 2770 1287 2794; x_wconf 82' lang='lat' dir='ltr'>ex</span> <span class='ocrx_word' id='word_1_811' title='bbox 1303 2765 1491 2793; x_wconf 78' lang='lat' dir='ltr'>contentione</span> <span class='ocrx_word' id='word_1_812' title='bbox 1518 2759 1652 2802; x_wconf 81' lang='lat' dir='ltr'>lapsum.</span> <span class='ocrx_word' id='word_1_813' title='bbox 1680 2760 1824 2795; x_wconf 85' lang='lat' dir='ltr'>Aeacius</span> <span class='ocrx_word' id='word_1_814' title='bbox 1844 2760 2054 2796; x_wconf 78' lang='lat' dir='ltr'>Berrhaeenfis</span> 
     </span>
     <span class='ocr_line' id='line_1_127' title="bbox 1172 2809 2053 2855; baseline 0.005 -13"><span class='ocrx_word' id='word_1_815' title='bbox 1172 2809 1352 2852; x_wconf 89' lang='lat' dir='ltr'>Episcopus</span> <span class='ocrx_word' id='word_1_816' title='bbox 1378 2834 1388 2849; x_wconf 94' lang='lat'>,</span> <span class='ocrx_word' id='word_1_817' title='bbox 1424 2809 1460 2842; x_wconf 87' lang='lat' dir='ltr'>in</span> <span class='ocrx_word' id='word_1_818' title='bbox 1487 2809 1605 2843; x_wconf 87' lang='lat' dir='ltr'>litteris</span> <span class='ocrx_word' id='word_1_819' title='bbox 1630 2810 1671 2848; x_wconf 81' lang='lat' dir='ltr'>ad</span> <span class='ocrx_word' id='word_1_820' title='bbox 1697 2812 1849 2844; x_wconf 69' lang='lat' dir='ltr'>Sanctum</span> <span class='ocrx_word' id='word_1_821' title='bbox 1885 2811 2053 2855; x_wconf 85' lang='lat' dir='ltr'>Cyrillum</span> 
     </span>
    </p>
   </div>
   <div class='ocr_carea' id='block_1_14' title="bbox 1171 2859 2225 2904">
    <p class='ocr_par' dir='ltr' id='par_1_17' title="bbox 1171 2859 2225 2904">
     <span class='ocr_line' id='line_1_128' title="bbox 1171 2859 2225 2904; baseline 0.006 -11"><span class='ocrx_word' id='word_1_822' title='bbox 1171 2859 1436 2894; x_wconf 79' lang='lat' dir='ltr'>Alexandrinum</span> <span class='ocrx_word' id='word_1_823' title='bbox 1449 2884 1459 2899; x_wconf 94' lang='lat'>,</span> <span class='ocrx_word' id='word_1_824' title='bbox 1486 2860 1572 2893; x_wconf 90' lang='lat' dir='ltr'>inter</span> <span class='ocrx_word' id='word_1_825' title='bbox 1583 2860 1710 2904; x_wconf 87' lang='lat' dir='ltr'>Synodi</span> <span class='ocrx_word' id='word_1_826' title='bbox 1724 2859 1890 2904; x_wconf 82' lang='lat' dir='ltr'>Ephefinae</span> <span class='ocrx_word' id='word_1_827' title='bbox 1909 2864 1975 2896; x_wconf 64' lang='lat' dir='ltr'>afta</span> <span class='ocrx_word' id='word_1_828' title='bbox 1999 2874 2055 2896; x_wconf 83' lang='lat' dir='ltr'>ex-</span> <span class='ocrx_word' id='word_1_829' title='bbox 2072 2861 2131 2890; x_wconf 62' lang='grc' dir='ltr'>[Λ-</span> <span class='ocrx_word' id='word_1_830' title='bbox 2148 2870 2225 2899; x_wconf 69' lang='lat'>023·</span> 
     </span>
    </p>
   </div>
   <div class='ocr_carea' id='block_1_15' title="bbox 1169 2905 2054 3554">
    <p class='ocr_par' dir='ltr' id='par_1_18' title="bbox 1169 2905 2054 3554">
     <span class='ocr_line' id='line_1_129' title="bbox 1170 2905 2053 2956; baseline 0.005 -14"><span class='ocrx_word' id='word_1_831' title='bbox 1170 2909 1350 2950; x_wconf 85' lang='lat' dir='ltr'>stantibus,</span> <span class='ocrx_word' id='word_1_832' title='bbox 1378 2910 1471 2943; x_wconf 79' lang='lat' dir='ltr'>fuisse</span> <span class='ocrx_word' id='word_1_833' title='bbox 1482 2905 1789 2955; x_wconf 84' lang='lat' dir='ltr'>scribitinfignem,</span> <span class='ocrx_word' id='word_1_834' title='bbox 1819 2912 1872 2945; x_wconf 90' lang='lat' dir='ltr'>sed</span> <span class='ocrx_word' id='word_1_835' title='bbox 1898 2912 2053 2956; x_wconf 66' lang='lat' dir='ltr'>inutilem</span> 
     </span>
     <span class='ocr_line' id='line_1_130' title="bbox 1169 2960 2054 3004; baseline 0.003 -11"><span class='ocrx_word' id='word_1_836' title='bbox 1169 2960 1426 3003; x_wconf 88' lang='lat' dir='ltr'>disputatorem,</span> <span class='ocrx_word' id='word_1_837' title='bbox 1452 2961 1507 3003; x_wconf 85' lang='lat' dir='ltr'>qui</span> <span class='ocrx_word' id='word_1_838' title='bbox 1522 2960 1658 3004; x_wconf 88' lang='lat' dir='ltr'>ingenio</span> <span class='ocrx_word' id='word_1_839' title='bbox 1671 2961 1814 2996; x_wconf 74' lang='lat' dir='ltr'>nimium</span> <span class='ocrx_word' id='word_1_840' title='bbox 1838 2962 1914 2995; x_wconf 86' lang='lat' dir='ltr'>fisus</span> <span class='ocrx_word' id='word_1_841' title='bbox 1937 2962 2054 2996; x_wconf 86' lang='lat' dir='ltr'>inflan-</span> 
     </span>
     <span class='ocr_line' id='line_1_131' title="bbox 1170 3008 2054 3055; baseline 0.005 -12"><span class='ocrx_word' id='word_1_842' title='bbox 1170 3019 1237 3043; x_wconf 86' lang='lat' dir='ltr'>tem</span> <span class='ocrx_word' id='word_1_843' title='bbox 1248 3010 1415 3055; x_wconf 78' lang='lat' dir='ltr'>signorum</span> <span class='ocrx_word' id='word_1_844' title='bbox 1439 3010 1607 3045; x_wconf 85' lang='lat' dir='ltr'>scientiam</span> <span class='ocrx_word' id='word_1_845' title='bbox 1622 3035 1632 3050; x_wconf 88' lang='lat'>‚</span> <span class='ocrx_word' id='word_1_846' title='bbox 1659 3008 1791 3054; x_wconf 80' lang='lat' dir='ltr'>ejusque</span> <span class='ocrx_word' id='word_1_847' title='bbox 1812 3011 1942 3046; x_wconf 86' lang='lat' dir='ltr'>dolosas</span> <span class='ocrx_word' id='word_1_848' title='bbox 1961 3011 2054 3047; x_wconf 88' lang='lat' dir='ltr'>tech-</span> 
     </span>
     <span class='ocr_line' id='line_1_132' title="bbox 1171 3060 2051 3107; baseline 0.006 -15"><span class='ocrx_word' id='word_1_849' title='bbox 1171 3071 1228 3093; x_wconf 84' lang='lat' dir='ltr'>nas</span> <span class='ocrx_word' id='word_1_850' title='bbox 1244 3084 1254 3099; x_wconf 93' lang='lat'>,</span> <span class='ocrx_word' id='word_1_851' title='bbox 1279 3060 1571 3093; x_wconf 76' lang='lat' dir='ltr'>aedificantirerum</span> <span class='ocrx_word' id='word_1_852' title='bbox 1590 3060 1752 3103; x_wconf 84' lang='lat' dir='ltr'>sapientiae</span> <span class='ocrx_word' id='word_1_853' title='bbox 1773 3062 1925 3103; x_wconf 87' lang='lat' dir='ltr'>miscuit,</span> <span class='ocrx_word' id='word_1_854' title='bbox 1951 3073 2051 3107; x_wconf 85' lang='lat' dir='ltr'>atque</span> 
     </span>
     <span class='ocr_line' id='line_1_133' title="bbox 1169 3108 2048 3153; baseline 0.001 -9"><span class='ocrx_word' id='word_1_855' title='bbox 1169 3110 1215 3148; x_wconf 78' lang='lat' dir='ltr'>lta</span> <span class='ocrx_word' id='word_1_856' title='bbox 1236 3110 1415 3153; x_wconf 80' lang='lat' dir='ltr'>simplicem</span> <span class='ocrx_word' id='word_1_857' title='bbox 1439 3108 1562 3144; x_wconf 81' lang='lat' dir='ltr'>Christi</span> <span class='ocrx_word' id='word_1_858' title='bbox 1586 3110 1686 3146; x_wconf 87' lang='lat' dir='ltr'>fidem</span> <span class='ocrx_word' id='word_1_859' title='bbox 1705 3111 1844 3149; x_wconf 88' lang='lat' dir='ltr'>foedavit</span> <span class='ocrx_word' id='word_1_860' title='bbox 1869 3113 1902 3146; x_wconf 73' lang='grc' dir='ltr'>δε</span> <span class='ocrx_word' id='word_1_861' title='bbox 1924 3113 2048 3152; x_wconf 79' lang='lat' dir='ltr'>amisit.</span> 
     </span>
     <span class='ocr_line' id='line_1_134' title="bbox 1170 3159 2047 3207; baseline 0.003 -14"><span class='ocrx_word' id='word_1_862' title='bbox 1170 3159 1273 3206; x_wconf 84' lang='lat' dir='ltr'>Qod</span> <span class='ocrx_word' id='word_1_863' title='bbox 1286 3161 1390 3203; x_wconf 87' lang='lat' dir='ltr'>ipsum</span> <span class='ocrx_word' id='word_1_864' title='bbox 1412 3159 1447 3194; x_wconf 90' lang='lat' dir='ltr'>in</span> <span class='ocrx_word' id='word_1_865' title='bbox 1459 3161 1543 3193; x_wconf 89' lang='lat' dir='ltr'>Ario</span> <span class='ocrx_word' id='word_1_866' title='bbox 1570 3160 1811 3195; x_wconf 86' lang='lat' dir='ltr'>Constantinus</span> <span class='ocrx_word' id='word_1_867' title='bbox 1822 3174 1983 3207; x_wconf 80' lang='lat' dir='ltr'>magnus,</span> <span class='ocrx_word' id='word_1_868' title='bbox 2011 3163 2047 3196; x_wconf 90' lang='lat' dir='ltr'>in</span> 
     </span>
     <span class='ocr_line' id='line_1_135' title="bbox 1170 3209 2046 3256; baseline 0.005 -14"><span class='ocrx_word' id='word_1_869' title='bbox 1170 3209 1311 3244; x_wconf 86' lang='lat' dir='ltr'>Paulino</span> <span class='ocrx_word' id='word_1_870' title='bbox 1335 3209 1530 3253; x_wconf 88' lang='lat' dir='ltr'>Presbytero</span> <span class='ocrx_word' id='word_1_871' title='bbox 1553 3210 1737 3252; x_wconf 80' lang='lat' dir='ltr'>Edeffeno,</span> <span class='ocrx_word' id='word_1_872' title='bbox 1764 3212 1858 3246; x_wconf 90' lang='lat' dir='ltr'>Beati</span> <span class='ocrx_word' id='word_1_873' title='bbox 1883 3211 2046 3256; x_wconf 84' lang='lat' dir='ltr'>Ephreem</span> 
     </span>
     <span class='ocr_line' id='line_1_136' title="bbox 1172 3259 2046 3302; baseline 0.003 -9"><span class='ocrx_word' id='word_1_874' title='bbox 1172 3259 1512 3302; x_wconf 66' lang='lat' dir='ltr'>Diaconidiscipub,</span> <span class='ocrx_word' id='word_1_875' title='bbox 1542 3260 1739 3296; x_wconf 86' lang='lat' dir='ltr'>Gennadius</span> <span class='ocrx_word' id='word_1_876' title='bbox 1750 3262 1983 3302; x_wconf 77' lang='lat' dir='ltr'>Massiliensis,</span> <span class='ocrx_word' id='word_1_877' title='bbox 2008 3263 2046 3296; x_wconf 88' lang='lat' dir='ltr'>in</span> 
     </span>
     <span class='ocr_line' id='line_1_137' title="bbox 1170 3310 2046 3355; baseline 0 -11"><span class='ocrx_word' id='word_1_878' title='bbox 1170 3310 1325 3344; x_wconf 82' lang='lat' dir='ltr'>Nestorio</span> <span class='ocrx_word' id='word_1_879' title='bbox 1337 3311 1470 3353; x_wconf 58' lang='lat' dir='ltr'>Sanctus</span> <span class='ocrx_word' id='word_1_880' title='bbox 1482 3310 1647 3355; x_wconf 82' lang='lat' dir='ltr'>Cyrillus,</span> <span class='ocrx_word' id='word_1_881' title='bbox 1674 3312 1708 3347; x_wconf 91' lang='lat' dir='ltr'>in</span> <span class='ocrx_word' id='word_1_882' title='bbox 1733 3312 1917 3355; x_wconf 90' lang='lat' dir='ltr'>Eutychete</span> <span class='ocrx_word' id='word_1_883' title='bbox 1931 3313 2046 3347; x_wconf 80' lang='lat' dir='ltr'>Petrus</span> 
     </span>
     <span class='ocr_line' id='line_1_138' title="bbox 1170 3359 2045 3406; baseline 0.001 -13"><span class='ocrx_word' id='word_1_884' title='bbox 1170 3359 1399 3406; x_wconf 83' lang='lat' dir='ltr'>Chrysologus</span> <span class='ocrx_word' id='word_1_885' title='bbox 1420 3386 1430 3401; x_wconf 92' lang='lat'>‚</span> <span class='ocrx_word' id='word_1_886' title='bbox 1469 3361 1502 3394; x_wconf 93' lang='lat' dir='ltr'>in</span> <span class='ocrx_word' id='word_1_887' title='bbox 1529 3359 1767 3396; x_wconf 87' lang='lat' dir='ltr'>Monothelitis</span> <span class='ocrx_word' id='word_1_888' title='bbox 1805 3362 2045 3396; x_wconf 79' lang='lat' dir='ltr'>Constantinus</span> 
     </span>
     <span class='ocr_line' id='line_1_139' title="bbox 1169 3410 2045 3454; baseline 0.001 -11"><span class='ocrx_word' id='word_1_889' title='bbox 1169 3421 1299 3454; x_wconf 87' lang='lat' dir='ltr'>quartus</span> <span class='ocrx_word' id='word_1_890' title='bbox 1311 3435 1321 3451; x_wconf 94' lang='lat'>,</span> <span class='ocrx_word' id='word_1_891' title='bbox 1347 3412 1381 3445; x_wconf 90' lang='lat' dir='ltr'>in</span> <span class='ocrx_word' id='word_1_892' title='bbox 1395 3411 1494 3445; x_wconf 86' lang='lat' dir='ltr'>Petro</span> <span class='ocrx_word' id='word_1_893' title='bbox 1511 3410 1695 3445; x_wconf 82' lang='lat' dir='ltr'>Abaelardo</span> <span class='ocrx_word' id='word_1_894' title='bbox 1707 3422 1801 3447; x_wconf 89' lang='lat' dir='ltr'>notat</span> <span class='ocrx_word' id='word_1_895' title='bbox 1826 3413 1957 3447; x_wconf 67' lang='lat' dir='ltr'>Sanetus</span> <span class='ocrx_word' id='word_1_896' title='bbox 1970 3412 2045 3445; x_wconf 85' lang='lat' dir='ltr'>Ber-</span> 
     </span>
     <span class='ocr_line' id='line_1_140' title="bbox 1172 3460 2045 3512; baseline -0.001 -18"><span class='ocrx_word' id='word_1_897' title='bbox 1172 3460 1307 3494; x_wconf 85' lang='lat' dir='ltr'>nardus.</span> <span class='ocrx_word' id='word_1_898' title='bbox 1334 3461 1385 3495; x_wconf 88' lang='lat' dir='ltr'>lbi</span> <span class='ocrx_word' id='word_1_899' title='bbox 1404 3461 1594 3498; x_wconf 84' lang='lat' dir='ltr'>ceciderunt</span> <span class='ocrx_word' id='word_1_900' title='bbox 1612 3472 1739 3511; x_wconf 28' lang='lat' dir='ltr'>omnes·</span> <span class='ocrx_word' id='word_1_901' title='bbox 1754 3487 1764 3503; x_wconf 93' lang='lat'>,</span> <span class='ocrx_word' id='word_1_902' title='bbox 1791 3463 1848 3512; x_wconf 79' lang='lat' dir='ltr'>qui</span> <span class='ocrx_word' id='word_1_903' title='bbox 1869 3472 2045 3506; x_wconf 84' lang='lat' dir='ltr'>operantur</span> 
     </span>
     <span class='ocr_line' id='line_1_141' title="bbox 1169 3511 1998 3554; baseline 0.001 -9"><span class='ocrx_word' id='word_1_904' title='bbox 1169 3512 1379 3554; x_wconf 86' lang='lat' dir='ltr'>iniquitatem</span> <span class='ocrx_word' id='word_1_905' title='bbox 1392 3536 1398 3543; x_wconf 95' lang='lat'>.</span> <span class='ocrx_word' id='word_1_906' title='bbox 1734 3511 1737 3514; x_wconf 69' lang='lat'><em>&#39;</em></span> <span class='ocrx_word' id='word_1_907' title='bbox 1937 3512 1998 3547; x_wconf 80' lang='lat' dir='ltr'>Ca-</span> 
     </span>
    </p>
   </div>
   <div class='ocr_carea' id='block_1_16' title="bbox 2061 229 2217 265">
    <p class='ocr_par' dir='ltr' id='par_1_19' title="bbox 2061 229 2217 265">
     <span class='ocr_line' id='line_1_142' title="bbox 2061 229 2217 265; baseline -0.013 0"><span class='ocrx_word' id='word_1_908' title='bbox 2061 232 2122 265; x_wconf 81' lang='lat' dir='ltr'>Lz·</span> <span class='ocrx_word' id='word_1_909' title='bbox 2142 229 2217 265; x_wconf 53' lang='grc' dir='ltr'>οὐ.</span> 
     </span>
    </p>
   </div>
   <div class='ocr_carea' id='block_1_17' title="bbox 2078 1633 2218 1674">
    <p class='ocr_par' dir='ltr' id='par_1_20' title="bbox 2078 1633 2218 1674">
     <span class='ocr_line' id='line_1_143' title="bbox 2078 1633 2218 1674; baseline 0.014 -8"><span class='ocrx_word' id='word_1_910' title='bbox 2078 1633 2218 1674; x_wconf 59' lang='lat' dir='ltr'>§pistari</span> 
     </span>
    </p>
   </div>
  </div>
 </body>
</html>
