<?xml version="1.0" encoding="UTF-8"?>
<!DOCTYPE html PUBLIC "-//W3C//DTD XHTML 1.0 Transitional//EN"
    "http://www.w3.org/TR/xhtml1/DTD/xhtml1-transitional.dtd">
<html xmlns="http://www.w3.org/1999/xhtml" xml:lang="en" lang="en">
 <head>
  <title>
</title>
<meta http-equiv="Content-Type" content="text/html;charset=utf-8" />
  <meta name='ocr-system' content='tesseract 3.04.00' />
  <meta name='ocr-capabilities' content='ocr_page ocr_carea ocr_par ocr_line ocrx_word'/>
</head>
<body>
  <div class='ocr_page' id='page_1' title='image "./operaomniastudio01lupuuoft_0110.png"; bbox 0 0 2346 3776; ppageno 0'>
   <div class='ocr_carea' id='block_1_1' title="bbox 360 71 1717 143">
    <p class='ocr_par' dir='ltr' id='par_1_1' title="bbox 360 71 1717 143">
     <span class='ocr_line' id='line_1_1' title="bbox 360 71 1717 143; baseline 0 -20"><span class='ocrx_word' id='word_1_1' title='bbox 360 106 406 143; x_wconf 81' lang='lat'>72</span> <span class='ocrx_word' id='word_1_2' title='bbox 802 71 1244 123; x_wconf 78' lang='lat' dir='ltr'>DissERTATio</span> <span class='ocrx_word' id='word_1_3' title='bbox 1294 72 1717 126; x_wconf 65' lang='lat' dir='ltr'>PRoaszLrs.</span> 
     </span>
    </p>
   </div>
   <div class='ocr_carea' id='block_1_2' title="bbox 348 154 1225 795">
    <p class='ocr_par' dir='ltr' id='par_1_2' title="bbox 348 154 1225 795">
     <span class='ocr_line' id='line_1_2' title="bbox 356 154 1225 200; baseline -0.009 -7"><span class='ocrx_word' id='word_1_4' title='bbox 356 155 591 200; x_wconf 84' lang='lat' dir='ltr'>Evangelicam</span> <span class='ocrx_word' id='word_1_5' title='bbox 603 154 718 190; x_wconf 86' lang='lat' dir='ltr'>Fidem</span> <span class='ocrx_word' id='word_1_6' title='bbox 731 154 962 199; x_wconf 72' lang='lat' dir='ltr'>quaestionibus</span> <span class='ocrx_word' id='word_1_7' title='bbox 976 168 982 189; x_wconf 89' lang='grc'>;</span> <span class='ocrx_word' id='word_1_8' title='bbox 1010 160 1082 188; x_wconf 80' lang='lat' dir='ltr'>Non</span> <span class='ocrx_word' id='word_1_9' title='bbox 1099 166 1165 187; x_wconf 85' lang='lat' dir='ltr'>eum</span> <span class='ocrx_word' id='word_1_10' title='bbox 1175 154 1225 198; x_wconf 80' lang='lat' dir='ltr'>effe</span> 
     </span>
     <span class='ocr_line' id='line_1_3' title="bbox 350 204 1225 248; baseline -0.003 -9"><span class='ocrx_word' id='word_1_11' title='bbox 350 208 481 242; x_wconf 81' lang='lat' dir='ltr'><em>arbitror</em></span> <span class='ocrx_word' id='word_1_12' title='bbox 495 206 688 248; x_wconf 70' lang='lat' dir='ltr'><em>Porphyrium</em></span> <span class='ocrx_word' id='word_1_13' title='bbox 700 231 710 246; x_wconf 86' lang='lat'>‚</span> <span class='ocrx_word' id='word_1_14' title='bbox 721 208 741 238; x_wconf 84' lang='lat'><em>5</em></span> <span class='ocrx_word' id='word_1_15' title='bbox 743 207 850 240; x_wconf 87' lang='lat' dir='ltr'>iculum</span> <span class='ocrx_word' id='word_1_16' title='bbox 861 206 944 238; x_wconf 89' lang='lat' dir='ltr'>illum</span> <span class='ocrx_word' id='word_1_17' title='bbox 960 229 970 245; x_wconf 85' lang='lat'>‚</span> <span class='ocrx_word' id='word_1_18' title='bbox 978 204 1063 246; x_wconf 75' lang='lat' dir='ltr'>cujus</span> <span class='ocrx_word' id='word_1_19' title='bbox 1075 204 1225 237; x_wconf 83' lang='lat' dir='ltr'>celeberri-</span> 
     </span>
     <span class='ocr_line' id='line_1_4' title="bbox 350 253 1224 299; baseline -0.006 -8"><span class='ocrx_word' id='word_1_20' title='bbox 350 269 402 291; x_wconf 86' lang='lat' dir='ltr'>ma</span> <span class='ocrx_word' id='word_1_21' title='bbox 411 256 556 298; x_wconf 86' lang='lat' dir='ltr'>estfama.</span> <span class='ocrx_word' id='word_1_22' title='bbox 570 254 792 299; x_wconf 86' lang='lat' dir='ltr'>Porphyrium</span> <span class='ocrx_word' id='word_1_23' title='bbox 801 280 811 296; x_wconf 89' lang='lat'>‚</span> <span class='ocrx_word' id='word_1_24' title='bbox 822 256 898 298; x_wconf 86' lang='lat' dir='ltr'>quia</span> <span class='ocrx_word' id='word_1_25' title='bbox 910 256 945 288; x_wconf 90' lang='lat' dir='ltr'>in</span> <span class='ocrx_word' id='word_1_26' title='bbox 958 254 1070 288; x_wconf 81' lang='lat' dir='ltr'>Sicilia</span> <span class='ocrx_word' id='word_1_27' title='bbox 1082 253 1202 297; x_wconf 87' lang='lat' dir='ltr'>scripfit</span> <span class='ocrx_word' id='word_1_28' title='bbox 1214 277 1224 293; x_wconf 80' lang='lat'>,</span> 
     </span>
     <span class='ocr_line' id='line_1_5' title="bbox 349 303 1221 348; baseline -0.005 -8"><span class='ocrx_word' id='word_1_29' title='bbox 349 306 480 341; x_wconf 89' lang='lat' dir='ltr'>videtur</span> <span class='ocrx_word' id='word_1_30' title='bbox 492 307 622 340; x_wconf 85' lang='lat' dir='ltr'>censere</span> <span class='ocrx_word' id='word_1_31' title='bbox 636 305 797 345; x_wconf 88' lang='lat' dir='ltr'>Siculum,</span> <span class='ocrx_word' id='word_1_32' title='bbox 808 317 845 339; x_wconf 89' lang='lat' dir='ltr'>ac</span> <span class='ocrx_word' id='word_1_33' title='bbox 856 304 874 338; x_wconf 71' lang='lat' dir='ltr'>a</span> <span class='ocrx_word' id='word_1_34' title='bbox 885 304 996 348; x_wconf 88' lang='lat' dir='ltr'>Tyrio</span> <span class='ocrx_word' id='word_1_35' title='bbox 1009 303 1221 348; x_wconf 89' lang='lat' dir='ltr'>distinguere.</span> 
     </span>
     <span class='ocr_line' id='line_1_6' title="bbox 351 354 1223 397; baseline -0.003 -7"><span class='ocrx_word' id='word_1_36' title='bbox 351 356 478 390; x_wconf 76' lang='lat' dir='ltr'>Verum</span> <span class='ocrx_word' id='word_1_37' title='bbox 491 356 553 390; x_wconf 93' lang='lat' dir='ltr'>fuit</span> <span class='ocrx_word' id='word_1_38' title='bbox 563 354 705 390; x_wconf 77' lang='lat' dir='ltr'>omnino</span> <span class='ocrx_word' id='word_1_39' title='bbox 716 367 800 389; x_wconf 88' lang='lat' dir='ltr'>unus</span> <span class='ocrx_word' id='word_1_40' title='bbox 810 355 844 389; x_wconf 73' lang='grc' dir='ltr'>ὅ(</span> <span class='ocrx_word' id='word_1_41' title='bbox 866 354 963 389; x_wconf 90' lang='lat' dir='ltr'>idern.</span> <span class='ocrx_word' id='word_1_42' title='bbox 990 354 1079 388; x_wconf 89' lang='lat' dir='ltr'>Tres</span> <span class='ocrx_word' id='word_1_43' title='bbox 1103 354 1223 397; x_wconf 83' lang='lat' dir='ltr'>priores</span> 
     </span>
     <span class='ocr_line' id='line_1_7' title="bbox 351 404 1224 450; baseline -0.003 -10"><span class='ocrx_word' id='word_1_44' title='bbox 351 406 471 441; x_wconf 88' lang='lat' dir='ltr'>Libros</span> <span class='ocrx_word' id='word_1_45' title='bbox 482 406 568 450; x_wconf 87' lang='lat' dir='ltr'>apud</span> <span class='ocrx_word' id='word_1_46' title='bbox 580 405 615 439; x_wconf 92' lang='lat' dir='ltr'>N</span> <span class='ocrx_word' id='word_1_47' title='bbox 618 405 973 449; x_wconf 88' lang='lat' dir='ltr'>icomediam,reliquos</span> <span class='ocrx_word' id='word_1_48' title='bbox 981 404 1016 438; x_wconf 89' lang='lat' dir='ltr'>in</span> <span class='ocrx_word' id='word_1_49' title='bbox 1027 404 1139 438; x_wconf 83' lang='lat' dir='ltr'>Sicilia</span> <span class='ocrx_word' id='word_1_50' title='bbox 1151 414 1224 438; x_wconf 93' lang='lat' dir='ltr'>evo-</span> 
     </span>
     <span class='ocr_line' id='line_1_8' title="bbox 350 453 1223 500; baseline -0.005 -9"><span class='ocrx_word' id='word_1_51' title='bbox 350 457 446 491; x_wconf 88' lang='lat' dir='ltr'>muit.</span> <span class='ocrx_word' id='word_1_52' title='bbox 460 456 594 491; x_wconf 85' lang='lat' dir='ltr'>Eisdem</span> <span class='ocrx_word' id='word_1_53' title='bbox 607 456 648 490; x_wconf 82' lang='lat' dir='ltr'>de</span> <span class='ocrx_word' id='word_1_54' title='bbox 659 455 767 490; x_wconf 85' lang='lat' dir='ltr'>Libris</span> <span class='ocrx_word' id='word_1_55' title='bbox 777 457 806 490; x_wconf 89' lang='lat' dir='ltr'>S.</span> <span class='ocrx_word' id='word_1_56' title='bbox 821 455 966 500; x_wconf 86' lang='lat' dir='ltr'>Cyrillus</span> <span class='ocrx_word' id='word_1_57' title='bbox 979 479 989 495; x_wconf 96' lang='lat'>,</span> <span class='ocrx_word' id='word_1_58' title='bbox 1016 453 1223 488; x_wconf 79' lang='lat' dir='ltr'>Alexandria:</span> 
     </span>
     <span class='ocr_line' id='line_1_9' title="bbox 351 504 1222 550; baseline -0.005 -10"><span class='ocrx_word' id='word_1_59' title='bbox 351 505 540 541; x_wconf 83' lang='lat' dir='ltr'>Patriarcha</span> <span class='ocrx_word' id='word_1_60' title='bbox 549 531 560 547; x_wconf 91' lang='lat'><strong>,</strong></span> <span class='ocrx_word' id='word_1_61' title='bbox 586 505 696 541; x_wconf 87' lang='lat' dir='ltr'>scribit</span> <span class='ocrx_word' id='word_1_62' title='bbox 717 506 753 540; x_wconf 90' lang='lat' dir='ltr'>in</span> <span class='ocrx_word' id='word_1_63' title='bbox 766 504 873 550; x_wconf 89' lang='lat' dir='ltr'>primo</span> <span class='ocrx_word' id='word_1_64' title='bbox 884 505 986 542; x_wconf 89' lang='lat' dir='ltr'>Libro</span> <span class='ocrx_word' id='word_1_65' title='bbox 999 504 1148 539; x_wconf 72' lang='lat' dir='ltr'>adversus</span> <span class='ocrx_word' id='word_1_66' title='bbox 1159 504 1222 536; x_wconf 91' lang='lat' dir='ltr'>lm-</span> 
     </span>
     <span class='ocr_line' id='line_1_10' title="bbox 350 553 1221 602; baseline -0.008 -10"><span class='ocrx_word' id='word_1_67' title='bbox 350 567 535 602; x_wconf 84' lang='lat' dir='ltr'>peratorem</span> <span class='ocrx_word' id='word_1_68' title='bbox 552 569 590 591; x_wconf 90' lang='lat' dir='ltr'>ac</span> <span class='ocrx_word' id='word_1_69' title='bbox 614 554 811 600; x_wconf 86' lang='lat' dir='ltr'>Apostatam</span> <span class='ocrx_word' id='word_1_70' title='bbox 829 556 1016 600; x_wconf 77' lang='lat' dir='ltr'>Iulianum:</span> <span class='ocrx_word' id='word_1_71' title='bbox 1044 553 1221 595; x_wconf 81' lang='lat' dir='ltr'><em>Porphyrius</em></span> 
     </span>
     <span class='ocr_line' id='line_1_11' title="bbox 348 602 1221 650; baseline -0.008 -9"><span class='ocrx_word' id='word_1_72' title='bbox 348 609 546 641; x_wconf 80' lang='lat' dir='ltr'><em>amarulentis</em></span> <span class='ocrx_word' id='word_1_73' title='bbox 556 607 745 640; x_wconf 74' lang='lat' dir='ltr'>Sermonibus</span> <span class='ocrx_word' id='word_1_74' title='bbox 758 619 810 640; x_wconf 92' lang='lat' dir='ltr'>nos</span> <span class='ocrx_word' id='word_1_75' title='bbox 832 605 993 648; x_wconf 64' lang='lat' dir='ltr'>insellarus</span> <span class='ocrx_word' id='word_1_76' title='bbox 1006 630 1016 645; x_wconf 90' lang='lat'>,</span> <span class='ocrx_word' id='word_1_77' title='bbox 1045 602 1221 650; x_wconf 77' lang='lat' dir='ltr'>Christianae</span> 
     </span>
     <span class='ocr_line' id='line_1_12' title="bbox 349 653 1223 702; baseline -0.007 -11"><span class='ocrx_word' id='word_1_78' title='bbox 349 661 494 702; x_wconf 78' lang='lat' dir='ltr'>Religioni</span> <span class='ocrx_word' id='word_1_79' title='bbox 506 658 625 691; x_wconf 76' lang='lat' dir='ltr'>tantum</span> <span class='ocrx_word' id='word_1_80' title='bbox 635 669 693 690; x_wconf 87' lang='lat' dir='ltr'>non</span> <span class='ocrx_word' id='word_1_81' title='bbox 701 655 845 700; x_wconf 79' lang='lat' dir='ltr'><em>saltando</em></span> <span class='ocrx_word' id='word_1_82' title='bbox 855 655 950 697; x_wconf 80' lang='lat' dir='ltr'>illusit.</span> <span class='ocrx_word' id='word_1_83' title='bbox 981 655 1024 687; x_wconf 90' lang='lat' dir='ltr'>Et</span> <span class='ocrx_word' id='word_1_84' title='bbox 1037 653 1140 686; x_wconf 85' lang='lat' dir='ltr'>infra:</span> <span class='ocrx_word' id='word_1_85' title='bbox 1166 657 1223 685; x_wconf 74' lang='lat' dir='ltr'>Au-</span> 
     </span>
     <span class='ocr_line' id='line_1_13' title="bbox 349 702 1222 751; baseline -0.007 -10"><span class='ocrx_word' id='word_1_86' title='bbox 349 710 415 741; x_wconf 83' lang='lat' dir='ltr'>dax</span> <span class='ocrx_word' id='word_1_87' title='bbox 427 706 588 751; x_wconf 83' lang='lat' dir='ltr'>adversum</span> <span class='ocrx_word' id='word_1_88' title='bbox 597 719 650 740; x_wconf 89' lang='lat' dir='ltr'>nos</span> <span class='ocrx_word' id='word_1_89' title='bbox 664 707 853 749; x_wconf 83' lang='lat' dir='ltr'><em>Porphyrius.</em></span> <span class='ocrx_word' id='word_1_90' title='bbox 867 703 1019 742; x_wconf 84' lang='lat' dir='ltr'>Eundem</span> <span class='ocrx_word' id='word_1_91' title='bbox 1030 702 1104 736; x_wconf 87' lang='lat' dir='ltr'>istic</span> <span class='ocrx_word' id='word_1_92' title='bbox 1115 702 1222 746; x_wconf 89' lang='lat' dir='ltr'>appel-</span> 
     </span>
     <span class='ocr_line' id='line_1_14' title="bbox 351 750 1222 795; baseline -0.007 -3"><span class='ocrx_word' id='word_1_93' title='bbox 351 758 397 792; x_wconf 91' lang='lat' dir='ltr'>lat</span> <span class='ocrx_word' id='word_1_94' title='bbox 409 761 535 791; x_wconf 84' lang='lat' dir='ltr'>Patrem</span> <span class='ocrx_word' id='word_1_95' title='bbox 545 759 771 791; x_wconf 81' lang='lat' dir='ltr'>calumniarum.</span> <span class='ocrx_word' id='word_1_96' title='bbox 799 757 828 789; x_wconf 87' lang='lat' dir='ltr'><strong>F</strong></span> <span class='ocrx_word' id='word_1_97' title='bbox 828 754 1006 788; x_wconf 80' lang='lat' dir='ltr'>acinorosae</span> <span class='ocrx_word' id='word_1_98' title='bbox 1017 750 1222 795; x_wconf 79' lang='lat' dir='ltr'>blasphemiae</span> 
     </span>
    </p>
   </div>
   <div class='ocr_carea' id='block_1_3' title="bbox 212 801 1221 900">
    <p class='ocr_par' dir='ltr' id='par_1_3' title="bbox 212 801 1221 900">
     <span class='ocr_line' id='line_1_15' title="bbox 212 801 1221 851; baseline -0.008 -8"><span class='ocrx_word' id='word_1_99' title='bbox 212 813 276 849; x_wconf 61' lang='lat' dir='ltr'>tib.</span> <span class='ocrx_word' id='word_1_100' title='bbox 306 823 334 851; x_wconf 78' lang='lat'>3·</span> <span class='ocrx_word' id='word_1_101' title='bbox 349 808 492 842; x_wconf 87' lang='lat' dir='ltr'>radicem</span> <span class='ocrx_word' id='word_1_102' title='bbox 514 808 617 851; x_wconf 87' lang='lat' dir='ltr'>aperit</span> <span class='ocrx_word' id='word_1_103' title='bbox 635 808 803 840; x_wconf 74' lang='lat' dir='ltr'>Socrates:</span> <span class='ocrx_word' id='word_1_104' title='bbox 838 802 1042 846; x_wconf 81' lang='lat' dir='ltr'>Porphyrius</span> <span class='ocrx_word' id='word_1_105' title='bbox 1061 801 1221 845; x_wconf 66' lang='lat' dir='ltr'>Caesitraeae</span> 
     </span>
     <span class='ocr_line' id='line_1_16' title="bbox 212 851 1221 900; baseline -0.004 -11"><span class='ocrx_word' id='word_1_106' title='bbox 212 862 275 895; x_wconf 60' lang='lat'>(31³⁹</span> <span class='ocrx_word' id='word_1_107' title='bbox 290 864 334 891; x_wconf 68' lang='lat'>19.-</span> <span class='ocrx_word' id='word_1_108' title='bbox 350 858 509 899; x_wconf 83' lang='lat' dir='ltr'>Palestinae</span> <span class='ocrx_word' id='word_1_109' title='bbox 520 860 540 890; x_wconf 76' lang='grc' dir='ltr'><em>ἃ</em></span> <span class='ocrx_word' id='word_1_110' title='bbox 551 855 729 900; x_wconf 83' lang='lat' dir='ltr'>quibusdam</span> <span class='ocrx_word' id='word_1_111' title='bbox 742 853 919 893; x_wconf 84' lang='lat' dir='ltr'>Christianis</span> <span class='ocrx_word' id='word_1_112' title='bbox 943 851 1135 896; x_wconf 89' lang='lat' dir='ltr'>reprehensus</span> <span class='ocrx_word' id='word_1_113' title='bbox 1156 865 1221 886; x_wconf 90' lang='lat' dir='ltr'>cum</span> 
     </span>
    </p>
   </div>
   <div class='ocr_carea' id='block_1_4' title="bbox 338 901 1226 2095">
    <p class='ocr_par' dir='ltr' id='par_1_4' title="bbox 338 901 1226 2095">
     <span class='ocr_line' id='line_1_17' title="bbox 344 901 1221 952; baseline -0.008 -10"><span class='ocrx_word' id='word_1_114' title='bbox 344 917 416 951; x_wconf 80' lang='lat' dir='ltr'>prae</span> <span class='ocrx_word' id='word_1_115' title='bbox 420 914 519 952; x_wconf 78' lang='lat' dir='ltr'>gravi</span> <span class='ocrx_word' id='word_1_116' title='bbox 527 932 538 948; x_wconf 89' lang='lat'>‚</span> <span class='ocrx_word' id='word_1_117' title='bbox 550 918 611 948; x_wconf 88' lang='lat' dir='ltr'>qua</span> <span class='ocrx_word' id='word_1_118' title='bbox 620 905 751 938; x_wconf 85' lang='lat' dir='ltr'><em>ardebat</em></span> <span class='ocrx_word' id='word_1_119' title='bbox 763 905 923 936; x_wconf 77' lang='lat' dir='ltr'>iracundia</span> <span class='ocrx_word' id='word_1_120' title='bbox 933 903 1011 944; x_wconf 87' lang='lat' dir='ltr'>istud</span> <span class='ocrx_word' id='word_1_121' title='bbox 1011 902 1082 944; x_wconf 88' lang='lat' dir='ltr'>fere</span> <span class='ocrx_word' id='word_1_122' title='bbox 1092 915 1149 936; x_wconf 91' lang='lat' dir='ltr'>non</span> <span class='ocrx_word' id='word_1_123' title='bbox 1156 901 1221 946; x_wconf 76' lang='lat' dir='ltr'>pos</span> 
     </span>
     <span class='ocr_line' id='line_1_18' title="bbox 342 952 1222 1001; baseline -0.005 -11"><span class='ocrx_word' id='word_1_124' title='bbox 342 957 392 1001; x_wconf 83' lang='lat' dir='ltr'>set</span> <span class='ocrx_word' id='word_1_125' title='bbox 405 982 415 998; x_wconf 84' lang='lat'>‚</span> <span class='ocrx_word' id='word_1_126' title='bbox 426 958 608 999; x_wconf 77' lang='lat' dir='ltr'><em>Religionem</em></span> <span class='ocrx_word' id='word_1_127' title='bbox 622 953 826 993; x_wconf 78' lang='lat' dir='ltr'>Christianam</span> <span class='ocrx_word' id='word_1_128' title='bbox 840 952 981 997; x_wconf 83' lang='lat' dir='ltr'>deseruit,</span> <span class='ocrx_word' id='word_1_129' title='bbox 993 955 1027 987; x_wconf 68' lang='lat' dir='ltr'>i&amp;</span> <span class='ocrx_word' id='word_1_130' title='bbox 1034 962 1103 995; x_wconf 83' lang='lat' dir='ltr'>prae</span> <span class='ocrx_word' id='word_1_131' title='bbox 1115 955 1179 986; x_wconf 78' lang='lat' dir='ltr'>odio</span> <span class='ocrx_word' id='word_1_132' title='bbox 1189 954 1222 986; x_wconf 87' lang='lat' dir='ltr'>il-</span> 
     </span>
     <span class='ocr_line' id='line_1_19' title="bbox 342 1002 1222 1048; baseline -0.003 -9"><span class='ocrx_word' id='word_1_133' title='bbox 342 1004 441 1042; x_wconf 55' lang='lat' dir='ltr'>‘lorum</span> <span class='ocrx_word' id='word_1_134' title='bbox 449 1030 458 1046; x_wconf 91' lang='lat'>‚</span> <span class='ocrx_word' id='word_1_135' title='bbox 470 1011 522 1047; x_wconf 88' lang='lat' dir='ltr'>qui</span> <span class='ocrx_word' id='word_1_136' title='bbox 533 1003 629 1048; x_wconf 85' lang='lat' dir='ltr'>ipsum</span> <span class='ocrx_word' id='word_1_137' title='bbox 642 1013 835 1047; x_wconf 82' lang='lat' dir='ltr'><em>coarguerant</em></span> <span class='ocrx_word' id='word_1_138' title='bbox 846 1029 856 1044; x_wconf 94' lang='lat'>,</span> <span class='ocrx_word' id='word_1_139' title='bbox 868 1005 912 1036; x_wconf 90' lang='lat' dir='ltr'>ad</span> <span class='ocrx_word' id='word_1_140' title='bbox 926 1004 1034 1037; x_wconf 81' lang='lat' dir='ltr'>Libros</span> <span class='ocrx_word' id='word_1_141' title='bbox 1045 1002 1222 1046; x_wconf 84' lang='lat' dir='ltr'>conscriben-</span> 
     </span>
     <span class='ocr_line' id='line_1_20' title="bbox 344 1053 1221 1099; baseline -0.005 -9"><span class='ocrx_word' id='word_1_142' title='bbox 344 1058 412 1096; x_wconf 87' lang='lat' dir='ltr'>dos,</span> <span class='ocrx_word' id='word_1_143' title='bbox 424 1056 532 1099; x_wconf 87' lang='lat' dir='ltr'>quibus</span> <span class='ocrx_word' id='word_1_144' title='bbox 545 1053 729 1094; x_wconf 85' lang='lat' dir='ltr'>Christianos</span> <span class='ocrx_word' id='word_1_145' title='bbox 742 1055 887 1092; x_wconf 72' lang='lat' dir='ltr'>maledice</span> <span class='ocrx_word' id='word_1_146' title='bbox 897 1055 931 1088; x_wconf 60' lang='grc' dir='ltr'>Θ</span> <span class='ocrx_word' id='word_1_147' title='bbox 941 1055 1145 1088; x_wconf 73' lang='lat' dir='ltr'>contumeliose</span> <span class='ocrx_word' id='word_1_148' title='bbox 1151 1061 1221 1095; x_wconf 87' lang='lat' dir='ltr'>per-</span> 
     </span>
     <span class='ocr_line' id='line_1_21' title="bbox 338 1102 1220 1149; baseline -0.003 -10"><span class='ocrx_word' id='word_1_149' title='bbox 338 1106 520 1149; x_wconf 71' lang='lat' dir='ltr'>stringeret,</span> <span class='ocrx_word' id='word_1_150' title='bbox 539 1112 675 1147; x_wconf 85' lang='lat' dir='ltr'>praeceps</span> <span class='ocrx_word' id='word_1_151' title='bbox 687 1110 758 1137; x_wconf 79' lang='lat' dir='ltr'>ruit.</span> <span class='ocrx_word' id='word_1_152' title='bbox 786 1102 895 1138; x_wconf 86' lang='lat' dir='ltr'>Addit</span> <span class='ocrx_word' id='word_1_153' title='bbox 907 1105 1012 1148; x_wconf 90' lang='lat' dir='ltr'>ipsum</span> <span class='ocrx_word' id='word_1_154' title='bbox 1027 1105 1061 1138; x_wconf 91' lang='lat' dir='ltr'>in</span> <span class='ocrx_word' id='word_1_155' title='bbox 1075 1102 1220 1137; x_wconf 46' lang='lat' dir='ltr'>male-di.-</span> 
     </span>
     <span class='ocr_line' id='line_1_22' title="bbox 338 1151 1221 1199; baseline -0.005 -9"><span class='ocrx_word' id='word_1_156' title='bbox 338 1151 444 1191; x_wconf 83' lang='lat' dir='ltr'>cendi</span> <span class='ocrx_word' id='word_1_157' title='bbox 456 1157 584 1199; x_wconf 89' lang='lat' dir='ltr'>impetu</span> <span class='ocrx_word' id='word_1_158' title='bbox 597 1155 691 1188; x_wconf 74' lang='lat' dir='ltr'>fuisse</span> <span class='ocrx_word' id='word_1_159' title='bbox 701 1154 935 1188; x_wconf 86' lang='lat' dir='ltr'>Praecursorem</span> <span class='ocrx_word' id='word_1_160' title='bbox 946 1152 1112 1197; x_wconf 80' lang='lat' dir='ltr'>Apostatae</span> <span class='ocrx_word' id='word_1_161' title='bbox 1125 1153 1221 1196; x_wconf 86' lang='lat' dir='ltr'>Julia-</span> 
     </span>
     <span class='ocr_line' id='line_1_23' title="bbox 347 1203 1222 1250; baseline -0.005 -10"><span class='ocrx_word' id='word_1_162' title='bbox 347 1207 384 1241; x_wconf 91' lang='lat' dir='ltr'>ni</span> <span class='ocrx_word' id='word_1_163' title='bbox 397 1231 407 1246; x_wconf 89' lang='lat'>,</span> <span class='ocrx_word' id='word_1_164' title='bbox 418 1207 452 1243; x_wconf 71' lang='grc' dir='ltr'>ἀ</span> <span class='ocrx_word' id='word_1_165' title='bbox 466 1204 556 1242; x_wconf 90' lang='lat' dir='ltr'>hunc</span> <span class='ocrx_word' id='word_1_166' title='bbox 570 1205 659 1238; x_wconf 87' lang='lat' dir='ltr'>illius</span> <span class='ocrx_word' id='word_1_167' title='bbox 671 1204 807 1250; x_wconf 86' lang='lat' dir='ltr'>vestigia</span> <span class='ocrx_word' id='word_1_168' title='bbox 818 1205 966 1238; x_wconf 71' lang='lat' dir='ltr'>tenuisse.</span> <span class='ocrx_word' id='word_1_169' title='bbox 980 1205 1023 1237; x_wconf 90' lang='lat' dir='ltr'>Et</span> <span class='ocrx_word' id='word_1_170' title='bbox 1034 1203 1153 1238; x_wconf 79' lang='lat' dir='ltr'>merito</span> <span class='ocrx_word' id='word_1_171' title='bbox 1165 1214 1222 1237; x_wconf 89' lang='lat' dir='ltr'>no-</span> 
     </span>
     <span class='ocr_line' id='line_1_24' title="bbox 345 1252 1220 1299; baseline -0.003 -9"><span class='ocrx_word' id='word_1_172' title='bbox 345 1265 394 1291; x_wconf 86' lang='lat' dir='ltr'>tat</span> <span class='ocrx_word' id='word_1_173' title='bbox 406 1255 475 1299; x_wconf 80' lang='lat' dir='ltr'>ejus</span> <span class='ocrx_word' id='word_1_174' title='bbox 486 1255 698 1290; x_wconf 84' lang='lat' dir='ltr'>iracundiam.</span> <span class='ocrx_word' id='word_1_175' title='bbox 728 1255 865 1293; x_wconf 85' lang='lat' dir='ltr'>Etenim</span> <span class='ocrx_word' id='word_1_176' title='bbox 876 1254 910 1287; x_wconf 91' lang='lat' dir='ltr'>in</span> <span class='ocrx_word' id='word_1_177' title='bbox 924 1253 1077 1298; x_wconf 82' lang='lat' dir='ltr'>Magistri</span> <span class='ocrx_word' id='word_1_178' title='bbox 1089 1252 1137 1288; x_wconf 82' lang='lat' dir='ltr'>sui</span> <span class='ocrx_word' id='word_1_179' title='bbox 1147 1252 1220 1287; x_wconf 88' lang='lat' dir='ltr'>Plo-</span> 
     </span>
     <span class='ocr_line' id='line_1_25' title="bbox 345 1303 1221 1349; baseline -0.003 -9"><span class='ocrx_word' id='word_1_180' title='bbox 345 1306 412 1340; x_wconf 88' lang='lat' dir='ltr'>tini</span> <span class='ocrx_word' id='word_1_181' title='bbox 424 1306 492 1340; x_wconf 86' lang='lat' dir='ltr'>vita</span> <span class='ocrx_word' id='word_1_182' title='bbox 504 1305 630 1349; x_wconf 79' lang='lat' dir='ltr'>ipse-de</span> <span class='ocrx_word' id='word_1_183' title='bbox 645 1305 817 1349; x_wconf 87' lang='lat' dir='ltr'>semetipso</span> <span class='ocrx_word' id='word_1_184' title='bbox 839 1304 949 1339; x_wconf 87' lang='lat' dir='ltr'>scribit</span> <span class='ocrx_word' id='word_1_185' title='bbox 969 1304 1001 1338; x_wconf 90' lang='lat' dir='ltr'>se</span> <span class='ocrx_word' id='word_1_186' title='bbox 1021 1303 1104 1338; x_wconf 79' lang='lat' dir='ltr'>adeo</span> <span class='ocrx_word' id='word_1_187' title='bbox 1129 1303 1221 1337; x_wconf 84' lang='lat' dir='ltr'>fuiffe</span> 
     </span>
     <span class='ocr_line' id='line_1_26' title="bbox 347 1353 1220 1399; baseline -0.003 -9"><span class='ocrx_word' id='word_1_188' title='bbox 347 1355 528 1398; x_wconf 62' lang='lat' dir='ltr'>subiedlum</span> <span class='ocrx_word' id='word_1_189' title='bbox 540 1356 604 1399; x_wconf 83' lang='lat' dir='ltr'>irae,</span> <span class='ocrx_word' id='word_1_190' title='bbox 614 1356 699 1389; x_wconf 81' lang='lat' dir='ltr'>&amp;ex</span> <span class='ocrx_word' id='word_1_191' title='bbox 710 1356 756 1388; x_wconf 91' lang='lat' dir='ltr'>ira</span> <span class='ocrx_word' id='word_1_192' title='bbox 771 1355 984 1399; x_wconf 71' lang='lat' dir='ltr'>praecipitem,</span> <span class='ocrx_word' id='word_1_193' title='bbox 995 1364 1032 1388; x_wconf 93' lang='lat' dir='ltr'>ut</span> <span class='ocrx_word' id='word_1_194' title='bbox 1045 1353 1220 1397; x_wconf 86' lang='lat' dir='ltr'>aliquoties</span> 
     </span>
     <span class='ocr_line' id='line_1_27' title="bbox 347 1404 1221 1449; baseline -0.001 -10"><span class='ocrx_word' id='word_1_195' title='bbox 347 1407 487 1449; x_wconf 84' lang='lat' dir='ltr'>seipsum</span> <span class='ocrx_word' id='word_1_196' title='bbox 501 1405 691 1448; x_wconf 85' lang='lat' dir='ltr'>suspendere</span> <span class='ocrx_word' id='word_1_197' title='bbox 701 1406 821 1447; x_wconf 87' lang='lat' dir='ltr'>pararit</span> <span class='ocrx_word' id='word_1_198' title='bbox 834 1429 845 1445; x_wconf 91' lang='lat'>‚</span> <span class='ocrx_word' id='word_1_199' title='bbox 873 1404 926 1439; x_wconf 93' lang='lat' dir='ltr'>sed</span> <span class='ocrx_word' id='word_1_200' title='bbox 943 1405 960 1438; x_wconf 78' lang='lat' dir='ltr'>a</span> <span class='ocrx_word' id='word_1_201' title='bbox 975 1404 1113 1438; x_wconf 90' lang='lat' dir='ltr'>Plotino</span> <span class='ocrx_word' id='word_1_202' title='bbox 1125 1404 1221 1438; x_wconf 83' lang='lat' dir='ltr'>fuerit</span> 
     </span>
     <span class='ocr_line' id='line_1_28' title="bbox 345 1453 1220 1499; baseline -0.003 -9"><span class='ocrx_word' id='word_1_203' title='bbox 345 1455 535 1499; x_wconf 84' lang='lat' dir='ltr'>impeditus.</span> <span class='ocrx_word' id='word_1_204' title='bbox 563 1454 682 1488; x_wconf 63' lang='lat' dir='ltr'>Hocce*</span> <span class='ocrx_word' id='word_1_205' title='bbox 694 1455 799 1498; x_wconf 89' lang='lat' dir='ltr'>igitur</span> <span class='ocrx_word' id='word_1_206' title='bbox 818 1454 1010 1492; x_wconf 87' lang='lat' dir='ltr'>Monstrum</span> <span class='ocrx_word' id='word_1_207' title='bbox 1034 1453 1220 1493; x_wconf 84' lang='lat' dir='ltr'>Christiana</span> 
     </span>
     <span class='ocr_line' id='line_1_29' title="bbox 347 1503 1219 1550; baseline -0.002 -11"><span class='ocrx_word' id='word_1_208' title='bbox 347 1506 485 1550; x_wconf 83' lang='lat' dir='ltr'>Religio</span> <span class='ocrx_word' id='word_1_209' title='bbox 497 1503 618 1538; x_wconf 79' lang='lat' dir='ltr'>merito</span> <span class='ocrx_word' id='word_1_210' title='bbox 628 1505 786 1546; x_wconf 85' lang='lat' dir='ltr'>evomuit.</span> <span class='ocrx_word' id='word_1_211' title='bbox 801 1505 874 1538; x_wconf 90' lang='lat' dir='ltr'>Nec</span> <span class='ocrx_word' id='word_1_212' title='bbox 886 1503 951 1538; x_wconf 70' lang='lat' dir='ltr'>sine</span> <span class='ocrx_word' id='word_1_213' title='bbox 963 1503 1178 1539; x_wconf 73' lang='lat' dir='ltr'>fiindamento</span> <span class='ocrx_word' id='word_1_214' title='bbox 1189 1504 1219 1538; x_wconf 89' lang='lat' dir='ltr'>S.</span> 
     </span>
     <span class='ocr_line' id='line_1_30' title="bbox 345 1553 1219 1599; baseline -0.002 -10"><span class='ocrx_word' id='word_1_215' title='bbox 345 1556 496 1599; x_wconf 81' lang='lat' dir='ltr'>Cyrillus</span> <span class='ocrx_word' id='word_1_216' title='bbox 518 1555 622 1598; x_wconf 88' lang='lat' dir='ltr'>ipsum</span> <span class='ocrx_word' id='word_1_217' title='bbox 645 1553 822 1598; x_wconf 83' lang='lat' dir='ltr'>appellavit</span> <span class='ocrx_word' id='word_1_218' title='bbox 848 1557 974 1588; x_wconf 81' lang='lat' dir='ltr'>Patrem</span> <span class='ocrx_word' id='word_1_219' title='bbox 994 1558 1219 1588; x_wconf 85' lang='lat' dir='ltr'>calumniarum.</span> 
     </span>
     <span class='ocr_line' id='line_1_31' title="bbox 347 1604 1221 1650; baseline 0.001 -11"><span class='ocrx_word' id='word_1_220' title='bbox 347 1606 393 1639; x_wconf 84' lang='lat' dir='ltr'>Et</span> <span class='ocrx_word' id='word_1_221' title='bbox 403 1605 444 1640; x_wconf 88' lang='lat' dir='ltr'>de</span> <span class='ocrx_word' id='word_1_222' title='bbox 457 1606 530 1649; x_wconf 82' lang='lat' dir='ltr'>ipso</span> <span class='ocrx_word' id='word_1_223' title='bbox 543 1604 635 1638; x_wconf 87' lang='lat' dir='ltr'>addit</span> <span class='ocrx_word' id='word_1_224' title='bbox 647 1604 856 1639; x_wconf 61' lang='lat' dir='ltr'>Lactantius:</span> <span class='ocrx_word' id='word_1_225' title='bbox 884 1606 992 1640; x_wconf 77' lang='lat' dir='ltr'>Verum</span> <span class='ocrx_word' id='word_1_226' title='bbox 1013 1606 1081 1647; x_wconf 82' lang='lat' dir='ltr'>hic,</span> <span class='ocrx_word' id='word_1_227' title='bbox 1107 1606 1221 1650; x_wconf 92' lang='lat' dir='ltr'>utique</span> 
     </span>
     <span class='ocr_line' id='line_1_32' title="bbox 347 1654 1222 1700; baseline 0 -11"><span class='ocrx_word' id='word_1_228' title='bbox 347 1654 552 1700; x_wconf 76' lang='lat' dir='ltr'>Porphyrius</span> <span class='ocrx_word' id='word_1_229' title='bbox 563 1679 574 1695; x_wconf 93' lang='lat'>,</span> <span class='ocrx_word' id='word_1_230' title='bbox 594 1663 652 1697; x_wconf 90' lang='lat' dir='ltr'>pro</span> <span class='ocrx_word' id='word_1_231' title='bbox 658 1654 717 1700; x_wconf 88' lang='lat' dir='ltr'>sua</span> <span class='ocrx_word' id='word_1_232' title='bbox 728 1662 878 1690; x_wconf 84' lang='lat' dir='ltr'>inanitate</span> <span class='ocrx_word' id='word_1_233' title='bbox 888 1665 1071 1700; x_wconf 85' lang='lat' dir='ltr'>contemptus</span> <span class='ocrx_word' id='word_1_234' title='bbox 1083 1655 1122 1697; x_wconf 90' lang='lat' dir='ltr'>est</span> <span class='ocrx_word' id='word_1_235' title='bbox 1134 1681 1144 1696; x_wconf 94' lang='lat'>‚</span> <span class='ocrx_word' id='word_1_236' title='bbox 1171 1662 1222 1699; x_wconf 84' lang='lat' dir='ltr'>qui</span> 
     </span>
     <span class='ocr_line' id='line_1_33' title="bbox 348 1706 1222 1752; baseline -0.005 -9"><span class='ocrx_word' id='word_1_237' title='bbox 348 1708 383 1743; x_wconf 68' lang='lat'>(⁸5</span> <span class='ocrx_word' id='word_1_238' title='bbox 389 1713 526 1751; x_wconf 80' lang='lat' dir='ltr'>gratiam</span> <span class='ocrx_word' id='word_1_239' title='bbox 541 1732 550 1747; x_wconf 91' lang='lat'>‚</span> <span class='ocrx_word' id='word_1_240' title='bbox 577 1719 667 1750; x_wconf 83' lang='lat' dir='ltr'>quam</span> <span class='ocrx_word' id='word_1_241' title='bbox 672 1706 815 1752; x_wconf 84' lang='lat' dir='ltr'>speravit</span> <span class='ocrx_word' id='word_1_242' title='bbox 828 1732 838 1748; x_wconf 87' lang='lat'>,</span> <span class='ocrx_word' id='word_1_243' title='bbox 850 1719 907 1740; x_wconf 88' lang='lat' dir='ltr'>non</span> <span class='ocrx_word' id='word_1_244' title='bbox 918 1706 956 1747; x_wconf 86' lang='lat' dir='ltr'>est</span> <span class='ocrx_word' id='word_1_245' title='bbox 967 1708 1109 1748; x_wconf 81' lang='lat' dir='ltr'>adeptus,</span> <span class='ocrx_word' id='word_1_246' title='bbox 1121 1707 1155 1740; x_wconf 65' lang='grc' dir='ltr'>ὁ·</span> <span class='ocrx_word' id='word_1_247' title='bbox 1162 1707 1222 1750; x_wconf 85' lang='lat' dir='ltr'>glo-</span> 
     </span>
     <span class='ocr_line' id='line_1_34' title="bbox 346 1753 1223 1804; baseline 0.001 -15"><span class='ocrx_word' id='word_1_248' title='bbox 346 1764 395 1789; x_wconf 84' lang='lat' dir='ltr'>ria</span> <span class='ocrx_word' id='word_1_249' title='bbox 410 1782 420 1797; x_wconf 92' lang='lat'>,</span> <span class='ocrx_word' id='word_1_250' title='bbox 443 1770 533 1800; x_wconf 86' lang='lat' dir='ltr'>quam</span> <span class='ocrx_word' id='word_1_251' title='bbox 550 1753 692 1799; x_wconf 80' lang='lat' dir='ltr'>captavit</span> <span class='ocrx_word' id='word_1_252' title='bbox 703 1783 713 1799; x_wconf 89' lang='lat'>,</span> <span class='ocrx_word' id='word_1_253' title='bbox 741 1765 773 1791; x_wconf 90' lang='lat' dir='ltr'>in</span> <span class='ocrx_word' id='word_1_254' title='bbox 786 1760 903 1804; x_wconf 85' lang='lat' dir='ltr'>culpam</span> <span class='ocrx_word' id='word_1_255' title='bbox 920 1755 1223 1799; x_wconf 84' lang='lat' dir='ltr'>reprehenfionemque</span> 
     </span>
     <span class='ocr_line' id='line_1_35' title="bbox 346 1806 1222 1851; baseline -0.001 -10"><span class='ocrx_word' id='word_1_256' title='bbox 346 1806 489 1851; x_wconf 73' lang='lat' dir='ltr'>converfh</span> <span class='ocrx_word' id='word_1_257' title='bbox 509 1807 555 1848; x_wconf 79' lang='lat' dir='ltr'>est.</span> <span class='ocrx_word' id='word_1_258' title='bbox 585 1808 686 1842; x_wconf 69' lang='lat' dir='ltr'>Disto</span> <span class='ocrx_word' id='word_1_259' title='bbox 707 1807 840 1842; x_wconf 71' lang='lat' dir='ltr'>Basilica</span> <span class='ocrx_word' id='word_1_260' title='bbox 846 1819 917 1844; x_wconf 88' lang='lat' dir='ltr'>rum</span> <span class='ocrx_word' id='word_1_261' title='bbox 941 1809 1123 1844; x_wconf 88' lang='lat' dir='ltr'>eversarum</span> <span class='ocrx_word' id='word_1_262' title='bbox 1135 1817 1222 1841; x_wconf 86' lang='lat' dir='ltr'>anno</span> 
     </span>
     <span class='ocr_line' id='line_1_36' title="bbox 343 1855 1223 1902; baseline -0.002 -12"><span class='ocrx_word' id='word_1_263' title='bbox 343 1856 468 1902; x_wconf 81' lang='lat' dir='ltr'>Magni</span> <span class='ocrx_word' id='word_1_264' title='bbox 491 1857 702 1894; x_wconf 80' lang='lat' dir='ltr'>Constantini</span> <span class='ocrx_word' id='word_1_265' title='bbox 729 1857 825 1891; x_wconf 85' lang='lat' dir='ltr'>Pater</span> <span class='ocrx_word' id='word_1_266' title='bbox 843 1856 1056 1891; x_wconf 87' lang='lat' dir='ltr'>Constantius</span> <span class='ocrx_word' id='word_1_267' title='bbox 1079 1855 1223 1890; x_wconf 79' lang='lat' dir='ltr'>Chlorus</span> 
     </span>
     <span class='ocr_line' id='line_1_37' title="bbox 344 1904 1224 1951; baseline 0 -11"><span class='ocrx_word' id='word_1_268' title='bbox 344 1917 415 1947; x_wconf 75' lang='lat' dir='ltr'>erat</span> <span class='ocrx_word' id='word_1_269' title='bbox 427 1906 532 1942; x_wconf 56' lang='lat' dir='ltr'>Cesar</span> <span class='ocrx_word' id='word_1_270' title='bbox 542 1932 552 1948; x_wconf 91' lang='lat'>,</span> <span class='ocrx_word' id='word_1_271' title='bbox 577 1907 611 1941; x_wconf 76' lang='grc' dir='ltr'>δε</span> <span class='ocrx_word' id='word_1_272' title='bbox 624 1907 763 1941; x_wconf 84' lang='lat' dir='ltr'>biennio</span> <span class='ocrx_word' id='word_1_273' title='bbox 777 1906 848 1951; x_wconf 89' lang='lat' dir='ltr'>post</span> <span class='ocrx_word' id='word_1_274' title='bbox 861 1908 965 1942; x_wconf 70' lang='lat' dir='ltr'>fastus</span> <span class='ocrx_word' id='word_1_275' title='bbox 973 1905 1020 1940; x_wconf 85' lang='lat' dir='ltr'>est</span> <span class='ocrx_word' id='word_1_276' title='bbox 1031 1904 1200 1951; x_wconf 84' lang='lat' dir='ltr'>Augustus</span> <span class='ocrx_word' id='word_1_277' title='bbox 1213 1929 1224 1945; x_wconf 87' lang='lat'>‚</span> 
     </span>
     <span class='ocr_line' id='line_1_38' title="bbox 346 1956 1225 2000; baseline -0.002 -9"><span class='ocrx_word' id='word_1_278' title='bbox 346 1957 380 1998; x_wconf 74' lang='grc' dir='ltr'>βε</span> <span class='ocrx_word' id='word_1_279' title='bbox 391 1968 467 1991; x_wconf 87' lang='lat' dir='ltr'>cum</span> <span class='ocrx_word' id='word_1_280' title='bbox 481 1957 616 1991; x_wconf 86' lang='lat' dir='ltr'>Galerio</span> <span class='ocrx_word' id='word_1_281' title='bbox 629 1958 820 1992; x_wconf 88' lang='lat' dir='ltr'>Maximino</span> <span class='ocrx_word' id='word_1_282' title='bbox 841 1957 948 1991; x_wconf 88' lang='lat' dir='ltr'>divifit</span> <span class='ocrx_word' id='word_1_283' title='bbox 968 1956 1154 2000; x_wconf 85' lang='lat' dir='ltr'>Imperium.</span> <span class='ocrx_word' id='word_1_284' title='bbox 1181 1956 1225 1990; x_wconf 88' lang='lat' dir='ltr'>Et</span> 
     </span>
     <span class='ocr_line' id='line_1_39' title="bbox 345 2006 1224 2051; baseline -0.003 -10"><span class='ocrx_word' id='word_1_285' title='bbox 345 2006 571 2041; x_wconf 80' lang='lat' dir='ltr'>Christianam</span> <span class='ocrx_word' id='word_1_286' title='bbox 592 2007 804 2051; x_wconf 84' lang='lat' dir='ltr'>Religionem</span> <span class='ocrx_word' id='word_1_287' title='bbox 828 2030 839 2046; x_wconf 84' lang='lat'>‚</span> <span class='ocrx_word' id='word_1_288' title='bbox 875 2007 952 2040; x_wconf 89' lang='lat' dir='ltr'>licet</span> <span class='ocrx_word' id='word_1_289' title='bbox 975 2006 1144 2048; x_wconf 84' lang='lat' dir='ltr'>amplexus</span> <span class='ocrx_word' id='word_1_290' title='bbox 1155 2017 1224 2039; x_wconf 88' lang='lat' dir='ltr'>non</span> 
     </span>
     <span class='ocr_line' id='line_1_40' title="bbox 347 2055 1226 2095; baseline -0.002 -5"><span class='ocrx_word' id='word_1_291' title='bbox 347 2057 447 2090; x_wconf 76' lang='lat' dir='ltr'>fuerit</span> <span class='ocrx_word' id='word_1_292' title='bbox 459 2080 468 2095; x_wconf 86' lang='lat'>‚</span> <span class='ocrx_word' id='word_1_293' title='bbox 493 2056 576 2089; x_wconf 91' lang='lat' dir='ltr'>fovit</span> <span class='ocrx_word' id='word_1_294' title='bbox 588 2065 699 2089; x_wconf 86' lang='lat' dir='ltr'>tamen</span> <span class='ocrx_word' id='word_1_295' title='bbox 710 2056 743 2089; x_wconf 89' lang='lat'>&amp;</span> <span class='ocrx_word' id='word_1_296' title='bbox 754 2056 879 2090; x_wconf 88' lang='lat' dir='ltr'>dilexit.</span> <span class='ocrx_word' id='word_1_297' title='bbox 907 2055 1000 2090; x_wconf 83' lang='lat' dir='ltr'>Hinc</span> <span class='ocrx_word' id='word_1_298' title='bbox 1011 2066 1088 2088; x_wconf 89' lang='lat' dir='ltr'>cum</span> <span class='ocrx_word' id='word_1_299' title='bbox 1101 2055 1165 2088; x_wconf 91' lang='lat' dir='ltr'>suis</span> <span class='ocrx_word' id='word_1_300' title='bbox 1178 2066 1226 2088; x_wconf 88' lang='lat' dir='ltr'>ca-</span> 
     </span>
    </p>
   </div>
   <div class='ocr_carea' id='block_1_5' title="bbox 347 2103 1255 2148">
    <p class='ocr_par' dir='ltr' id='par_1_5' title="bbox 347 2103 1255 2148">
     <span class='ocr_line' id='line_1_41' title="bbox 347 2103 1255 2148; baseline 0 -10"><span class='ocrx_word' id='word_1_301' title='bbox 347 2106 486 2144; x_wconf 78' lang='lat' dir='ltr'>lumniis</span> <span class='ocrx_word' id='word_1_302' title='bbox 498 2103 722 2147; x_wconf 90' lang='lat' dir='ltr'>Porphyrium</span> <span class='ocrx_word' id='word_1_303' title='bbox 732 2106 852 2148; x_wconf 90' lang='lat' dir='ltr'>opinor</span> <span class='ocrx_word' id='word_1_304' title='bbox 859 2105 900 2139; x_wconf 92' lang='lat' dir='ltr'>ab</span> <span class='ocrx_word' id='word_1_305' title='bbox 910 2105 969 2138; x_wconf 90' lang='lat' dir='ltr'>illo</span> <span class='ocrx_word' id='word_1_306' title='bbox 979 2105 1072 2138; x_wconf 80' lang='lat' dir='ltr'>fuiffe</span> <span class='ocrx_word' id='word_1_307' title='bbox 1086 2106 1225 2148; x_wconf 88' lang='lat' dir='ltr'>spretum</span> <span class='ocrx_word' id='word_1_308' title='bbox 1253 2111 1255 2114; x_wconf 64' lang='lat'><em>⁴</em></span> 
     </span>
    </p>
   </div>
   <div class='ocr_carea' id='block_1_6' title="bbox 346 2154 1233 3493">
    <p class='ocr_par' dir='ltr' id='par_1_6' title="bbox 346 2154 1232 3445">
     <span class='ocr_line' id='line_1_42' title="bbox 346 2154 1229 2203; baseline -0.007 -12"><span class='ocrx_word' id='word_1_309' title='bbox 346 2155 384 2191; x_wconf 84' lang='lat'>&amp;</span> <span class='ocrx_word' id='word_1_310' title='bbox 396 2155 620 2198; x_wconf 70' lang='lat' dir='ltr'>compressum.</span> <span class='ocrx_word' id='word_1_311' title='bbox 648 2155 751 2203; x_wconf 84' lang='lat' dir='ltr'>Qod</span> <span class='ocrx_word' id='word_1_312' title='bbox 762 2155 830 2198; x_wconf 89' lang='lat' dir='ltr'>ejus</span> <span class='ocrx_word' id='word_1_313' title='bbox 842 2154 1007 2198; x_wconf 73' lang='lat' dir='ltr'>Iudicium</span> <span class='ocrx_word' id='word_1_314' title='bbox 1021 2155 1126 2189; x_wconf 86' lang='lat' dir='ltr'>Filius</span> <span class='ocrx_word' id='word_1_315' title='bbox 1138 2155 1229 2189; x_wconf 77' lang='lat' dir='ltr'>Con.</span> 
     </span>
     <span class='ocr_line' id='line_1_43' title="bbox 348 2204 1227 2245; baseline -0.002 -6"><span class='ocrx_word' id='word_1_316' title='bbox 348 2205 515 2239; x_wconf 80' lang='lat' dir='ltr'>stantinus</span> <span class='ocrx_word' id='word_1_317' title='bbox 525 2230 535 2245; x_wconf 89' lang='lat'>,</span> <span class='ocrx_word' id='word_1_318' title='bbox 561 2204 656 2239; x_wconf 82' lang='lat' dir='ltr'>istius</span> <span class='ocrx_word' id='word_1_319' title='bbox 674 2205 789 2238; x_wconf 78' lang='lat' dir='ltr'>Saeculi</span> <span class='ocrx_word' id='word_1_320' title='bbox 802 2216 893 2238; x_wconf 90' lang='lat' dir='ltr'>anno</span> <span class='ocrx_word' id='word_1_321' title='bbox 906 2206 998 2239; x_wconf 85' lang='lat' dir='ltr'>sexto</span> <span class='ocrx_word' id='word_1_322' title='bbox 1006 2205 1108 2239; x_wconf 70' lang='lat' dir='ltr'>fastus</span> <span class='ocrx_word' id='word_1_323' title='bbox 1119 2205 1153 2237; x_wconf 92' lang='lat' dir='ltr'>in</span> <span class='ocrx_word' id='word_1_324' title='bbox 1166 2205 1227 2237; x_wconf 87' lang='lat' dir='ltr'>lm—</span> 
     </span>
     <span class='ocr_line' id='line_1_44' title="bbox 349 2253 1226 2299; baseline 0 -11"><span class='ocrx_word' id='word_1_325' title='bbox 349 2255 442 2299; x_wconf 87' lang='lat' dir='ltr'>perio</span> <span class='ocrx_word' id='word_1_326' title='bbox 455 2255 622 2290; x_wconf 70' lang='lat' dir='ltr'>Successor</span> <span class='ocrx_word' id='word_1_327' title='bbox 635 2279 646 2294; x_wconf 86' lang='lat'>,</span> <span class='ocrx_word' id='word_1_328' title='bbox 657 2254 800 2290; x_wconf 85' lang='lat' dir='ltr'>firmavit</span> <span class='ocrx_word' id='word_1_329' title='bbox 811 2256 844 2288; x_wconf 91' lang='lat'>&amp;</span> <span class='ocrx_word' id='word_1_330' title='bbox 855 2254 1020 2288; x_wconf 85' lang='lat' dir='ltr'>stabilivit.</span> <span class='ocrx_word' id='word_1_331' title='bbox 1043 2255 1088 2287; x_wconf 91' lang='lat' dir='ltr'>Et</span> <span class='ocrx_word' id='word_1_332' title='bbox 1100 2253 1178 2289; x_wconf 80' lang='lat' dir='ltr'>hinc</span> <span class='ocrx_word' id='word_1_333' title='bbox 1193 2255 1226 2288; x_wconf 86' lang='lat' dir='ltr'>in</span> 
     </span>
     <span class='ocr_line' id='line_1_45' title="bbox 348 2304 1227 2348; baseline -0.002 -9"><span class='ocrx_word' id='word_1_334' title='bbox 348 2304 474 2339; x_wconf 85' lang='lat' dir='ltr'>rabiem</span> <span class='ocrx_word' id='word_1_335' title='bbox 488 2306 576 2339; x_wconf 66' lang='lat' dir='ltr'>attus</span> <span class='ocrx_word' id='word_1_336' title='bbox 587 2304 696 2339; x_wconf 86' lang='lat' dir='ltr'>audax</span> <span class='ocrx_word' id='word_1_337' title='bbox 710 2304 870 2348; x_wconf 81' lang='lat' dir='ltr'>Apostata</span> <span class='ocrx_word' id='word_1_338' title='bbox 883 2304 1004 2348; x_wconf 76' lang='lat' dir='ltr'>scripsit</span> <span class='ocrx_word' id='word_1_339' title='bbox 1015 2304 1114 2341; x_wconf 83' lang='lat' dir='ltr'>etiarn</span> <span class='ocrx_word' id='word_1_340' title='bbox 1128 2305 1162 2337; x_wconf 91' lang='lat' dir='ltr'>in</span> <span class='ocrx_word' id='word_1_341' title='bbox 1177 2305 1227 2348; x_wconf 84' lang='lat' dir='ltr'>Ju-</span> 
     </span>
     <span class='ocr_line' id='line_1_46' title="bbox 350 2354 1226 2398; baseline -0.001 -8"><span class='ocrx_word' id='word_1_342' title='bbox 350 2366 469 2390; x_wconf 87' lang='lat' dir='ltr'>venem</span> <span class='ocrx_word' id='word_1_343' title='bbox 480 2354 666 2398; x_wconf 80' lang='lat' dir='ltr'>Principem</span> <span class='ocrx_word' id='word_1_344' title='bbox 676 2379 686 2395; x_wconf 92' lang='lat'>‚</span> <span class='ocrx_word' id='word_1_345' title='bbox 712 2355 745 2388; x_wconf 88' lang='lat'>&amp;</span> <span class='ocrx_word' id='word_1_346' title='bbox 762 2355 890 2389; x_wconf 88' lang='lat' dir='ltr'>notavit</span> <span class='ocrx_word' id='word_1_347' title='bbox 902 2354 943 2389; x_wconf 93' lang='lat' dir='ltr'>de</span> <span class='ocrx_word' id='word_1_348' title='bbox 954 2354 1150 2397; x_wconf 87' lang='lat' dir='ltr'>Tyrannide</span> <span class='ocrx_word' id='word_1_349' title='bbox 1163 2367 1172 2396; x_wconf 83' lang='lat'>3</span> <span class='ocrx_word' id='word_1_350' title='bbox 1194 2355 1226 2389; x_wconf 72' lang='grc' dir='ltr'>ὅ(</span> 
     </span>
     <span class='ocr_line' id='line_1_47' title="bbox 350 2403 1227 2449; baseline -0.002 -11"><span class='ocrx_word' id='word_1_351' title='bbox 350 2416 411 2449; x_wconf 79' lang='lat' dir='ltr'>pro</span> <span class='ocrx_word' id='word_1_352' title='bbox 424 2406 482 2438; x_wconf 91' lang='lat' dir='ltr'>suo</span> <span class='ocrx_word' id='word_1_353' title='bbox 495 2404 712 2438; x_wconf 89' lang='lat' dir='ltr'>fundamento</span> <span class='ocrx_word' id='word_1_354' title='bbox 726 2404 865 2438; x_wconf 86' lang='lat' dir='ltr'>adduxit</span> <span class='ocrx_word' id='word_1_355' title='bbox 874 2404 942 2447; x_wconf 87' lang='lat' dir='ltr'>ejus</span> <span class='ocrx_word' id='word_1_356' title='bbox 949 2403 1090 2439; x_wconf 85' lang='lat' dir='ltr'>Patriam</span> <span class='ocrx_word' id='word_1_357' title='bbox 1100 2404 1227 2438; x_wconf 75' lang='lat' dir='ltr'>Britan·</span> 
     </span>
     <span class='ocr_line' id='line_1_48' title="bbox 350 2453 1226 2497; baseline -0.002 -8"><span class='ocrx_word' id='word_1_358' title='bbox 350 2454 442 2489; x_wconf 82' lang='lat' dir='ltr'>niam</span> <span class='ocrx_word' id='word_1_359' title='bbox 453 2478 463 2494; x_wconf 84' lang='lat'>‚</span> <span class='ocrx_word' id='word_1_360' title='bbox 477 2454 647 2497; x_wconf 84' lang='lat' dir='ltr'>antiquam</span> <span class='ocrx_word' id='word_1_361' title='bbox 660 2454 806 2488; x_wconf 84' lang='lat' dir='ltr'>Matrem</span> <span class='ocrx_word' id='word_1_362' title='bbox 819 2455 1069 2497; x_wconf 72' lang='lat' dir='ltr'>Tyrannorum,</span> <span class='ocrx_word' id='word_1_363' title='bbox 1092 2454 1135 2491; x_wconf 85' lang='lat' dir='ltr'>Et</span> <span class='ocrx_word' id='word_1_364' title='bbox 1148 2453 1226 2487; x_wconf 79' lang='lat' dir='ltr'>hinc</span> 
     </span>
     <span class='ocr_line' id='line_1_49' title="bbox 351 2503 1227 2548; baseline -0.001 -11"><span class='ocrx_word' id='word_1_365' title='bbox 351 2512 444 2548; x_wconf 83' lang='lat' dir='ltr'>patet</span> <span class='ocrx_word' id='word_1_366' title='bbox 468 2503 724 2537; x_wconf 86' lang='lat' dir='ltr'>Constantinum</span> <span class='ocrx_word' id='word_1_367' title='bbox 742 2504 835 2536; x_wconf 68' lang='lat' dir='ltr'>fuisse</span> <span class='ocrx_word' id='word_1_368' title='bbox 857 2516 925 2538; x_wconf 90' lang='lat' dir='ltr'>non</span> <span class='ocrx_word' id='word_1_369' title='bbox 948 2503 1148 2546; x_wconf 71' lang='lat' dir='ltr'>Bithynium</span> <span class='ocrx_word' id='word_1_370' title='bbox 1169 2513 1227 2538; x_wconf 87' lang='lat' dir='ltr'>aut</span> 
     </span>
     <span class='ocr_line' id='line_1_50' title="bbox 352 2552 1226 2596; baseline -0.001 -9"><span class='ocrx_word' id='word_1_371' title='bbox 352 2554 599 2596; x_wconf 83' lang='lat' dir='ltr'>Drepanensem</span> <span class='ocrx_word' id='word_1_372' title='bbox 611 2577 621 2593; x_wconf 93' lang='lat'>‚</span> <span class='ocrx_word' id='word_1_373' title='bbox 644 2552 696 2586; x_wconf 86' lang='lat' dir='ltr'>sed</span> <span class='ocrx_word' id='word_1_374' title='bbox 708 2553 913 2587; x_wconf 85' lang='lat' dir='ltr'>Britannum.</span> <span class='ocrx_word' id='word_1_375' title='bbox 941 2552 1001 2586; x_wconf 88' lang='lat' dir='ltr'>Ast</span> <span class='ocrx_word' id='word_1_376' title='bbox 1014 2554 1048 2587; x_wconf 92' lang='lat' dir='ltr'>in</span> <span class='ocrx_word' id='word_1_377' title='bbox 1056 2564 1133 2587; x_wconf 90' lang='lat' dir='ltr'>eum</span> <span class='ocrx_word' id='word_1_378' title='bbox 1148 2578 1158 2594; x_wconf 93' lang='lat'>,</span> <span class='ocrx_word' id='word_1_379' title='bbox 1170 2554 1226 2596; x_wconf 91' lang='lat' dir='ltr'>qui</span> 
     </span>
     <span class='ocr_line' id='line_1_51' title="bbox 353 2601 1228 2647; baseline -0.001 -10"><span class='ocrx_word' id='word_1_380' title='bbox 353 2602 553 2647; x_wconf 87' lang='lat' dir='ltr'>proscribere</span> <span class='ocrx_word' id='word_1_381' title='bbox 564 2601 669 2645; x_wconf 86' lang='lat' dir='ltr'>potest</span> <span class='ocrx_word' id='word_1_382' title='bbox 684 2626 694 2642; x_wconf 88' lang='lat'>‚</span> <span class='ocrx_word' id='word_1_383' title='bbox 707 2603 925 2646; x_wconf 87' lang='lat' dir='ltr'>periculosum</span> <span class='ocrx_word' id='word_1_384' title='bbox 939 2603 983 2636; x_wconf 88' lang='lat' dir='ltr'>est</span> <span class='ocrx_word' id='word_1_385' title='bbox 996 2602 1142 2636; x_wconf 84' lang='lat' dir='ltr'>scribere.</span> <span class='ocrx_word' id='word_1_386' title='bbox 1169 2603 1228 2638; x_wconf 87' lang='lat' dir='ltr'>Et-</span> 
     </span>
     <span class='ocr_line' id='line_1_52' title="bbox 354 2651 1227 2696; baseline -0.001 -9"><span class='ocrx_word' id='word_1_387' title='bbox 354 2654 446 2687; x_wconf 86' lang='lat' dir='ltr'>enim</span> <span class='ocrx_word' id='word_1_388' title='bbox 457 2653 490 2686; x_wconf 88' lang='lat'>&amp;</span> <span class='ocrx_word' id='word_1_389' title='bbox 503 2653 633 2686; x_wconf 78' lang='lat' dir='ltr'>Divinae</span> <span class='ocrx_word' id='word_1_390' title='bbox 645 2652 679 2686; x_wconf 72' lang='grc' dir='ltr'>ὃ(</span> <span class='ocrx_word' id='word_1_391' title='bbox 690 2651 840 2685; x_wconf 75' lang='lat' dir='ltr'>humanae</span> <span class='ocrx_word' id='word_1_392' title='bbox 862 2653 1041 2696; x_wconf 86' lang='lat' dir='ltr'>Majestatis</span> <span class='ocrx_word' id='word_1_393' title='bbox 1053 2653 1227 2689; x_wconf 80' lang='lat' dir='ltr'>effrontem</span> 
     </span>
     <span class='ocr_line' id='line_1_53' title="bbox 355 2701 1229 2746; baseline -0.001 -9"><span class='ocrx_word' id='word_1_394' title='bbox 355 2703 641 2738; x_wconf 88' lang='lat' dir='ltr'>Calumniatorem</span> <span class='ocrx_word' id='word_1_395' title='bbox 651 2701 890 2739; x_wconf 84' lang='lat' dir='ltr'>Constantinus</span> <span class='ocrx_word' id='word_1_396' title='bbox 912 2702 1096 2746; x_wconf 75' lang='lat' dir='ltr'>proscripsit</span> <span class='ocrx_word' id='word_1_397' title='bbox 1119 2703 1153 2736; x_wconf 77' lang='grc' dir='ltr'>ἀ</span> <span class='ocrx_word' id='word_1_398' title='bbox 1175 2702 1229 2736; x_wconf 88' lang='lat' dir='ltr'>de-</span> 
     </span>
     <span class='ocr_line' id='line_1_54' title="bbox 355 2752 1228 2798; baseline -0.005 -10"><span class='ocrx_word' id='word_1_399' title='bbox 355 2753 507 2798; x_wconf 85' lang='lat' dir='ltr'>portavit.</span> <span class='ocrx_word' id='word_1_400' title='bbox 537 2753 582 2786; x_wconf 89' lang='lat' dir='ltr'>Et</span> <span class='ocrx_word' id='word_1_401' title='bbox 593 2752 732 2797; x_wconf 88' lang='lat' dir='ltr'>gloriam</span> <span class='ocrx_word' id='word_1_402' title='bbox 745 2777 756 2793; x_wconf 92' lang='lat'>‚</span> <span class='ocrx_word' id='word_1_403' title='bbox 783 2764 881 2796; x_wconf 90' lang='lat' dir='ltr'>quam</span> <span class='ocrx_word' id='word_1_404' title='bbox 894 2752 951 2786; x_wconf 89' lang='lat' dir='ltr'>ille</span> <span class='ocrx_word' id='word_1_405' title='bbox 958 2752 1103 2796; x_wconf 84' lang='lat' dir='ltr'>captavit</span> <span class='ocrx_word' id='word_1_406' title='bbox 1113 2776 1124 2792; x_wconf 90' lang='lat'>‚</span> <span class='ocrx_word' id='word_1_407' title='bbox 1149 2763 1228 2786; x_wconf 92' lang='lat' dir='ltr'>con-</span> 
     </span>
     <span class='ocr_line' id='line_1_55' title="bbox 357 2800 1228 2845; baseline -0.002 -8"><span class='ocrx_word' id='word_1_408' title='bbox 357 2805 454 2837; x_wconf 90' lang='lat' dir='ltr'>vertit</span> <span class='ocrx_word' id='word_1_409' title='bbox 465 2803 499 2836; x_wconf 90' lang='lat' dir='ltr'>in</span> <span class='ocrx_word' id='word_1_410' title='bbox 519 2802 650 2845; x_wconf 85' lang='lat' dir='ltr'>culpam</span> <span class='ocrx_word' id='word_1_411' title='bbox 659 2803 692 2836; x_wconf 77' lang='grc' dir='ltr'>ἀ</span> <span class='ocrx_word' id='word_1_412' title='bbox 703 2800 991 2845; x_wconf 87' lang='lat' dir='ltr'>reprehenfionem.</span> <span class='ocrx_word' id='word_1_413' title='bbox 1019 2804 1148 2837; x_wconf 89' lang='lat' dir='ltr'>Omnes</span> <span class='ocrx_word' id='word_1_414' title='bbox 1160 2802 1228 2845; x_wconf 87' lang='lat' dir='ltr'>ejus</span> 
     </span>
     <span class='ocr_line' id='line_1_56' title="bbox 357 2852 1230 2897; baseline -0.002 -11"><span class='ocrx_word' id='word_1_415' title='bbox 357 2853 477 2886; x_wconf 89' lang='lat' dir='ltr'>Libros</span> <span class='ocrx_word' id='word_1_416' title='bbox 488 2852 655 2886; x_wconf 89' lang='lat' dir='ltr'>damnavit</span> <span class='ocrx_word' id='word_1_417' title='bbox 669 2852 710 2887; x_wconf 92' lang='lat' dir='ltr'>ad</span> <span class='ocrx_word' id='word_1_418' title='bbox 720 2853 843 2896; x_wconf 85' lang='lat' dir='ltr'>ignem.</span> <span class='ocrx_word' id='word_1_419' title='bbox 872 2853 952 2887; x_wconf 93' lang='lat' dir='ltr'>Non</span> <span class='ocrx_word' id='word_1_420' title='bbox 967 2852 1068 2897; x_wconf 87' lang='lat' dir='ltr'>igitur</span> <span class='ocrx_word' id='word_1_421' title='bbox 1080 2852 1230 2888; x_wconf 65' lang='lat' dir='ltr'>sanstiffi-</span> 
     </span>
     <span class='ocr_line' id='line_1_57' title="bbox 359 2901 1228 2946; baseline 0.002 -12"><span class='ocrx_word' id='word_1_422' title='bbox 359 2913 449 2934; x_wconf 87' lang='lat' dir='ltr'>mam</span> <span class='ocrx_word' id='word_1_423' title='bbox 459 2902 663 2936; x_wconf 86' lang='lat' dir='ltr'>Trinitatem</span> <span class='ocrx_word' id='word_1_424' title='bbox 676 2926 687 2942; x_wconf 93' lang='lat'>,</span> <span class='ocrx_word' id='word_1_425' title='bbox 713 2902 767 2936; x_wconf 89' lang='lat' dir='ltr'>sed</span> <span class='ocrx_word' id='word_1_426' title='bbox 779 2901 1001 2935; x_wconf 83' lang='lat' dir='ltr'>Christianam</span> <span class='ocrx_word' id='word_1_427' title='bbox 1012 2902 1228 2946; x_wconf 84' lang='lat' dir='ltr'>Religionem</span> 
     </span>
     <span class='ocr_line' id='line_1_58' title="bbox 361 2949 1230 2993; baseline 0.002 -10"><span class='ocrx_word' id='word_1_428' title='bbox 361 2949 562 2993; x_wconf 87' lang='lat' dir='ltr'>Porphyrius</span> <span class='ocrx_word' id='word_1_429' title='bbox 572 2952 695 2985; x_wconf 84' lang='lat' dir='ltr'>studuit</span> <span class='ocrx_word' id='word_1_430' title='bbox 707 2961 856 2986; x_wconf 87' lang='lat' dir='ltr'>evertere:</span> <span class='ocrx_word' id='word_1_431' title='bbox 869 2951 1053 2986; x_wconf 87' lang='lat' dir='ltr'>Debachari</span> <span class='ocrx_word' id='word_1_432' title='bbox 1065 2953 1166 2986; x_wconf 89' lang='lat' dir='ltr'>etiam</span> <span class='ocrx_word' id='word_1_433' title='bbox 1178 2963 1230 2985; x_wconf 89' lang='lat' dir='ltr'>au—</span> 
     </span>
     <span class='ocr_line' id='line_1_59' title="bbox 361 3000 1232 3045; baseline 0.002 -12"><span class='ocrx_word' id='word_1_434' title='bbox 361 3001 413 3033; x_wconf 86' lang='lat' dir='ltr'>sus</span> <span class='ocrx_word' id='word_1_435' title='bbox 427 3001 460 3033; x_wconf 91' lang='lat' dir='ltr'>in</span> <span class='ocrx_word' id='word_1_436' title='bbox 474 3000 578 3042; x_wconf 87' lang='lat' dir='ltr'>ipsum</span> <span class='ocrx_word' id='word_1_437' title='bbox 591 3001 786 3045; x_wconf 86' lang='lat' dir='ltr'>Principem.</span> <span class='ocrx_word' id='word_1_438' title='bbox 815 3002 941 3035; x_wconf 85' lang='lat' dir='ltr'>Eadem</span> <span class='ocrx_word' id='word_1_439' title='bbox 962 3003 1077 3036; x_wconf 88' lang='lat' dir='ltr'>omnia</span> <span class='ocrx_word' id='word_1_440' title='bbox 1095 3012 1232 3036; x_wconf 84' lang='lat' dir='ltr'>attenta-</span> 
     </span>
     <span class='ocr_line' id='line_1_60' title="bbox 362 3049 1231 3096; baseline 0.003 -15"><span class='ocrx_word' id='word_1_441' title='bbox 362 3050 409 3082; x_wconf 87' lang='lat' dir='ltr'>vit</span> <span class='ocrx_word' id='word_1_442' title='bbox 423 3049 529 3082; x_wconf 86' lang='lat' dir='ltr'>Arius.</span> <span class='ocrx_word' id='word_1_443' title='bbox 558 3050 645 3083; x_wconf 86' lang='lat' dir='ltr'>Nam</span> <span class='ocrx_word' id='word_1_444' title='bbox 657 3052 748 3094; x_wconf 89' lang='lat' dir='ltr'>quod</span> <span class='ocrx_word' id='word_1_445' title='bbox 759 3052 792 3085; x_wconf 74' lang='grc' dir='ltr'>δε</span> <span class='ocrx_word' id='word_1_446' title='bbox 815 3052 848 3085; x_wconf 89' lang='lat' dir='ltr'>in</span> <span class='ocrx_word' id='word_1_447' title='bbox 873 3052 992 3096; x_wconf 82' lang='lat' dir='ltr'>Magni</span> <span class='ocrx_word' id='word_1_448' title='bbox 1016 3052 1231 3086; x_wconf 87' lang='lat' dir='ltr'>Constantini</span> 
     </span>
     <span class='ocr_line' id='line_1_61' title="bbox 362 3098 1232 3145; baseline 0.005 -15"><span class='ocrx_word' id='word_1_449' title='bbox 362 3098 567 3140; x_wconf 64' lang='lat' dir='ltr'>Maiestatem</span> <span class='ocrx_word' id='word_1_450' title='bbox 580 3101 738 3134; x_wconf 86' lang='lat' dir='ltr'>vomuerit</span> <span class='ocrx_word' id='word_1_451' title='bbox 749 3102 1024 3143; x_wconf 86' lang='lat' dir='ltr'>contumelias,est</span> <span class='ocrx_word' id='word_1_452' title='bbox 1034 3102 1127 3145; x_wconf 75' lang='lat' dir='ltr'>ssipra</span> <span class='ocrx_word' id='word_1_453' title='bbox 1139 3112 1232 3135; x_wconf 87' lang='lat' dir='ltr'>mon-</span> 
     </span>
     <span class='ocr_line' id='line_1_62' title="bbox 363 3147 1232 3193; baseline 0.007 -14"><span class='ocrx_word' id='word_1_454' title='bbox 363 3147 505 3180; x_wconf 86' lang='lat' dir='ltr'>stratum.</span> <span class='ocrx_word' id='word_1_455' title='bbox 534 3149 578 3180; x_wconf 85' lang='lat' dir='ltr'>Et</span> <span class='ocrx_word' id='word_1_456' title='bbox 591 3148 716 3182; x_wconf 85' lang='lat' dir='ltr'>addidit</span> <span class='ocrx_word' id='word_1_457' title='bbox 736 3150 960 3193; x_wconf 87' lang='lat' dir='ltr'>blasphemum</span> <span class='ocrx_word' id='word_1_458' title='bbox 981 3151 1105 3186; x_wconf 88' lang='lat' dir='ltr'>bellum</span> <span class='ocrx_word' id='word_1_459' title='bbox 1118 3152 1152 3185; x_wconf 91' lang='lat' dir='ltr'>in</span> <span class='ocrx_word' id='word_1_460' title='bbox 1164 3152 1232 3185; x_wconf 81' lang='lat' dir='ltr'>san-</span> 
     </span>
     <span class='ocr_line' id='line_1_63' title="bbox 362 3196 1232 3236; baseline 0.002 -4"><span class='ocrx_word' id='word_1_461' title='bbox 362 3196 532 3232; x_wconf 62' lang='lat' dir='ltr'>&amp;iffimam</span> <span class='ocrx_word' id='word_1_462' title='bbox 543 3197 757 3231; x_wconf 83' lang='lat' dir='ltr'>Trinitatem.</span> <span class='ocrx_word' id='word_1_463' title='bbox 777 3201 927 3235; x_wconf 89' lang='lat' dir='ltr'>Conatus</span> <span class='ocrx_word' id='word_1_464' title='bbox 936 3201 981 3235; x_wconf 88' lang='lat' dir='ltr'>est</span> <span class='ocrx_word' id='word_1_465' title='bbox 993 3202 1232 3236; x_wconf 86' lang='lat' dir='ltr'>Gentilismum</span> 
     </span>
     <span class='ocr_line' id='line_1_64' title="bbox 363 3245 1228 3288; baseline 0.002 -9"><span class='ocrx_word' id='word_1_466' title='bbox 363 3247 472 3281; x_wconf 84' lang='lat' dir='ltr'>fucare</span> <span class='ocrx_word' id='word_1_467' title='bbox 484 3245 670 3280; x_wconf 84' lang='lat' dir='ltr'>Christiano</span> <span class='ocrx_word' id='word_1_468' title='bbox 679 3249 830 3288; x_wconf 88' lang='lat' dir='ltr'>nomine,</span> <span class='ocrx_word' id='word_1_469' title='bbox 856 3252 1059 3286; x_wconf 59' lang='lat' dir='ltr'>&amp;reducem</span> <span class='ocrx_word' id='word_1_470' title='bbox 1087 3250 1181 3284; x_wconf 84' lang='lat' dir='ltr'>Hinc</span> <span class='ocrx_word' id='word_1_471' title='bbox 1194 3251 1228 3284; x_wconf 89' lang='lat'>&amp;</span> 
     </span>
     <span class='ocr_line' id='line_1_65' title="bbox 363 3296 1231 3344; baseline 0.006 -16"><span class='ocrx_word' id='word_1_472' title='bbox 363 3296 470 3339; x_wconf 85' lang='lat' dir='ltr'>ipsum</span> <span class='ocrx_word' id='word_1_473' title='bbox 483 3319 493 3334; x_wconf 95' lang='lat'>,</span> <span class='ocrx_word' id='word_1_474' title='bbox 518 3296 551 3328; x_wconf 88' lang='lat'>&amp;</span> <span class='ocrx_word' id='word_1_475' title='bbox 572 3296 640 3338; x_wconf 76' lang='lat' dir='ltr'>ejus</span> <span class='ocrx_word' id='word_1_476' title='bbox 666 3298 814 3339; x_wconf 82' lang='lat' dir='ltr'>sequaces</span> <span class='ocrx_word' id='word_1_477' title='bbox 834 3298 980 3344; x_wconf 88' lang='lat' dir='ltr'>Magnus</span> <span class='ocrx_word' id='word_1_478' title='bbox 991 3301 1231 3336; x_wconf 87' lang='lat' dir='ltr'>Constantinus</span> 
     </span>
     <span class='ocr_line' id='line_1_66' title="bbox 364 3344 1232 3391; baseline 0.002 -8"><span class='ocrx_word' id='word_1_479' title='bbox 364 3345 448 3383; x_wconf 67' lang='grc' dir='ltr'>τεᾶὲ</span> <span class='ocrx_word' id='word_1_480' title='bbox 468 3344 552 3387; x_wconf 76' lang='lat' dir='ltr'>juffit</span> <span class='ocrx_word' id='word_1_481' title='bbox 574 3345 727 3389; x_wconf 84' lang='lat' dir='ltr'>appellari</span> <span class='ocrx_word' id='word_1_482' title='bbox 753 3345 997 3391; x_wconf 82' lang='lat' dir='ltr'>porphyrianos</span> <span class='ocrx_word' id='word_1_483' title='bbox 1010 3375 1021 3391; x_wconf 94' lang='lat'>‚</span> <span class='ocrx_word' id='word_1_484' title='bbox 1046 3352 1080 3385; x_wconf 76' lang='grc' dir='ltr'>δε</span> <span class='ocrx_word' id='word_1_485' title='bbox 1100 3349 1232 3385; x_wconf 89' lang='lat' dir='ltr'>eosdem</span> 
     </span>
     <span class='ocr_line' id='line_1_67' title="bbox 364 3395 850 3445; baseline -0.004 -16"><span class='ocrx_word' id='word_1_486' title='bbox 364 3406 423 3445; x_wconf 83' lang='lat' dir='ltr'>per</span> <span class='ocrx_word' id='word_1_487' title='bbox 432 3395 545 3429; x_wconf 90' lang='lat' dir='ltr'>omnia</span> <span class='ocrx_word' id='word_1_488' title='bbox 559 3395 664 3437; x_wconf 88' lang='lat' dir='ltr'>poenis</span> <span class='ocrx_word' id='word_1_489' title='bbox 674 3395 850 3429; x_wconf 57' lang='lat' dir='ltr'>muletavit.</span> 
     </span>
    </p>

    <p class='ocr_par' dir='ltr' id='par_1_7' title="bbox 414 3443 1233 3493">
     <span class='ocr_line' id='line_1_68' title="bbox 414 3443 1233 3493; baseline 0.005 -14"><span class='ocrx_word' id='word_1_490' title='bbox 414 3445 449 3480; x_wconf 92' lang='lat' dir='ltr'>N</span> <span class='ocrx_word' id='word_1_491' title='bbox 452 3443 573 3479; x_wconf 83' lang='lat' dir='ltr'>oranda</span> <span class='ocrx_word' id='word_1_492' title='bbox 584 3444 659 3479; x_wconf 90' lang='lat' dir='ltr'>sunt</span> <span class='ocrx_word' id='word_1_493' title='bbox 670 3443 883 3483; x_wconf 87' lang='lat' dir='ltr'>Constantini</span> <span class='ocrx_word' id='word_1_494' title='bbox 906 3446 947 3481; x_wconf 92' lang='lat' dir='ltr'>de</span> <span class='ocrx_word' id='word_1_495' title='bbox 968 3447 1154 3493; x_wconf 88' lang='lat' dir='ltr'>Porphyrio</span> <span class='ocrx_word' id='word_1_496' title='bbox 1165 3460 1233 3484; x_wconf 92' lang='lat' dir='ltr'>ver-</span> 
     </span>
    </p>
   </div>
   <div class='ocr_carea' id='block_1_7' title="bbox 1284 152 2158 850">
    <p class='ocr_par' dir='ltr' id='par_1_8' title="bbox 1284 152 2158 850">
     <span class='ocr_line' id='line_1_69' title="bbox 1284 152 2153 201; baseline 0.008 -15"><span class='ocrx_word' id='word_1_497' title='bbox 1284 152 1326 186; x_wconf 88' lang='lat' dir='ltr'>ba</span> <span class='ocrx_word' id='word_1_498' title='bbox 1339 167 1346 186; x_wconf 91' lang='lat'>:</span> <span class='ocrx_word' id='word_1_499' title='bbox 1360 157 1505 198; x_wconf 73' lang='lat' dir='ltr'>Nefarios</span> <span class='ocrx_word' id='word_1_500' title='bbox 1517 157 1606 190; x_wconf 80' lang='lat' dir='ltr'>libros</span> <span class='ocrx_word' id='word_1_501' title='bbox 1618 165 1711 199; x_wconf 84' lang='lat' dir='ltr'>nuper</span> <span class='ocrx_word' id='word_1_502' title='bbox 1721 157 1835 190; x_wconf 82' lang='lat' dir='ltr'>edebat.</span> <span class='ocrx_word' id='word_1_503' title='bbox 1850 154 2153 201; x_wconf 62' lang='lat' dir='ltr'>Constantinushgc</span> 
     </span>
     <span class='ocr_line' id='line_1_70' title="bbox 1287 203 2155 251; baseline 0.006 -15"><span class='ocrx_word' id='word_1_504' title='bbox 1287 203 1402 248; x_wconf 81' lang='lat' dir='ltr'>scripsit</span> <span class='ocrx_word' id='word_1_505' title='bbox 1415 206 1537 241; x_wconf 83' lang='lat' dir='ltr'>Christi</span> <span class='ocrx_word' id='word_1_506' title='bbox 1552 207 1694 241; x_wconf 88' lang='lat' dir='ltr'>Domini</span> <span class='ocrx_word' id='word_1_507' title='bbox 1708 219 1798 241; x_wconf 85' lang='lat' dir='ltr'>anno</span> <span class='ocrx_word' id='word_1_508' title='bbox 1811 206 2035 241; x_wconf 77' lang='lat' dir='ltr'>trecentesimo</span> <span class='ocrx_word' id='word_1_509' title='bbox 2043 208 2155 251; x_wconf 78' lang='lat' dir='ltr'>vigeli-</span> 
     </span>
     <span class='ocr_line' id='line_1_71' title="bbox 1286 256 2152 304; baseline 0.005 -17"><span class='ocrx_word' id='word_1_510' title='bbox 1286 263 1341 287; x_wconf 87' lang='lat' dir='ltr'>mo</span> <span class='ocrx_word' id='word_1_511' title='bbox 1351 256 1478 299; x_wconf 89' lang='lat' dir='ltr'>quinto.</span> <span class='ocrx_word' id='word_1_512' title='bbox 1489 257 1569 304; x_wconf 76' lang='lat' dir='ltr'>Qio</span> <span class='ocrx_word' id='word_1_513' title='bbox 1581 257 1706 299; x_wconf 78' lang='lat' dir='ltr'>praeeise</span> <span class='ocrx_word' id='word_1_514' title='bbox 1717 268 1806 292; x_wconf 90' lang='lat' dir='ltr'>anno</span> <span class='ocrx_word' id='word_1_515' title='bbox 1817 256 2010 300; x_wconf 83' lang='lat' dir='ltr'>deportavit,</span> <span class='ocrx_word' id='word_1_516' title='bbox 2023 256 2152 301; x_wconf 89' lang='lat' dir='ltr'>ignoro.</span> 
     </span>
     <span class='ocr_line' id='line_1_72' title="bbox 1287 303 2154 350; baseline 0.003 -12"><span class='ocrx_word' id='word_1_517' title='bbox 1287 303 1377 339; x_wconf 87' lang='lat' dir='ltr'>Hinc</span> <span class='ocrx_word' id='word_1_518' title='bbox 1388 305 1522 339; x_wconf 86' lang='lat' dir='ltr'>interim</span> <span class='ocrx_word' id='word_1_519' title='bbox 1534 306 1626 339; x_wconf 86' lang='lat' dir='ltr'>nosci</span> <span class='ocrx_word' id='word_1_520' title='bbox 1638 307 1740 349; x_wconf 83' lang='lat' dir='ltr'>potest</span> <span class='ocrx_word' id='word_1_521' title='bbox 1753 317 1827 342; x_wconf 84' lang='lat' dir='ltr'>aetas</span> <span class='ocrx_word' id='word_1_522' title='bbox 1845 305 2033 350; x_wconf 87' lang='lat' dir='ltr'>Porphyrii.</span> <span class='ocrx_word' id='word_1_523' title='bbox 2044 307 2154 350; x_wconf 87' lang='lat' dir='ltr'>Ipsum</span> 
     </span>
     <span class='ocr_line' id='line_1_73' title="bbox 1287 354 2155 401; baseline 0.005 -15"><span class='ocrx_word' id='word_1_524' title='bbox 1287 354 1378 389; x_wconf 75' lang='lat' dir='ltr'>fuisse</span> <span class='ocrx_word' id='word_1_525' title='bbox 1390 356 1549 399; x_wconf 85' lang='lat' dir='ltr'>Tyrium,</span> <span class='ocrx_word' id='word_1_526' title='bbox 1562 367 1682 400; x_wconf 91' lang='lat' dir='ltr'>genere</span> <span class='ocrx_word' id='word_1_527' title='bbox 1692 357 1839 391; x_wconf 88' lang='lat' dir='ltr'>nobilem</span> <span class='ocrx_word' id='word_1_528' title='bbox 1851 382 1861 398; x_wconf 97' lang='lat'>,</span> <span class='ocrx_word' id='word_1_529' title='bbox 1873 358 1906 392; x_wconf 74' lang='grc' dir='ltr'>ὃ(</span> <span class='ocrx_word' id='word_1_530' title='bbox 1917 357 2067 401; x_wconf 90' lang='lat' dir='ltr'>Longini</span> <span class='ocrx_word' id='word_1_531' title='bbox 2079 356 2155 390; x_wconf 86' lang='lat' dir='ltr'>Phi-</span> 
     </span>
     <span class='ocr_line' id='line_1_74' title="bbox 1288 403 2155 450; baseline 0.005 -14"><span class='ocrx_word' id='word_1_532' title='bbox 1288 403 1414 448; x_wconf 86' lang='lat' dir='ltr'>losophi</span> <span class='ocrx_word' id='word_1_533' title='bbox 1426 405 1627 450; x_wconf 88' lang='lat' dir='ltr'>discipulum</span> <span class='ocrx_word' id='word_1_534' title='bbox 1637 407 1775 440; x_wconf 86' lang='lat' dir='ltr'>affirmat</span> <span class='ocrx_word' id='word_1_535' title='bbox 1788 408 1958 450; x_wconf 87' lang='lat' dir='ltr'>Eunapius</span> <span class='ocrx_word' id='word_1_536' title='bbox 1968 407 2155 448; x_wconf 86' lang='lat' dir='ltr'>Sardianus,</span> 
     </span>
     <span class='ocr_line' id='line_1_75' title="bbox 1286 454 2156 500; baseline 0.002 -13"><span class='ocrx_word' id='word_1_537' title='bbox 1286 454 1319 487; x_wconf 74' lang='grc' dir='ltr'>δε</span> <span class='ocrx_word' id='word_1_538' title='bbox 1331 454 1490 500; x_wconf 79' lang='lat' dir='ltr'>adjungit:</span> <span class='ocrx_word' id='word_1_539' title='bbox 1505 455 1664 498; x_wconf 81' lang='lat' dir='ltr'>Porphyrio</span> <span class='ocrx_word' id='word_1_540' title='bbox 1675 468 1777 489; x_wconf 87' lang='lat' dir='ltr'>nomen</span> <span class='ocrx_word' id='word_1_541' title='bbox 1787 463 1872 490; x_wconf 86' lang='lat' dir='ltr'>initio</span> <span class='ocrx_word' id='word_1_542' title='bbox 1874 457 1985 500; x_wconf 87' lang='lat' dir='ltr'>fuerat</span> <span class='ocrx_word' id='word_1_543' title='bbox 1998 459 2156 497; x_wconf 87' lang='lat' dir='ltr'>Malotius‚</span> 
     </span>
     <span class='ocr_line' id='line_1_76' title="bbox 1287 505 2154 550; baseline 0.005 -14"><span class='ocrx_word' id='word_1_544' title='bbox 1287 505 1504 546; x_wconf 66' lang='lat' dir='ltr'>quodsyrorum</span> <span class='ocrx_word' id='word_1_545' title='bbox 1514 507 1617 550; x_wconf 81' lang='lat' dir='ltr'>lingua</span> <span class='ocrx_word' id='word_1_546' title='bbox 1628 510 1737 549; x_wconf 79' lang='lat' dir='ltr'>Regem</span> <span class='ocrx_word' id='word_1_547' title='bbox 1741 505 1842 548; x_wconf 79' lang='lat' dir='ltr'>Jimat,</span> <span class='ocrx_word' id='word_1_548' title='bbox 1847 506 1907 550; x_wconf 87' lang='lat' dir='ltr'>sed</span> <span class='ocrx_word' id='word_1_549' title='bbox 1915 508 1967 540; x_wconf 85' lang='lat' dir='ltr'>det</span> <span class='ocrx_word' id='word_1_550' title='bbox 1980 516 2046 540; x_wconf 88' lang='lat' dir='ltr'>orta</span> <span class='ocrx_word' id='word_1_551' title='bbox 2056 507 2154 549; x_wconf 86' lang='lat' dir='ltr'>appel-</span> 
     </span>
     <span class='ocr_line' id='line_1_77' title="bbox 1287 555 2154 601; baseline 0.003 -15"><span class='ocrx_word' id='word_1_552' title='bbox 1287 555 1395 587; x_wconf 79' lang='lat' dir='ltr'>latione</span> <span class='ocrx_word' id='word_1_553' title='bbox 1404 557 1448 589; x_wconf 86' lang='lat' dir='ltr'>ad</span> <span class='ocrx_word' id='word_1_554' title='bbox 1455 560 1626 598; x_wconf 78' lang='lat' dir='ltr'>Pur-puram</span> <span class='ocrx_word' id='word_1_555' title='bbox 1639 581 1649 597; x_wconf 91' lang='lat'>‚</span> <span class='ocrx_word' id='word_1_556' title='bbox 1675 560 1801 599; x_wconf 86' lang='lat' dir='ltr'>Regium</span> <span class='ocrx_word' id='word_1_557' title='bbox 1810 563 1842 589; x_wconf 85' lang='lat' dir='ltr'>in</span> <span class='ocrx_word' id='word_1_558' title='bbox 1853 556 2022 597; x_wconf 71' lang='lat' dir='ltr'>vestimento</span> <span class='ocrx_word' id='word_1_559' title='bbox 2033 556 2154 601; x_wconf 77' lang='lat' dir='ltr'>insigne,</span> 
     </span>
     <span class='ocr_line' id='line_1_78' title="bbox 1286 603 2153 651; baseline 0.002 -15"><span class='ocrx_word' id='word_1_560' title='bbox 1286 603 1477 646; x_wconf 71' lang='lat' dir='ltr'>Porphyrium</span> <span class='ocrx_word' id='word_1_561' title='bbox 1486 608 1580 640; x_wconf 82' lang='lat' dir='ltr'>veluti</span> <span class='ocrx_word' id='word_1_562' title='bbox 1587 614 1774 648; x_wconf 87' lang='lat' dir='ltr'>purpureum</span> <span class='ocrx_word' id='word_1_563' title='bbox 1800 613 1969 639; x_wconf 82' lang='lat' dir='ltr'>nominavit</span> <span class='ocrx_word' id='word_1_564' title='bbox 1995 611 2153 651; x_wconf 79' lang='lat' dir='ltr'>Longinus.</span> 
     </span>
     <span class='ocr_line' id='line_1_79' title="bbox 1286 652 2157 698; baseline 0.005 -11"><span class='ocrx_word' id='word_1_565' title='bbox 1286 652 1389 688; x_wconf 87' lang='lat' dir='ltr'>Addit</span> <span class='ocrx_word' id='word_1_566' title='bbox 1399 655 1549 698; x_wconf 84' lang='lat' dir='ltr'>juvenem</span> <span class='ocrx_word' id='word_1_567' title='bbox 1563 656 1612 690; x_wconf 86' lang='lat' dir='ltr'>bis</span> <span class='ocrx_word' id='word_1_568' title='bbox 1623 657 1739 690; x_wconf 83' lang='lat' dir='ltr'>Romae</span> <span class='ocrx_word' id='word_1_569' title='bbox 1751 656 1846 690; x_wconf 73' lang='lat' dir='ltr'>fuisse</span> <span class='ocrx_word' id='word_1_570' title='bbox 1857 681 1867 696; x_wconf 95' lang='lat'><em>‚</em></span> <span class='ocrx_word' id='word_1_571' title='bbox 1894 654 2021 689; x_wconf 84' lang='lat' dir='ltr'>Plotini</span> <span class='ocrx_word' id='word_1_572' title='bbox 2031 657 2157 691; x_wconf 87' lang='lat' dir='ltr'>audito-</span> 
     </span>
     <span class='ocr_line' id='line_1_80' title="bbox 1284 705 2156 751; baseline 0.003 -14"><span class='ocrx_word' id='word_1_573' title='bbox 1284 715 1358 738; x_wconf 87' lang='lat' dir='ltr'>rem.</span> <span class='ocrx_word' id='word_1_574' title='bbox 1372 706 1425 739; x_wconf 91' lang='lat' dir='ltr'>De</span> <span class='ocrx_word' id='word_1_575' title='bbox 1436 705 1566 740; x_wconf 86' lang='lat' dir='ltr'>decimo</span> <span class='ocrx_word' id='word_1_576' title='bbox 1577 706 1786 749; x_wconf 76' lang='lat' dir='ltr'>imperatoris</span> <span class='ocrx_word' id='word_1_577' title='bbox 1798 705 1932 740; x_wconf 86' lang='lat' dir='ltr'>Galieni</span> <span class='ocrx_word' id='word_1_578' title='bbox 1944 730 1954 745; x_wconf 94' lang='lat'>‚</span> <span class='ocrx_word' id='word_1_579' title='bbox 1980 706 2042 751; x_wconf 74' lang='lat' dir='ltr'>suae</span> <span class='ocrx_word' id='word_1_580' title='bbox 2053 707 2156 740; x_wconf 74' lang='lat' dir='ltr'>aetatis</span> 
     </span>
     <span class='ocr_line' id='line_1_81' title="bbox 1284 754 2157 800; baseline 0.003 -14"><span class='ocrx_word' id='word_1_581' title='bbox 1284 755 1448 799; x_wconf 84' lang='lat' dir='ltr'>trigesimo</span> <span class='ocrx_word' id='word_1_582' title='bbox 1460 780 1470 795; x_wconf 89' lang='lat'>‚</span> <span class='ocrx_word' id='word_1_583' title='bbox 1479 756 1627 800; x_wconf 90' lang='lat' dir='ltr'>adeoque</span> <span class='ocrx_word' id='word_1_584' title='bbox 1638 754 1762 791; x_wconf 89' lang='lat' dir='ltr'>Christi</span> <span class='ocrx_word' id='word_1_585' title='bbox 1775 757 1920 791; x_wconf 87' lang='lat' dir='ltr'>Domini</span> <span class='ocrx_word' id='word_1_586' title='bbox 1931 756 2157 789; x_wconf 76' lang='lat' dir='ltr'>ducentesimo</span> 
     </span>
     <span class='ocr_line' id='line_1_82' title="bbox 1285 804 2158 850; baseline 0.001 -13"><span class='ocrx_word' id='word_1_587' title='bbox 1285 804 1484 849; x_wconf 70' lang='lat' dir='ltr'>stxagefimo</span> <span class='ocrx_word' id='word_1_588' title='bbox 1495 817 1611 850; x_wconf 90' lang='lat' dir='ltr'>quarto</span> <span class='ocrx_word' id='word_1_589' title='bbox 1623 818 1713 841; x_wconf 89' lang='lat' dir='ltr'>anno</span> <span class='ocrx_word' id='word_1_590' title='bbox 1734 807 1855 840; x_wconf 73' lang='lat' dir='ltr'>venisse</span> <span class='ocrx_word' id='word_1_591' title='bbox 1878 806 2022 840; x_wconf 89' lang='lat' dir='ltr'>Romam</span> <span class='ocrx_word' id='word_1_592' title='bbox 2045 805 2158 839; x_wconf 85' lang='lat' dir='ltr'>scribit</span> 
     </span>
    </p>
   </div>
   <div class='ocr_carea' id='block_1_8' title="bbox 1285 853 2205 903">
    <p class='ocr_par' dir='ltr' id='par_1_9' title="bbox 1285 853 2205 903">
     <span class='ocr_line' id='line_1_83' title="bbox 1285 853 2205 903; baseline 0.002 -17"><span class='ocrx_word' id='word_1_593' title='bbox 1285 854 1350 897; x_wconf 87' lang='lat' dir='ltr'>ipse</span> <span class='ocrx_word' id='word_1_594' title='bbox 1363 853 1834 899; x_wconf 84' lang='lat' dir='ltr'>PorphyriusinvitaPlotini.</span> <span class='ocrx_word' id='word_1_595' title='bbox 1860 854 2007 890; x_wconf 85' lang='lat' dir='ltr'>Proinde</span> <span class='ocrx_word' id='word_1_596' title='bbox 2034 854 2158 888; x_wconf 81' lang='lat' dir='ltr'>Christi</span> <span class='ocrx_word' id='word_1_597' title='bbox 2202 898 2205 903; x_wconf 33' lang='grc' dir='ltr'><strong><em>Ι</em></strong></span> 
     </span>
    </p>
   </div>
   <div class='ocr_carea' id='block_1_9' title="bbox 1278 903 2161 1448">
    <p class='ocr_par' dir='ltr' id='par_1_10' title="bbox 1278 903 2161 1448">
     <span class='ocr_line' id='line_1_84' title="bbox 1284 903 2156 952; baseline 0.005 -16"><span class='ocrx_word' id='word_1_598' title='bbox 1284 903 1426 938; x_wconf 87' lang='lat' dir='ltr'>Domini</span> <span class='ocrx_word' id='word_1_599' title='bbox 1440 917 1529 941; x_wconf 91' lang='lat' dir='ltr'>anno</span> <span class='ocrx_word' id='word_1_600' title='bbox 1549 907 1775 941; x_wconf 81' lang='lat' dir='ltr'>trecentefimo</span> <span class='ocrx_word' id='word_1_601' title='bbox 1795 907 1952 952; x_wconf 84' lang='lat' dir='ltr'>vigesimo</span> <span class='ocrx_word' id='word_1_602' title='bbox 1965 906 2084 949; x_wconf 88' lang='lat' dir='ltr'>quinto</span> <span class='ocrx_word' id='word_1_603' title='bbox 2096 931 2106 946; x_wconf 92' lang='lat'>,</span> <span class='ocrx_word' id='word_1_604' title='bbox 2133 906 2156 940; x_wconf 77' lang='lat' dir='ltr'>si</span> 
     </span>
     <span class='ocr_line' id='line_1_85' title="bbox 1284 953 2158 1002; baseline 0.003 -16"><span class='ocrx_word' id='word_1_605' title='bbox 1284 954 1401 988; x_wconf 86' lang='lat' dir='ltr'>vixerit</span> <span class='ocrx_word' id='word_1_606' title='bbox 1415 978 1426 994; x_wconf 92' lang='lat'>,</span> <span class='ocrx_word' id='word_1_607' title='bbox 1453 953 1568 992; x_wconf 81' lang='lat' dir='ltr'>habuit</span> <span class='ocrx_word' id='word_1_608' title='bbox 1581 969 1690 992; x_wconf 86' lang='lat' dir='ltr'>annos</span> <span class='ocrx_word' id='word_1_609' title='bbox 1700 958 1884 1002; x_wconf 84' lang='lat' dir='ltr'>nonaginta</span> <span class='ocrx_word' id='word_1_610' title='bbox 1901 957 1934 990; x_wconf 72' lang='lat' dir='ltr'>dc</span> <span class='ocrx_word' id='word_1_611' title='bbox 1956 967 2070 989; x_wconf 87' lang='lat' dir='ltr'>unum.</span> <span class='ocrx_word' id='word_1_612' title='bbox 2101 955 2158 989; x_wconf 89' lang='lat' dir='ltr'>Ad</span> 
     </span>
     <span class='ocr_line' id='line_1_86' title="bbox 1283 1006 2155 1048; baseline 0.001 -11"><span class='ocrx_word' id='word_1_613' title='bbox 1283 1014 1461 1038; x_wconf 83' lang='lat' dir='ltr'>extremam</span> <span class='ocrx_word' id='word_1_614' title='bbox 1473 1007 1668 1042; x_wconf 61' lang='lat' dir='ltr'>senectutem</span> <span class='ocrx_word' id='word_1_615' title='bbox 1687 1007 1808 1041; x_wconf 78' lang='lat' dir='ltr'>venisse</span> <span class='ocrx_word' id='word_1_616' title='bbox 1833 1007 1965 1041; x_wconf 87' lang='lat' dir='ltr'>testatur</span> <span class='ocrx_word' id='word_1_617' title='bbox 1977 1006 2155 1048; x_wconf 78' lang='lat' dir='ltr'>Eunapius.</span> 
     </span>
     <span class='ocr_line' id='line_1_87' title="bbox 1286 1052 2160 1092; baseline 0.001 -4"><span class='ocrx_word' id='word_1_618' title='bbox 1286 1055 1327 1088; x_wconf 90' lang='lat' dir='ltr'>Et</span> <span class='ocrx_word' id='word_1_619' title='bbox 1339 1053 1378 1087; x_wconf 88' lang='lat' dir='ltr'>ad</span> <span class='ocrx_word' id='word_1_620' title='bbox 1392 1052 1515 1088; x_wconf 85' lang='lat' dir='ltr'>Christi</span> <span class='ocrx_word' id='word_1_621' title='bbox 1525 1057 1669 1090; x_wconf 89' lang='lat' dir='ltr'>Domini</span> <span class='ocrx_word' id='word_1_622' title='bbox 1688 1068 1814 1091; x_wconf 90' lang='lat' dir='ltr'>annum</span> <span class='ocrx_word' id='word_1_623' title='bbox 1834 1057 2091 1092; x_wconf 77' lang='lat' dir='ltr'>trecentesimum</span> <span class='ocrx_word' id='word_1_624' title='bbox 2104 1056 2160 1089; x_wconf 88' lang='lat' dir='ltr'>tri-</span> 
     </span>
     <span class='ocr_line' id='line_1_88' title="bbox 1286 1104 2159 1149; baseline 0.002 -11"><span class='ocrx_word' id='word_1_625' title='bbox 1286 1104 1441 1149; x_wconf 80' lang='lat' dir='ltr'>gefimum</span> <span class='ocrx_word' id='word_1_626' title='bbox 1467 1104 1578 1139; x_wconf 92' lang='lat' dir='ltr'>scribit</span> <span class='ocrx_word' id='word_1_627' title='bbox 1599 1106 1634 1139; x_wconf 91' lang='lat' dir='ltr'>in</span> <span class='ocrx_word' id='word_1_628' title='bbox 1654 1106 1832 1140; x_wconf 87' lang='lat' dir='ltr'>Eusebiani</span> <span class='ocrx_word' id='word_1_629' title='bbox 1851 1106 2012 1141; x_wconf 85' lang='lat' dir='ltr'>Chronici</span> <span class='ocrx_word' id='word_1_630' title='bbox 2025 1106 2159 1149; x_wconf 86' lang='lat' dir='ltr'>Supple-</span> 
     </span>
     <span class='ocr_line' id='line_1_89' title="bbox 1285 1154 2160 1198; baseline 0.001 -11"><span class='ocrx_word' id='word_1_631' title='bbox 1285 1164 1396 1188; x_wconf 88' lang='lat' dir='ltr'>mento</span> <span class='ocrx_word' id='word_1_632' title='bbox 1411 1155 1441 1188; x_wconf 90' lang='lat' dir='ltr'>S.</span> <span class='ocrx_word' id='word_1_633' title='bbox 1455 1155 1686 1198; x_wconf 84' lang='lat' dir='ltr'>Hieronymus</span> <span class='ocrx_word' id='word_1_634' title='bbox 1698 1167 1704 1187; x_wconf 76' lang='grc' dir='ltr'><strong>ε</strong></span> <span class='ocrx_word' id='word_1_635' title='bbox 1734 1154 1913 1197; x_wconf 67' lang='lat' dir='ltr'>Porphyrius</span> <span class='ocrx_word' id='word_1_636' title='bbox 1924 1179 1934 1195; x_wconf 90' lang='lat'>,</span> <span class='ocrx_word' id='word_1_637' title='bbox 1943 1156 2021 1198; x_wconf 77' lang='lat' dir='ltr'>misso</span> <span class='ocrx_word' id='word_1_638' title='bbox 2030 1156 2075 1187; x_wconf 86' lang='lat' dir='ltr'>ad</span> <span class='ocrx_word' id='word_1_639' title='bbox 2082 1159 2160 1188; x_wconf 84' lang='lat' dir='ltr'>Con·</span> 
     </span>
     <span class='ocr_line' id='line_1_90' title="bbox 1278 1204 2158 1253; baseline 0 -16"><span class='ocrx_word' id='word_1_640' title='bbox 1278 1204 1444 1245; x_wconf 84' lang='lat' dir='ltr'>staminum</span> <span class='ocrx_word' id='word_1_641' title='bbox 1456 1204 1559 1248; x_wconf 81' lang='lat' dir='ltr'>infigni</span> <span class='ocrx_word' id='word_1_642' title='bbox 1571 1206 1723 1238; x_wconf 84' lang='lat' dir='ltr'>Volumine</span> <span class='ocrx_word' id='word_1_643' title='bbox 1733 1229 1743 1245; x_wconf 84' lang='lat'>‚</span> <span class='ocrx_word' id='word_1_644' title='bbox 1758 1206 1846 1238; x_wconf 81' lang='lat' dir='ltr'>exilio</span> <span class='ocrx_word' id='word_1_645' title='bbox 1854 1205 2008 1238; x_wconf 81' lang='lat' dir='ltr'>liberatur.</span> <span class='ocrx_word' id='word_1_646' title='bbox 2023 1204 2125 1253; x_wconf 81' lang='lat' dir='ltr'>Qod</span> <span class='ocrx_word' id='word_1_647' title='bbox 2137 1204 2158 1237; x_wconf 83' lang='lat' dir='ltr'>fi</span> 
     </span>
     <span class='ocr_line' id='line_1_91' title="bbox 1285 1253 2161 1297; baseline 0 -9"><span class='ocrx_word' id='word_1_648' title='bbox 1285 1254 1419 1289; x_wconf 83' lang='lat' dir='ltr'>frtidem</span> <span class='ocrx_word' id='word_1_649' title='bbox 1442 1253 1668 1297; x_wconf 84' lang='lat' dir='ltr'>Porphyrius,</span> <span class='ocrx_word' id='word_1_650' title='bbox 1694 1253 1809 1288; x_wconf 86' lang='lat' dir='ltr'>habuit</span> <span class='ocrx_word' id='word_1_651' title='bbox 1828 1264 1909 1288; x_wconf 89' lang='lat' dir='ltr'>tunc</span> <span class='ocrx_word' id='word_1_652' title='bbox 1930 1265 2036 1288; x_wconf 89' lang='lat' dir='ltr'>annos</span> <span class='ocrx_word' id='word_1_653' title='bbox 2058 1266 2161 1288; x_wconf 90' lang='lat' dir='ltr'>nona·</span> 
     </span>
     <span class='ocr_line' id='line_1_92' title="bbox 1284 1302 2157 1350; baseline -0.002 -12"><span class='ocrx_word' id='word_1_654' title='bbox 1284 1305 1377 1350; x_wconf 84' lang='lat' dir='ltr'>ginta</span> <span class='ocrx_word' id='word_1_655' title='bbox 1388 1305 1451 1338; x_wconf 83' lang='lat' dir='ltr'>sex.</span> <span class='ocrx_word' id='word_1_656' title='bbox 1479 1302 1527 1338; x_wconf 91' lang='lat' dir='ltr'>At</span> <span class='ocrx_word' id='word_1_657' title='bbox 1538 1303 1669 1338; x_wconf 90' lang='lat' dir='ltr'>videtur</span> <span class='ocrx_word' id='word_1_658' title='bbox 1683 1304 1776 1337; x_wconf 75' lang='lat' dir='ltr'>fuisse</span> <span class='ocrx_word' id='word_1_659' title='bbox 1787 1304 1879 1338; x_wconf 86' lang='lat' dir='ltr'>alius.</span> <span class='ocrx_word' id='word_1_660' title='bbox 1910 1304 2048 1338; x_wconf 88' lang='lat' dir='ltr'>Etenim</span> <span class='ocrx_word' id='word_1_661' title='bbox 2061 1305 2094 1338; x_wconf 88' lang='lat' dir='ltr'>in</span> <span class='ocrx_word' id='word_1_662' title='bbox 2113 1304 2157 1337; x_wconf 91' lang='lat' dir='ltr'>D.</span> 
     </span>
     <span class='ocr_line' id='line_1_93' title="bbox 1285 1353 2159 1397; baseline -0.003 -7"><span class='ocrx_word' id='word_1_663' title='bbox 1285 1354 1470 1390; x_wconf 87' lang='lat' dir='ltr'>Cardinalis</span> <span class='ocrx_word' id='word_1_664' title='bbox 1492 1355 1624 1388; x_wconf 78' lang='lat' dir='ltr'>Caesaris</span> <span class='ocrx_word' id='word_1_665' title='bbox 1642 1354 1779 1388; x_wconf 80' lang='lat' dir='ltr'>Baronii</span> <span class='ocrx_word' id='word_1_666' title='bbox 1804 1353 2015 1397; x_wconf 88' lang='lat' dir='ltr'>Compendio</span> <span class='ocrx_word' id='word_1_667' title='bbox 2047 1354 2159 1388; x_wconf 89' lang='lat' dir='ltr'>scribit</span> 
     </span>
     <span class='ocr_line' id='line_1_94' title="bbox 1285 1402 2160 1448; baseline -0.001 -9"><span class='ocrx_word' id='word_1_668' title='bbox 1285 1407 1451 1439; x_wconf 87' lang='lat' dir='ltr'>Henricus</span> <span class='ocrx_word' id='word_1_669' title='bbox 1461 1403 1655 1448; x_wconf 89' lang='lat' dir='ltr'>Spondanus</span> <span class='ocrx_word' id='word_1_670' title='bbox 1670 1429 1680 1444; x_wconf 92' lang='lat'>‚</span> <span class='ocrx_word' id='word_1_671' title='bbox 1693 1402 1902 1448; x_wconf 85' lang='lat' dir='ltr'>Apameenfis</span> <span class='ocrx_word' id='word_1_672' title='bbox 1913 1404 1945 1437; x_wconf 86' lang='lat' dir='ltr'>in</span> <span class='ocrx_word' id='word_1_673' title='bbox 1961 1403 2071 1443; x_wconf 77' lang='lat' dir='ltr'>Gallia</span> <span class='ocrx_word' id='word_1_674' title='bbox 2083 1404 2160 1447; x_wconf 87' lang='lat' dir='ltr'>Epi-</span> 
     </span>
    </p>
   </div>
   <div class='ocr_carea' id='block_1_10' title="bbox 1285 1451 2302 1499">
    <p class='ocr_par' dir='ltr' id='par_1_11' title="bbox 1285 1451 2302 1499">
     <span class='ocr_line' id='line_1_95' title="bbox 1285 1451 2302 1499; baseline -0.002 -10"><span class='ocrx_word' id='word_1_675' title='bbox 1285 1457 1418 1499; x_wconf 85' lang='lat' dir='ltr'>scopus:</span> <span class='ocrx_word' id='word_1_676' title='bbox 1446 1458 1521 1488; x_wconf 83' lang='lat' dir='ltr'>Fuit</span> <span class='ocrx_word' id='word_1_677' title='bbox 1542 1454 1668 1488; x_wconf 79' lang='lat' dir='ltr'>Publius</span> <span class='ocrx_word' id='word_1_678' title='bbox 1690 1458 1873 1496; x_wconf 78' lang='lat' dir='ltr'>Aptatianus</span> <span class='ocrx_word' id='word_1_679' title='bbox 1896 1453 2075 1496; x_wconf 80' lang='lat' dir='ltr'>Porphyrius</span> <span class='ocrx_word' id='word_1_680' title='bbox 2087 1456 2160 1487; x_wconf 72' lang='lat' dir='ltr'>Poe-</span> <span class='ocrx_word' id='word_1_681' title='bbox 2179 1451 2302 1491; x_wconf 66' lang='lat'>1201302.¹</span> 
     </span>
    </p>
   </div>
   <div class='ocr_carea' id='block_1_11' title="bbox 1284 1503 2168 2848">
    <p class='ocr_par' dir='ltr' id='par_1_12' title="bbox 1284 1503 2168 2801">
     <span class='ocr_line' id='line_1_96' title="bbox 1284 1503 2161 1547; baseline -0.003 -8"><span class='ocrx_word' id='word_1_682' title='bbox 1284 1516 1318 1539; x_wconf 85' lang='lat' dir='ltr'>ta</span> <span class='ocrx_word' id='word_1_683' title='bbox 1327 1531 1338 1547; x_wconf 90' lang='lat'><strong>,</strong></span> <span class='ocrx_word' id='word_1_684' title='bbox 1363 1507 1451 1547; x_wconf 80' lang='lat' dir='ltr'>qu&#39;us</span> <span class='ocrx_word' id='word_1_685' title='bbox 1459 1503 1555 1546; x_wconf 80' lang='lat' dir='ltr'>exstat</span> <span class='ocrx_word' id='word_1_686' title='bbox 1563 1506 1609 1538; x_wconf 82' lang='lat' dir='ltr'>ad</span> <span class='ocrx_word' id='word_1_687' title='bbox 1621 1504 1847 1546; x_wconf 82' lang='lat' dir='ltr'>Constantinum</span> <span class='ocrx_word' id='word_1_688' title='bbox 1855 1509 2070 1547; x_wconf 82' lang='lat' dir='ltr'>Imperatorem</span> <span class='ocrx_word' id='word_1_689' title='bbox 2081 1508 2107 1536; x_wconf 88' lang='lat' dir='ltr'>C</span> <span class='ocrx_word' id='word_1_690' title='bbox 2109 1516 2161 1536; x_wconf 55' lang='lat' dir='ltr'>ara</span> 
     </span>
     <span class='ocr_line' id='line_1_97' title="bbox 1284 1552 2157 1601; baseline -0.003 -11"><span class='ocrx_word' id='word_1_691' title='bbox 1284 1568 1351 1590; x_wconf 85' lang='lat' dir='ltr'>men</span> <span class='ocrx_word' id='word_1_692' title='bbox 1364 1558 1574 1601; x_wconf 80' lang='lat' dir='ltr'>Panegyricum</span> <span class='ocrx_word' id='word_1_693' title='bbox 1595 1557 1632 1590; x_wconf 90' lang='lat' dir='ltr'>de</span> <span class='ocrx_word' id='word_1_694' title='bbox 1652 1555 1792 1589; x_wconf 81' lang='lat' dir='ltr'>laudibus</span> <span class='ocrx_word' id='word_1_695' title='bbox 1815 1557 1881 1597; x_wconf 76' lang='lat' dir='ltr'>ejus</span> <span class='ocrx_word' id='word_1_696' title='bbox 1903 1566 1938 1588; x_wconf 88' lang='lat' dir='ltr'>ac</span> <span class='ocrx_word' id='word_1_697' title='bbox 1948 1552 2049 1598; x_wconf 74' lang='lat' dir='ltr'>Crispi</span> <span class='ocrx_word' id='word_1_698' title='bbox 2060 1556 2157 1595; x_wconf 85' lang='lat' dir='ltr'>Filii,</span> 
     </span>
     <span class='ocr_line' id='line_1_98' title="bbox 1285 1605 2158 1650; baseline -0.003 -10"><span class='ocrx_word' id='word_1_699' title='bbox 1285 1605 1356 1650; x_wconf 86' lang='lat' dir='ltr'>ejus</span> <span class='ocrx_word' id='word_1_700' title='bbox 1349 1619 1403 1650; x_wconf 89' lang='lat' dir='ltr'>que</span> <span class='ocrx_word' id='word_1_701' title='bbox 1413 1605 1547 1649; x_wconf 77' lang='lat' dir='ltr'>beneficio</span> <span class='ocrx_word' id='word_1_702' title='bbox 1557 1616 1714 1641; x_wconf 77' lang='lat' dir='ltr'>revocatus</span> <span class='ocrx_word' id='word_1_703' title='bbox 1726 1606 1765 1648; x_wconf 89' lang='lat' dir='ltr'>est</span> <span class='ocrx_word' id='word_1_704' title='bbox 1774 1606 1813 1639; x_wconf 87' lang='lat' dir='ltr'>ab</span> <span class='ocrx_word' id='word_1_705' title='bbox 1836 1607 1924 1640; x_wconf 70' lang='lat' dir='ltr'>exilio</span> <span class='ocrx_word' id='word_1_706' title='bbox 1935 1630 1946 1647; x_wconf 93' lang='lat'>‚</span> <span class='ocrx_word' id='word_1_707' title='bbox 1972 1615 2028 1647; x_wconf 84' lang='lat' dir='ltr'>quo</span> <span class='ocrx_word' id='word_1_708' title='bbox 2048 1606 2158 1638; x_wconf 85' lang='lat' dir='ltr'>multa-</span> 
     </span>
     <span class='ocr_line' id='line_1_99' title="bbox 1285 1657 2158 1703; baseline -0.005 -12"><span class='ocrx_word' id='word_1_709' title='bbox 1285 1668 1335 1691; x_wconf 90' lang='lat' dir='ltr'>tus</span> <span class='ocrx_word' id='word_1_710' title='bbox 1341 1657 1451 1700; x_wconf 81' lang='lat' dir='ltr'>fuerat</span> <span class='ocrx_word' id='word_1_711' title='bbox 1463 1683 1473 1699; x_wconf 89' lang='lat'>‚</span> <span class='ocrx_word' id='word_1_712' title='bbox 1499 1668 1534 1691; x_wconf 83' lang='lat' dir='ltr'>ut</span> <span class='ocrx_word' id='word_1_713' title='bbox 1545 1657 1670 1692; x_wconf 88' lang='lat' dir='ltr'>habetur</span> <span class='ocrx_word' id='word_1_714' title='bbox 1680 1665 1712 1692; x_wconf 83' lang='lat' dir='ltr'>in</span> <span class='ocrx_word' id='word_1_715' title='bbox 1724 1657 1868 1691; x_wconf 82' lang='lat' dir='ltr'>Chronico</span> <span class='ocrx_word' id='word_1_716' title='bbox 1879 1661 2055 1696; x_wconf 73' lang='lat' dir='ltr'>Hieronymi.</span> <span class='ocrx_word' id='word_1_717' title='bbox 2081 1658 2158 1703; x_wconf 73' lang='lat' dir='ltr'>Egit</span> 
     </span>
     <span class='ocr_line' id='line_1_100' title="bbox 1285 1705 2160 1751; baseline -0.005 -10"><span class='ocrx_word' id='word_1_718' title='bbox 1285 1720 1398 1751; x_wconf 87' lang='lat' dir='ltr'>quoque</span> <span class='ocrx_word' id='word_1_719' title='bbox 1407 1710 1444 1742; x_wconf 92' lang='lat' dir='ltr'>de</span> <span class='ocrx_word' id='word_1_720' title='bbox 1455 1710 1504 1742; x_wconf 86' lang='lat' dir='ltr'>illo</span> <span class='ocrx_word' id='word_1_721' title='bbox 1516 1710 1668 1741; x_wconf 86' lang='lat' dir='ltr'>Baronius</span> <span class='ocrx_word' id='word_1_722' title='bbox 1680 1715 1712 1742; x_wconf 87' lang='lat' dir='ltr'>in</span> <span class='ocrx_word' id='word_1_723' title='bbox 1725 1712 1813 1741; x_wconf 88' lang='lat' dir='ltr'>Tomo</span> <span class='ocrx_word' id='word_1_724' title='bbox 1825 1705 2085 1749; x_wconf 74' lang='lat' dir='ltr'>reriiopolierioris</span> <span class='ocrx_word' id='word_1_725' title='bbox 2095 1706 2160 1739; x_wconf 66' lang='lat' dir='ltr'>aaa</span> 
     </span>
     <span class='ocr_line' id='line_1_101' title="bbox 1286 1751 2164 1800; baseline -0.007 -8"><span class='ocrx_word' id='word_1_726' title='bbox 1286 1765 1376 1792; x_wconf 83' lang='lat' dir='ltr'>tionis</span> <span class='ocrx_word' id='word_1_727' title='bbox 1388 1783 1398 1798; x_wconf 92' lang='lat'>‚</span> <span class='ocrx_word' id='word_1_728' title='bbox 1424 1758 1594 1792; x_wconf 67' lang='lat' dir='ltr'>retrac‘ians</span> <span class='ocrx_word' id='word_1_729' title='bbox 1617 1760 1697 1800; x_wconf 89' lang='lat' dir='ltr'>quod</span> <span class='ocrx_word' id='word_1_730' title='bbox 1712 1762 1808 1799; x_wconf 79' lang='lat' dir='ltr'>priori</span> <span class='ocrx_word' id='word_1_731' title='bbox 1829 1769 1895 1790; x_wconf 87' lang='lat' dir='ltr'>eum</span> <span class='ocrx_word' id='word_1_732' title='bbox 1907 1755 2084 1797; x_wconf 76' lang='lat' dir='ltr'>conftcderat</span> <span class='ocrx_word' id='word_1_733' title='bbox 2092 1751 2164 1786; x_wconf 59' lang='lat' dir='ltr'>eum</span> 
     </span>
     <span class='ocr_line' id='line_1_102' title="bbox 1286 1805 2162 1850; baseline -0.005 -10"><span class='ocrx_word' id='word_1_734' title='bbox 1286 1808 1444 1849; x_wconf 78' lang='lat' dir='ltr'>Porphyrio</span> <span class='ocrx_word' id='word_1_735' title='bbox 1455 1809 1607 1840; x_wconf 80' lang='lat' dir='ltr'>Platonico</span> <span class='ocrx_word' id='word_1_736' title='bbox 1618 1832 1629 1848; x_wconf 89' lang='lat'>,</span> <span class='ocrx_word' id='word_1_737' title='bbox 1640 1809 1678 1840; x_wconf 83' lang='lat' dir='ltr'>de</span> <span class='ocrx_word' id='word_1_738' title='bbox 1687 1818 1743 1850; x_wconf 83' lang='lat' dir='ltr'>quo</span> <span class='ocrx_word' id='word_1_739' title='bbox 1751 1807 1803 1839; x_wconf 83' lang='lat' dir='ltr'>hic&#39;</span> <span class='ocrx_word' id='word_1_740' title='bbox 1810 1813 1918 1850; x_wconf 83' lang='lat' dir='ltr'>agitur.</span> <span class='ocrx_word' id='word_1_741' title='bbox 1948 1809 2035 1839; x_wconf 72' lang='lat' dir='ltr'>Nam</span> <span class='ocrx_word' id='word_1_742' title='bbox 2046 1805 2081 1839; x_wconf 70' lang='lat'>(9⁹</span> <span class='ocrx_word' id='word_1_743' title='bbox 2091 1805 2162 1837; x_wconf 72' lang='lat' dir='ltr'>alio-</span> 
     </span>
     <span class='ocr_line' id='line_1_103' title="bbox 1286 1855 2160 1900; baseline -0.005 -10"><span class='ocrx_word' id='word_1_744' title='bbox 1286 1863 1358 1900; x_wconf 87' lang='lat' dir='ltr'>quin</span> <span class='ocrx_word' id='word_1_745' title='bbox 1369 1856 1447 1890; x_wconf 88' lang='lat' dir='ltr'>hunc</span> <span class='ocrx_word' id='word_1_746' title='bbox 1456 1863 1581 1900; x_wconf 77' lang='lat' dir='ltr'>impium</span> <span class='ocrx_word' id='word_1_747' title='bbox 1593 1855 1800 1900; x_wconf 82' lang='lat' dir='ltr'>Philosophum</span> <span class='ocrx_word' id='word_1_748' title='bbox 1813 1868 1870 1889; x_wconf 88' lang='lat' dir='ltr'>non</span> <span class='ocrx_word' id='word_1_749' title='bbox 1880 1858 1961 1889; x_wconf 84' lang='lat' dir='ltr'>ultra</span> <span class='ocrx_word' id='word_1_750' title='bbox 1982 1855 2160 1887; x_wconf 76' lang='lat' dir='ltr'>Diocletiani</span> 
     </span>
     <span class='ocr_line' id='line_1_104' title="bbox 1287 1902 2161 1951; baseline -0.003 -10"><span class='ocrx_word' id='word_1_751' title='bbox 1287 1915 1420 1949; x_wconf 85' lang='lat' dir='ltr'>tempora</span> <span class='ocrx_word' id='word_1_752' title='bbox 1430 1914 1531 1941; x_wconf 80' lang='lat' dir='ltr'>vitam</span> <span class='ocrx_word' id='word_1_753' title='bbox 1540 1907 1701 1949; x_wconf 72' lang='lat' dir='ltr'>extendisse</span> <span class='ocrx_word' id='word_1_754' title='bbox 1709 1931 1719 1946; x_wconf 94' lang='lat'>,</span> <span class='ocrx_word' id='word_1_755' title='bbox 1745 1906 1844 1938; x_wconf 63' lang='lat' dir='ltr'>audior</span> <span class='ocrx_word' id='word_1_756' title='bbox 1857 1905 1894 1946; x_wconf 88' lang='lat' dir='ltr'>est</span> <span class='ocrx_word' id='word_1_757' title='bbox 1904 1906 2024 1938; x_wconf 73' lang='lat' dir='ltr'>surdas.</span> <span class='ocrx_word' id='word_1_758' title='bbox 2052 1902 2161 1951; x_wconf 81' lang='lat' dir='ltr'>Qid-</span> 
     </span>
     <span class='ocr_line' id='line_1_105' title="bbox 1287 1953 2160 2001; baseline -0.005 -10"><span class='ocrx_word' id='word_1_759' title='bbox 1287 1957 1365 2001; x_wconf 87' lang='lat' dir='ltr'>quid</span> <span class='ocrx_word' id='word_1_760' title='bbox 1379 1957 1416 1991; x_wconf 88' lang='lat' dir='ltr'>fit</span> <span class='ocrx_word' id='word_1_761' title='bbox 1426 1981 1438 1998; x_wconf 86' lang='lat'><em>,</em></span> <span class='ocrx_word' id='word_1_762' title='bbox 1462 1956 1562 1990; x_wconf 87' lang='lat' dir='ltr'>etiam</span> <span class='ocrx_word' id='word_1_763' title='bbox 1576 1955 1734 2000; x_wconf 88' lang='lat' dir='ltr'>Apostata</span> <span class='ocrx_word' id='word_1_764' title='bbox 1746 1954 1952 1999; x_wconf 87' lang='lat' dir='ltr'>Porphyrius</span> <span class='ocrx_word' id='word_1_765' title='bbox 1963 1955 2026 1988; x_wconf 90' lang='lat' dir='ltr'>fuit</span> <span class='ocrx_word' id='word_1_766' title='bbox 2037 1953 2079 1987; x_wconf 92' lang='lat' dir='ltr'>ab</span> <span class='ocrx_word' id='word_1_767' title='bbox 2091 1954 2160 1988; x_wconf 87' lang='lat' dir='ltr'>exi-</span> 
     </span>
     <span class='ocr_line' id='line_1_106' title="bbox 1287 2004 2160 2049; baseline -0.005 -9"><span class='ocrx_word' id='word_1_768' title='bbox 1287 2008 1333 2040; x_wconf 88' lang='lat' dir='ltr'>lio</span> <span class='ocrx_word' id='word_1_769' title='bbox 1346 2006 1508 2040; x_wconf 85' lang='lat' dir='ltr'>liberatus.</span> <span class='ocrx_word' id='word_1_770' title='bbox 1538 2006 1643 2040; x_wconf 91' lang='lat' dir='ltr'>Lucet</span> <span class='ocrx_word' id='word_1_771' title='bbox 1655 2017 1696 2039; x_wconf 90' lang='lat' dir='ltr'>ex</span> <span class='ocrx_word' id='word_1_772' title='bbox 1708 2006 1861 2049; x_wconf 84' lang='lat' dir='ltr'>Eunapio</span> <span class='ocrx_word' id='word_1_773' title='bbox 1875 2018 1881 2038; x_wconf 92' lang='lat'><strong>:</strong></span> <span class='ocrx_word' id='word_1_774' title='bbox 1910 2004 2088 2046; x_wconf 80' lang='lat' dir='ltr'>Porphyrius</span> <span class='ocrx_word' id='word_1_775' title='bbox 2111 2009 2160 2037; x_wconf 84' lang='lat' dir='ltr'>vi-</span> 
     </span>
     <span class='ocr_line' id='line_1_107' title="bbox 1286 2054 2161 2099; baseline -0.003 -10"><span class='ocrx_word' id='word_1_776' title='bbox 1286 2058 1373 2090; x_wconf 86' lang='lat' dir='ltr'>detur</span> <span class='ocrx_word' id='word_1_777' title='bbox 1385 2065 1552 2090; x_wconf 82' lang='lat' dir='ltr'>extremam</span> <span class='ocrx_word' id='word_1_778' title='bbox 1557 2054 1741 2099; x_wconf 62' lang='lat' dir='ltr'>senucVutem</span> <span class='ocrx_word' id='word_1_779' title='bbox 1754 2057 1879 2099; x_wconf 82' lang='lat' dir='ltr'>attigiffe</span> <span class='ocrx_word' id='word_1_780' title='bbox 1891 2079 1902 2095; x_wconf 91' lang='lat'>,</span> <span class='ocrx_word' id='word_1_781' title='bbox 1913 2067 1968 2097; x_wconf 88' lang='lat' dir='ltr'>quo</span> <span class='ocrx_word' id='word_1_782' title='bbox 1970 2054 2091 2096; x_wconf 67' lang='lat' dir='ltr'>sallum</span> <span class='ocrx_word' id='word_1_783' title='bbox 2103 2077 2114 2094; x_wconf 90' lang='lat'>,</span> <span class='ocrx_word' id='word_1_784' title='bbox 2125 2062 2161 2086; x_wconf 75' lang='lat' dir='ltr'>ue</span> 
     </span>
     <span class='ocr_line' id='line_1_108' title="bbox 1287 2102 2159 2149; baseline -0.003 -10"><span class='ocrx_word' id='word_1_785' title='bbox 1287 2108 1399 2140; x_wconf 88' lang='lat' dir='ltr'>multas</span> <span class='ocrx_word' id='word_1_786' title='bbox 1412 2107 1567 2149; x_wconf 81' lang='lat' dir='ltr'>reliquerit</span> <span class='ocrx_word' id='word_1_787' title='bbox 1577 2104 1795 2148; x_wconf 85' lang='lat' dir='ltr'>observationes</span> <span class='ocrx_word' id='word_1_788' title='bbox 1818 2106 1920 2137; x_wconf 87' lang='lat' dir='ltr'>Libris</span> <span class='ocrx_word' id='word_1_789' title='bbox 1924 2106 2013 2147; x_wconf 77' lang='lat' dir='ltr'>prius</span> <span class='ocrx_word' id='word_1_790' title='bbox 2026 2107 2046 2136; x_wconf 77' lang='grc' dir='ltr'><em>ἅ</em></span> <span class='ocrx_word' id='word_1_791' title='bbox 2053 2102 2088 2146; x_wconf 90' lang='lat' dir='ltr'>se</span> <span class='ocrx_word' id='word_1_792' title='bbox 2099 2105 2159 2136; x_wconf 84' lang='lat' dir='ltr'>edi·</span> 
     </span>
     <span class='ocr_line' id='line_1_109' title="bbox 1288 2153 2160 2200; baseline -0.003 -11"><span class='ocrx_word' id='word_1_793' title='bbox 1288 2163 1328 2189; x_wconf 83' lang='lat' dir='ltr'>tis</span> <span class='ocrx_word' id='word_1_794' title='bbox 1339 2164 1541 2200; x_wconf 86' lang='lat' dir='ltr'>repugnantes</span> <span class='ocrx_word' id='word_1_795' title='bbox 1553 2180 1563 2196; x_wconf 90' lang='lat'>,</span> <span class='ocrx_word' id='word_1_796' title='bbox 1591 2157 1628 2189; x_wconf 82' lang='lat' dir='ltr'>do</span> <span class='ocrx_word' id='word_1_797' title='bbox 1638 2155 1742 2198; x_wconf 82' lang='lat' dir='ltr'>quibus</span> <span class='ocrx_word' id='word_1_798' title='bbox 1750 2166 1808 2188; x_wconf 89' lang='lat' dir='ltr'>non</span> <span class='ocrx_word' id='word_1_799' title='bbox 1823 2155 1935 2198; x_wconf 82' lang='lat' dir='ltr'>possum</span> <span class='ocrx_word' id='word_1_800' title='bbox 1954 2156 2042 2188; x_wconf 89' lang='lat' dir='ltr'>aliter</span> <span class='ocrx_word' id='word_1_801' title='bbox 2062 2153 2160 2194; x_wconf 72' lang='lat' dir='ltr'>exiffl&#39;-</span> 
     </span>
     <span class='ocr_line' id='line_1_110' title="bbox 1289 2203 2162 2249; baseline -0.002 -11"><span class='ocrx_word' id='word_1_802' title='bbox 1289 2218 1371 2240; x_wconf 88' lang='lat' dir='ltr'>mare</span> <span class='ocrx_word' id='word_1_803' title='bbox 1382 2230 1392 2246; x_wconf 92' lang='lat'>,</span> <span class='ocrx_word' id='word_1_804' title='bbox 1412 2208 1502 2248; x_wconf 73' lang='lat' dir='ltr'>quam</span> <span class='ocrx_word' id='word_1_805' title='bbox 1515 2207 1595 2248; x_wconf 90' lang='lat' dir='ltr'>quod</span> <span class='ocrx_word' id='word_1_806' title='bbox 1603 2205 1859 2249; x_wconf 69' lang='lat' dir='ltr'>aetatisprogreffu</span> <span class='ocrx_word' id='word_1_807' title='bbox 1867 2203 2050 2247; x_wconf 86' lang='lat' dir='ltr'>sententiam</span> <span class='ocrx_word' id='word_1_808' title='bbox 2064 2212 2162 2236; x_wconf 80' lang='lat' dir='ltr'>mura·-</span> 
     </span>
     <span class='ocr_line' id='line_1_111' title="bbox 1288 2252 2159 2298; baseline -0.002 -10"><span class='ocrx_word' id='word_1_809' title='bbox 1288 2261 1338 2288; x_wconf 86' lang='lat' dir='ltr'>rit.</span> <span class='ocrx_word' id='word_1_810' title='bbox 1366 2260 1468 2288; x_wconf 81' lang='lat' dir='ltr'>Romae</span> <span class='ocrx_word' id='word_1_811' title='bbox 1480 2262 1578 2288; x_wconf 85' lang='lat' dir='ltr'>vitam</span> <span class='ocrx_word' id='word_1_812' title='bbox 1589 2267 1654 2288; x_wconf 85' lang='lat' dir='ltr'>cum</span> <span class='ocrx_word' id='word_1_813' title='bbox 1663 2265 1755 2288; x_wconf 84' lang='lat' dir='ltr'>morte</span> <span class='ocrx_word' id='word_1_814' title='bbox 1767 2255 1948 2298; x_wconf 80' lang='lat' dir='ltr'>commuraffe</span> <span class='ocrx_word' id='word_1_815' title='bbox 1959 2256 2075 2287; x_wconf 81' lang='lat' dir='ltr'>dicitur.</span> <span class='ocrx_word' id='word_1_816' title='bbox 2102 2252 2159 2286; x_wconf 87' lang='lat' dir='ltr'>Ab</span> 
     </span>
     <span class='ocr_line' id='line_1_112' title="bbox 1287 2303 2158 2348; baseline -0.003 -10"><span class='ocrx_word' id='word_1_817' title='bbox 1287 2305 1389 2339; x_wconf 87' lang='lat' dir='ltr'>exilio</span> <span class='ocrx_word' id='word_1_818' title='bbox 1401 2305 1563 2341; x_wconf 80' lang='lat' dir='ltr'>liberatus.</span> <span class='ocrx_word' id='word_1_819' title='bbox 1591 2305 1671 2348; x_wconf 89' lang='lat' dir='ltr'>Ejus</span> <span class='ocrx_word' id='word_1_820' title='bbox 1682 2305 1777 2338; x_wconf 86' lang='lat' dir='ltr'>taedio</span> <span class='ocrx_word' id='word_1_821' title='bbox 1791 2306 1930 2338; x_wconf 85' lang='lat' dir='ltr'>mutavit</span> <span class='ocrx_word' id='word_1_822' title='bbox 1944 2303 2158 2338; x_wconf 85' lang='lat' dir='ltr'>sententiam:</span> 
     </span>
     <span class='ocr_line' id='line_1_113' title="bbox 1289 2352 2162 2399; baseline -0.003 -10"><span class='ocrx_word' id='word_1_823' title='bbox 1289 2357 1412 2390; x_wconf 87' lang='lat' dir='ltr'>Omnia</span> <span class='ocrx_word' id='word_1_824' title='bbox 1424 2380 1435 2396; x_wconf 93' lang='lat'>‚</span> <span class='ocrx_word' id='word_1_825' title='bbox 1452 2366 1531 2398; x_wconf 54' lang='lat' dir='ltr'>vquae</span> <span class='ocrx_word' id='word_1_826' title='bbox 1541 2356 1577 2388; x_wconf 88' lang='lat' dir='ltr'>in</span> <span class='ocrx_word' id='word_1_827' title='bbox 1590 2354 1813 2389; x_wconf 87' lang='lat' dir='ltr'>Christianam</span> <span class='ocrx_word' id='word_1_828' title='bbox 1826 2354 2044 2399; x_wconf 88' lang='lat' dir='ltr'>Religionem</span> <span class='ocrx_word' id='word_1_829' title='bbox 2055 2354 2088 2387; x_wconf 75' lang='grc' dir='ltr'>ὃ(</span> <span class='ocrx_word' id='word_1_830' title='bbox 2098 2352 2162 2386; x_wconf 87' lang='lat' dir='ltr'>Im-</span> 
     </span>
     <span class='ocr_line' id='line_1_114' title="bbox 1290 2402 2163 2448; baseline -0.003 -9"><span class='ocrx_word' id='word_1_831' title='bbox 1290 2416 1465 2448; x_wconf 86' lang='lat' dir='ltr'>peratorem</span> <span class='ocrx_word' id='word_1_832' title='bbox 1477 2405 1736 2440; x_wconf 84' lang='lat' dir='ltr'>Constantinum</span> <span class='ocrx_word' id='word_1_833' title='bbox 1749 2414 1929 2443; x_wconf 85' lang='lat' dir='ltr'>vomuerat,</span> <span class='ocrx_word' id='word_1_834' title='bbox 1939 2402 2163 2438; x_wconf 80' lang='lat' dir='ltr'>circumduxit</span> 
     </span>
     <span class='ocr_line' id='line_1_115' title="bbox 1289 2451 2166 2501; baseline -0.003 -12"><span class='ocrx_word' id='word_1_835' title='bbox 1289 2456 1320 2489; x_wconf 89' lang='lat'>&amp;</span> <span class='ocrx_word' id='word_1_836' title='bbox 1343 2455 1522 2490; x_wconf 83' lang='lat' dir='ltr'>exufflavit.</span> <span class='ocrx_word' id='word_1_837' title='bbox 1551 2456 1595 2489; x_wconf 88' lang='lat' dir='ltr'>Et</span> <span class='ocrx_word' id='word_1_838' title='bbox 1616 2455 1702 2489; x_wconf 86' lang='lat' dir='ltr'>istud</span> <span class='ocrx_word' id='word_1_839' title='bbox 1725 2456 1819 2497; x_wconf 89' lang='lat' dir='ltr'>Opus</span> <span class='ocrx_word' id='word_1_840' title='bbox 1839 2454 1945 2497; x_wconf 86' lang='lat' dir='ltr'>periit.</span> <span class='ocrx_word' id='word_1_841' title='bbox 1984 2451 2166 2501; x_wconf 79' lang='lat' dir='ltr'>Qidquid·</span> 
     </span>
     <span class='ocr_line' id='line_1_116' title="bbox 1291 2503 2167 2548; baseline -0.005 -9"><span class='ocrx_word' id='word_1_842' title='bbox 1291 2505 1404 2539; x_wconf 88' lang='lat' dir='ltr'>Suidas</span> <span class='ocrx_word' id='word_1_843' title='bbox 1415 2504 1533 2539; x_wconf 89' lang='lat' dir='ltr'>scribat·</span> <span class='ocrx_word' id='word_1_844' title='bbox 1548 2529 1557 2548; x_wconf 84' lang='lat'>‚</span> <span class='ocrx_word' id='word_1_845' title='bbox 1583 2506 1667 2539; x_wconf 85' lang='lat' dir='ltr'>vixit</span> <span class='ocrx_word' id='word_1_846' title='bbox 1676 2504 1734 2538; x_wconf 90' lang='lat' dir='ltr'>ille</span> <span class='ocrx_word' id='word_1_847' title='bbox 1746 2504 1828 2537; x_wconf 80' lang='lat' dir='ltr'>ultra</span> <span class='ocrx_word' id='word_1_848' title='bbox 1840 2504 2046 2538; x_wconf 89' lang='lat' dir='ltr'>Diocletiani</span> <span class='ocrx_word' id='word_1_849' title='bbox 2059 2503 2167 2545; x_wconf 77' lang='lat' dir='ltr'>impe·-</span> 
     </span>
     <span class='ocr_line' id='line_1_117' title="bbox 1291 2554 2164 2604; baseline -0.001 -17"><span class='ocrx_word' id='word_1_850' title='bbox 1291 2556 1382 2588; x_wconf 88' lang='lat' dir='ltr'>rium.</span> <span class='ocrx_word' id='word_1_851' title='bbox 1422 2554 1608 2604; x_wconf 75' lang='lat' dir='ltr'>Qomodo</span> <span class='ocrx_word' id='word_1_852' title='bbox 1626 2555 1718 2589; x_wconf 92' lang='lat' dir='ltr'>enim</span> <span class='ocrx_word' id='word_1_853' title='bbox 1741 2554 1973 2588; x_wconf 88' lang='lat' dir='ltr'>Diocletianus</span> <span class='ocrx_word' id='word_1_854' title='bbox 1994 2563 2090 2587; x_wconf 53' lang='lat' dir='ltr'>tantae</span> <span class='ocrx_word' id='word_1_855' title='bbox 2101 2554 2164 2586; x_wconf 76' lang='lat' dir='ltr'>suae</span> 
     </span>
     <span class='ocr_line' id='line_1_118' title="bbox 1290 2602 2168 2649; baseline -0.001 -12"><span class='ocrx_word' id='word_1_856' title='bbox 1290 2604 1475 2647; x_wconf 88' lang='lat' dir='ltr'>tyrannidis</span> <span class='ocrx_word' id='word_1_857' title='bbox 1486 2615 1693 2649; x_wconf 86' lang='lat' dir='ltr'>purgatorem</span> <span class='ocrx_word' id='word_1_858' title='bbox 1704 2604 1897 2647; x_wconf 67' lang='lat' dir='ltr'>deportasset</span> <span class='ocrx_word' id='word_1_859' title='bbox 1909 2602 1926 2635; x_wconf 70' lang='grc' dir='ltr'><strong><em>ἒ</em></strong></span> <span class='ocrx_word' id='word_1_860' title='bbox 1952 2604 1996 2637; x_wconf 88' lang='lat' dir='ltr'>Et</span> <span class='ocrx_word' id='word_1_861' title='bbox 2010 2604 2046 2637; x_wconf 90' lang='lat' dir='ltr'>in</span> <span class='ocrx_word' id='word_1_862' title='bbox 2056 2602 2168 2636; x_wconf 53' lang='lat' dir='ltr'>laudib·</span> 
     </span>
     <span class='ocr_line' id='line_1_119' title="bbox 1291 2653 2163 2698; baseline -0.002 -10"><span class='ocrx_word' id='word_1_863' title='bbox 1291 2665 1325 2688; x_wconf 92' lang='lat' dir='ltr'>to</span> <span class='ocrx_word' id='word_1_864' title='bbox 1341 2679 1351 2694; x_wconf 95' lang='lat'><strong><em>,</em></strong></span> <span class='ocrx_word' id='word_1_865' title='bbox 1376 2654 1467 2697; x_wconf 91' lang='lat' dir='ltr'>quod</span> <span class='ocrx_word' id='word_1_866' title='bbox 1487 2655 1642 2698; x_wconf 73' lang='lat' dir='ltr'>vigesimo</span> <span class='ocrx_word' id='word_1_867' title='bbox 1664 2655 1796 2697; x_wconf 85' lang='lat' dir='ltr'>Imperii</span> <span class='ocrx_word' id='word_1_868' title='bbox 1818 2665 1906 2687; x_wconf 91' lang='lat' dir='ltr'>anno</span> <span class='ocrx_word' id='word_1_869' title='bbox 1921 2653 2163 2688; x_wconf 74' lang='lat' dir='ltr'>Constantinus</span> 
     </span>
     <span class='ocr_line' id='line_1_120' title="bbox 1291 2701 2162 2747; baseline -0.003 -9"><span class='ocrx_word' id='word_1_870' title='bbox 1291 2704 1393 2738; x_wconf 85' lang='lat' dir='ltr'>emilit</span> <span class='ocrx_word' id='word_1_871' title='bbox 1403 2727 1413 2743; x_wconf 93' lang='lat'>‚</span> <span class='ocrx_word' id='word_1_872' title='bbox 1425 2703 1575 2737; x_wconf 71' lang='lat' dir='ltr'>adversns</span> <span class='ocrx_word' id='word_1_873' title='bbox 1586 2704 1706 2738; x_wconf 86' lang='lat' dir='ltr'>Arium</span> <span class='ocrx_word' id='word_1_874' title='bbox 1718 2703 1838 2737; x_wconf 62' lang='lat' dir='ltr'>Editio</span> <span class='ocrx_word' id='word_1_875' title='bbox 1850 2703 1957 2747; x_wconf 77' lang='lat' dir='ltr'>palam</span> <span class='ocrx_word' id='word_1_876' title='bbox 1968 2703 2073 2738; x_wconf 81' lang='lat' dir='ltr'>afferit</span> <span class='ocrx_word' id='word_1_877' title='bbox 2084 2701 2162 2735; x_wconf 79' lang='lat' dir='ltr'>Por-</span> 
     </span>
     <span class='ocr_line' id='line_1_121' title="bbox 1293 2752 1841 2801; baseline 0.002 -15"><span class='ocrx_word' id='word_1_878' title='bbox 1293 2752 1447 2796; x_wconf 87' lang='lat' dir='ltr'>phyrium</span> <span class='ocrx_word' id='word_1_879' title='bbox 1458 2753 1552 2786; x_wconf 78' lang='lat' dir='ltr'>fuiss&#39;e</span> <span class='ocrx_word' id='word_1_880' title='bbox 1561 2754 1578 2787; x_wconf 73' lang='lat' dir='ltr'>a</span> <span class='ocrx_word' id='word_1_881' title='bbox 1591 2755 1622 2787; x_wconf 92' lang='lat' dir='ltr'>se</span> <span class='ocrx_word' id='word_1_882' title='bbox 1634 2753 1841 2801; x_wconf 85' lang='lat' dir='ltr'>castigatum.</span> 
     </span>
    </p>

    <p class='ocr_par' dir='ltr' id='par_1_13' title="bbox 1340 2802 2163 2848">
     <span class='ocr_line' id='line_1_122' title="bbox 1340 2802 2163 2848; baseline -0.001 -12"><span class='ocrx_word' id='word_1_883' title='bbox 1340 2803 1437 2837; x_wconf 86' lang='lat' dir='ltr'>Istam</span> <span class='ocrx_word' id='word_1_884' title='bbox 1459 2803 1507 2836; x_wconf 86' lang='lat' dir='ltr'>sui</span> <span class='ocrx_word' id='word_1_885' title='bbox 1531 2804 1710 2848; x_wconf 83' lang='lat' dir='ltr'>Dogmatis</span> <span class='ocrx_word' id='word_1_886' title='bbox 1729 2803 1961 2839; x_wconf 84' lang='lat' dir='ltr'>enormitatem</span> <span class='ocrx_word' id='word_1_887' title='bbox 1984 2802 2082 2837; x_wconf 86' lang='lat' dir='ltr'>Arius</span> <span class='ocrx_word' id='word_1_888' title='bbox 2091 2812 2163 2836; x_wconf 89' lang='lat' dir='ltr'>om-</span> 
     </span>
    </p>
   </div>
   <div class='ocr_carea' id='block_1_12' title="bbox 1294 2851 2172 2898">
    <p class='ocr_par' dir='ltr' id='par_1_14' title="bbox 1294 2851 2172 2898">
     <span class='ocr_line' id='line_1_123' title="bbox 1294 2851 2172 2898; baseline -0.002 -12"><span class='ocrx_word' id='word_1_889' title='bbox 1294 2851 1374 2886; x_wconf 76' lang='lat' dir='ltr'>nino</span> <span class='ocrx_word' id='word_1_890' title='bbox 1386 2862 1501 2894; x_wconf 87' lang='lat' dir='ltr'>norat,</span> <span class='ocrx_word' id='word_1_891' title='bbox 1528 2852 1668 2898; x_wconf 90' lang='lat' dir='ltr'>ideoque</span> <span class='ocrx_word' id='word_1_892' title='bbox 1689 2853 1723 2887; x_wconf 74' lang='grc' dir='ltr'>ὅ(</span> <span class='ocrx_word' id='word_1_893' title='bbox 1745 2853 1786 2888; x_wconf 87' lang='lat' dir='ltr'>de</span> <span class='ocrx_word' id='word_1_894' title='bbox 1809 2854 1879 2898; x_wconf 92' lang='lat' dir='ltr'>ipso</span> <span class='ocrx_word' id='word_1_895' title='bbox 1898 2853 1985 2888; x_wconf 87' lang='lat' dir='ltr'>&amp;de</span> <span class='ocrx_word' id='word_1_896' title='bbox 1993 2853 2061 2896; x_wconf 84' lang='lat' dir='ltr'>ejus</span> <span class='ocrx_word' id='word_1_897' title='bbox 2072 2851 2172 2885; x_wconf 73' lang='lat' dir='ltr'>Asse--</span> 
     </span>
    </p>
   </div>
   <div class='ocr_carea' id='block_1_13' title="bbox 1293 2899 2165 3097">
    <p class='ocr_par' dir='ltr' id='par_1_15' title="bbox 1293 2899 2165 3097">
     <span class='ocr_line' id='line_1_124' title="bbox 1293 2899 2161 2947; baseline 0 -12"><span class='ocrx_word' id='word_1_898' title='bbox 1293 2903 1350 2936; x_wconf 89' lang='lat' dir='ltr'>clis</span> <span class='ocrx_word' id='word_1_899' title='bbox 1361 2902 1472 2936; x_wconf 89' lang='lat' dir='ltr'>scribit</span> <span class='ocrx_word' id='word_1_900' title='bbox 1483 2903 1517 2936; x_wconf 90' lang='lat' dir='ltr'>in</span> <span class='ocrx_word' id='word_1_901' title='bbox 1531 2903 1668 2938; x_wconf 87' lang='lat' dir='ltr'>secunda</span> <span class='ocrx_word' id='word_1_902' title='bbox 1681 2904 1913 2947; x_wconf 83' lang='lat' dir='ltr'>Disputatione</span> <span class='ocrx_word' id='word_1_903' title='bbox 1923 2905 2047 2938; x_wconf 66' lang='lat' dir='ltr'>sanstus</span> <span class='ocrx_word' id='word_1_904' title='bbox 2058 2899 2161 2935; x_wconf 85' lang='lat' dir='ltr'>Atha-</span> 
     </span>
     <span class='ocr_line' id='line_1_125' title="bbox 1296 2950 2161 2998; baseline -0.002 -12"><span class='ocrx_word' id='word_1_905' title='bbox 1296 2953 1396 2986; x_wconf 79' lang='lat' dir='ltr'>nasius</span> <span class='ocrx_word' id='word_1_906' title='bbox 1412 2967 1422 2985; x_wconf 93' lang='lat'><em>:</em></span> <span class='ocrx_word' id='word_1_907' title='bbox 1449 2956 1495 2985; x_wconf 89' lang='lat' dir='ltr'>Et</span> <span class='ocrx_word' id='word_1_908' title='bbox 1504 2953 1555 2986; x_wconf 85' lang='lat' dir='ltr'>boc</span> <span class='ocrx_word' id='word_1_909' title='bbox 1565 2952 1660 2996; x_wconf 71' lang='lat' dir='ltr'>ipfiim</span> <span class='ocrx_word' id='word_1_910' title='bbox 1672 2978 1682 2993; x_wconf 94' lang='lat'>,</span> <span class='ocrx_word' id='word_1_911' title='bbox 1703 2952 1864 2988; x_wconf 88' lang='lat' dir='ltr'>horrenda</span> <span class='ocrx_word' id='word_1_912' title='bbox 1875 2953 2039 2998; x_wconf 84' lang='lat' dir='ltr'>dogmatis</span> <span class='ocrx_word' id='word_1_913' title='bbox 2049 2950 2161 2994; x_wconf 84' lang='lat' dir='ltr'>impie-</span> 
     </span>
     <span class='ocr_line' id='line_1_126' title="bbox 1294 3000 2165 3046; baseline -0.002 -11"><span class='ocrx_word' id='word_1_914' title='bbox 1294 3013 1362 3043; x_wconf 86' lang='lat' dir='ltr'>tas,</span> <span class='ocrx_word' id='word_1_915' title='bbox 1388 3003 1452 3036; x_wconf 75' lang='lat' dir='ltr'>illos</span> <span class='ocrx_word' id='word_1_916' title='bbox 1472 3015 1658 3046; x_wconf 87' lang='lat' dir='ltr'>nequaquam</span> <span class='ocrx_word' id='word_1_917' title='bbox 1676 3005 1781 3037; x_wconf 85' lang='lat' dir='ltr'>latitat</span> <span class='ocrx_word' id='word_1_918' title='bbox 1792 3028 1802 3044; x_wconf 91' lang='lat'>,</span> <span class='ocrx_word' id='word_1_919' title='bbox 1830 3016 1865 3037; x_wconf 82' lang='lat' dir='ltr'>ac</span> <span class='ocrx_word' id='word_1_920' title='bbox 1870 3004 1997 3046; x_wconf 83' lang='lat' dir='ltr'>proinde</span> <span class='ocrx_word' id='word_1_921' title='bbox 2021 3000 2165 3042; x_wconf 69' lang='lat' dir='ltr'>vafriter-</span> 
     </span>
     <span class='ocr_line' id='line_1_127' title="bbox 1294 3049 2158 3097; baseline -0.001 -13"><span class='ocrx_word' id='word_1_922' title='bbox 1294 3053 1457 3093; x_wconf 77' lang='lat' dir='ltr'>occultant,</span> <span class='ocrx_word' id='word_1_923' title='bbox 1483 3056 1518 3088; x_wconf 63' lang='grc' dir='ltr'>Θ·</span> <span class='ocrx_word' id='word_1_924' title='bbox 1533 3052 1688 3096; x_wconf 73' lang='lat' dir='ltr'>suppressis</span> <span class='ocrx_word' id='word_1_925' title='bbox 1708 3049 2100 3097; x_wconf 79' lang='lat' dir='ltr'>istiusmodisententiis-alia</span> <span class='ocrx_word' id='word_1_926' title='bbox 2122 3062 2158 3083; x_wconf 85' lang='lat' dir='ltr'>ao</span> 
     </span>
    </p>
   </div>
   <div class='ocr_carea' id='block_1_14' title="bbox 1294 3101 2177 3147">
    <p class='ocr_par' dir='ltr' id='par_1_16' title="bbox 1294 3101 2177 3147">
     <span class='ocr_line' id='line_1_128' title="bbox 1294 3101 2177 3147; baseline -0.001 -13"><span class='ocrx_word' id='word_1_927' title='bbox 1294 3101 1482 3144; x_wconf 81' lang='lat' dir='ltr'>diverfifflma</span> <span class='ocrx_word' id='word_1_928' title='bbox 1499 3104 1617 3136; x_wconf 80' lang='lat' dir='ltr'>vocibus</span> <span class='ocrx_word' id='word_1_929' title='bbox 1635 3103 1751 3147; x_wconf 72' lang='lat' dir='ltr'>simunt.</span> <span class='ocrx_word' id='word_1_930' title='bbox 1792 3109 1878 3136; x_wconf 81' lang='lat' dir='ltr'>Nam</span> <span class='ocrx_word' id='word_1_931' title='bbox 1897 3101 1930 3145; x_wconf 78' lang='lat' dir='ltr'><em>fi</em></span> <span class='ocrx_word' id='word_1_932' title='bbox 1948 3110 2074 3135; x_wconf 81' lang='lat' dir='ltr'>mentem</span> <span class='ocrx_word' id='word_1_933' title='bbox 2095 3106 2177 3134; x_wconf 88' lang='lat' dir='ltr'>eam&#39;</span> 
     </span>
    </p>
   </div>
   <div class='ocr_carea' id='block_1_15' title="bbox 1294 3149 2166 3532">
    <p class='ocr_par' dir='ltr' id='par_1_17' title="bbox 1294 3149 2166 3494">
     <span class='ocr_line' id='line_1_129' title="bbox 1294 3149 2162 3199; baseline 0 -16"><span class='ocrx_word' id='word_1_934' title='bbox 1294 3152 1395 3184; x_wconf 83' lang='lat' dir='ltr'>verbis</span> <span class='ocrx_word' id='word_1_935' title='bbox 1415 3154 1576 3193; x_wconf 86' lang='lat' dir='ltr'>proderent</span> <span class='ocrx_word' id='word_1_936' title='bbox 1589 3178 1598 3194; x_wconf 85' lang='lat'>‚</span> <span class='ocrx_word' id='word_1_937' title='bbox 1625 3156 1841 3199; x_wconf 78' lang='lat' dir='ltr'>damnarentur</span> <span class='ocrx_word' id='word_1_938' title='bbox 1862 3165 1869 3184; x_wconf 88' lang='lat'><strong>:</strong></span> <span class='ocrx_word' id='word_1_939' title='bbox 1908 3154 1939 3184; x_wconf 70' lang='grc' dir='ltr'>,Π</span> <span class='ocrx_word' id='word_1_940' title='bbox 1959 3163 2026 3184; x_wconf 89' lang='lat' dir='ltr'>eam</span> <span class='ocrx_word' id='word_1_941' title='bbox 2042 3149 2162 3193; x_wconf 72' lang='lat' dir='ltr'>senten&lt;</span> 
     </span>
     <span class='ocr_line' id='line_1_130' title="bbox 1295 3201 2159 3246; baseline -0.001 -13"><span class='ocrx_word' id='word_1_942' title='bbox 1295 3207 1368 3233; x_wconf 87' lang='lat' dir='ltr'>tiam</span> <span class='ocrx_word' id='word_1_943' title='bbox 1383 3201 1527 3243; x_wconf 82' lang='lat' dir='ltr'>foverent</span> <span class='ocrx_word' id='word_1_944' title='bbox 1539 3228 1549 3242; x_wconf 91' lang='lat'>,</span> <span class='ocrx_word' id='word_1_945' title='bbox 1571 3202 1734 3246; x_wconf 85' lang='lat' dir='ltr'>suspicione</span> <span class='ocrx_word' id='word_1_946' title='bbox 1755 3203 1923 3237; x_wconf 81' lang='lat' dir='ltr'>laborarent</span> <span class='ocrx_word' id='word_1_947' title='bbox 1939 3202 2098 3242; x_wconf 82' lang='lat' dir='ltr'>lapidandi</span> <span class='ocrx_word' id='word_1_948' title='bbox 2120 3201 2159 3232; x_wconf 81' lang='lat' dir='ltr'>ab</span> 
     </span>
     <span class='ocr_line' id='line_1_131' title="bbox 1296 3250 2162 3295; baseline 0 -13"><span class='ocrx_word' id='word_1_949' title='bbox 1296 3250 1458 3284; x_wconf 86' lang='lat' dir='ltr'>hominibus</span> <span class='ocrx_word' id='word_1_950' title='bbox 1472 3276 1482 3292; x_wconf 92' lang='lat'><strong>,</strong></span> <span class='ocrx_word' id='word_1_951' title='bbox 1502 3251 1658 3295; x_wconf 85' lang='lat' dir='ltr'>sacrarum</span> <span class='ocrx_word' id='word_1_952' title='bbox 1673 3257 1844 3285; x_wconf 85' lang='lat' dir='ltr'>Literarum</span> <span class='ocrx_word' id='word_1_953' title='bbox 1861 3257 2052 3295; x_wconf 84' lang='lat' dir='ltr'>argumentis.</span> <span class='ocrx_word' id='word_1_954' title='bbox 2079 3251 2162 3283; x_wconf 75' lang='lat' dir='ltr'>Ideo-</span> 
     </span>
     <span class='ocr_line' id='line_1_132' title="bbox 1296 3299 2163 3346; baseline 0 -13"><span class='ocrx_word' id='word_1_955' title='bbox 1296 3312 1350 3342; x_wconf 86' lang='lat' dir='ltr'>que</span> <span class='ocrx_word' id='word_1_956' title='bbox 1363 3325 1372 3340; x_wconf 90' lang='lat'><strong><em>,</em></strong></span> <span class='ocrx_word' id='word_1_957' title='bbox 1400 3311 1433 3334; x_wconf 85' lang='lat' dir='ltr'>ur</span> <span class='ocrx_word' id='word_1_958' title='bbox 1448 3303 1506 3345; x_wconf 82' lang='lat' dir='ltr'>filii</span> <span class='ocrx_word' id='word_1_959' title='bbox 1526 3301 1629 3346; x_wconf 80' lang='lat' dir='ltr'>saeruli</span> <span class='ocrx_word' id='word_1_960' title='bbox 1648 3302 1740 3342; x_wconf 75' lang='lat' dir='ltr'>hujus</span> <span class='ocrx_word' id='word_1_961' title='bbox 1754 3325 1765 3341; x_wconf 84' lang='lat'>‚</span> <span class='ocrx_word' id='word_1_962' title='bbox 1789 3302 1898 3334; x_wconf 78' lang='lat' dir='ltr'>callide</span> <span class='ocrx_word' id='word_1_963' title='bbox 1913 3299 2001 3343; x_wconf 88' lang='lat' dir='ltr'>suam</span> <span class='ocrx_word' id='word_1_964' title='bbox 2012 3302 2163 3334; x_wconf 81' lang='lat' dir='ltr'>lucernam</span> 
     </span>
     <span class='ocr_line' id='line_1_133' title="bbox 1296 3351 2166 3392; baseline 0 -9"><span class='ocrx_word' id='word_1_965' title='bbox 1296 3352 1487 3385; x_wconf 83' lang='lat' dir='ltr'>accendentes</span> <span class='ocrx_word' id='word_1_966' title='bbox 1507 3363 1546 3385; x_wconf 73' lang='lat' dir='ltr'>ex</span> <span class='ocrx_word' id='word_1_967' title='bbox 1567 3351 1684 3390; x_wconf 80' lang='lat' dir='ltr'>oleastro</span> <span class='ocrx_word' id='word_1_968' title='bbox 1697 3375 1707 3391; x_wconf 93' lang='lat'>‚</span> <span class='ocrx_word' id='word_1_969' title='bbox 1733 3357 1881 3392; x_wconf 82' lang='lat' dir='ltr'>veritique</span> <span class='ocrx_word' id='word_1_970' title='bbox 1900 3352 1937 3383; x_wconf 73' lang='lat' dir='ltr'>ne</span> <span class='ocrx_word' id='word_1_971' title='bbox 1956 3352 2086 3383; x_wconf 87' lang='lat' dir='ltr'>celeriter</span> <span class='ocrx_word' id='word_1_972' title='bbox 2110 3362 2166 3383; x_wconf 79' lang='lat' dir='ltr'>ex-</span> 
     </span>
     <span class='ocr_line' id='line_1_134' title="bbox 1299 3399 2161 3444; baseline 0 -12"><span class='ocrx_word' id='word_1_973' title='bbox 1299 3406 1453 3443; x_wconf 88' lang='lat' dir='ltr'>tinguatur</span> <span class='ocrx_word' id='word_1_974' title='bbox 1471 3426 1482 3441; x_wconf 83' lang='lat'>,</span> <span class='ocrx_word' id='word_1_975' title='bbox 1514 3399 1682 3444; x_wconf 85' lang='lat' dir='ltr'>absconsam</span> <span class='ocrx_word' id='word_1_976' title='bbox 1701 3409 1802 3434; x_wconf 85' lang='lat' dir='ltr'>tenent</span> <span class='ocrx_word' id='word_1_977' title='bbox 1819 3399 1877 3443; x_wconf 92' lang='lat' dir='ltr'>sub</span> <span class='ocrx_word' id='word_1_978' title='bbox 1891 3402 1985 3433; x_wconf 83' lang='lat' dir='ltr'>modio</span> <span class='ocrx_word' id='word_1_979' title='bbox 1993 3399 2138 3442; x_wconf 73' lang='lat' dir='ltr'>hypocrisis</span> <span class='ocrx_word' id='word_1_980' title='bbox 2150 3423 2161 3439; x_wconf 86' lang='lat'><strong>,</strong></span> 
     </span>
     <span class='ocr_line' id='line_1_135' title="bbox 1297 3449 2165 3494; baseline 0.002 -12"><span class='ocrx_word' id='word_1_981' title='bbox 1297 3450 1378 3494; x_wconf 73' lang='lat' dir='ltr'>longe</span> <span class='ocrx_word' id='word_1_982' title='bbox 1390 3452 1452 3483; x_wconf 89' lang='lat' dir='ltr'>alia</span> <span class='ocrx_word' id='word_1_983' title='bbox 1456 3449 1606 3493; x_wconf 79' lang='lat' dir='ltr'>fhnantes.</span> <span class='ocrx_word' id='word_1_984' title='bbox 1635 3449 1781 3494; x_wconf 77' lang='lat' dir='ltr'>Praefidia</span> <span class='ocrx_word' id='word_1_985' title='bbox 1789 3456 1951 3485; x_wconf 80' lang='lat' dir='ltr'>amicorum</span> <span class='ocrx_word' id='word_1_986' title='bbox 1969 3452 2003 3486; x_wconf 68' lang='lat'>(5</span> <span class='ocrx_word' id='word_1_987' title='bbox 2023 3449 2165 3491; x_wconf 76' lang='lat' dir='ltr'>Constan·</span> 
     </span>
    </p>

    <p class='ocr_par' dir='ltr' id='par_1_18' title="bbox 2129 3501 2166 3532">
     <span class='ocr_line' id='line_1_136' title="bbox 2129 3501 2166 3532; baseline -0.027 0"><span class='ocrx_word' id='word_1_988' title='bbox 2129 3501 2166 3532; x_wconf 73' lang='lat' dir='ltr'>iii</span> 
     </span>
    </p>
   </div>
   <div class='ocr_carea' id='block_1_16' title="bbox 2325 1351 2346 1405">
    <p class='ocr_par' dir='ltr' id='par_1_19' title="bbox 2325 1351 2346 1405">
     <span class='ocr_line' id='line_1_137' title="bbox 2325 1351 2346 1405; baseline 0 0"><span class='ocrx_word' id='word_1_989' title='bbox 2325 1351 2346 1405; x_wconf 47' lang='lat' dir='ltr'>‘NJ</span> 
     </span>
    </p>
   </div>
  </div>
 </body>
</html>
