2346 3776
236 225 307 285 24.
327 220 521 282 ,caleemp
542 217 667 268 illum
704 216 938 287 diligenter
962 214 1219 267 *evolnebat‘
1258 249 1295 262 ..
1329 214 1372 263 Si
1412 214 1521 282 quid
1563 221 1719 264 notatu
1769 214 1949 279 dignum
1997 218 2077 268 {ibi

235 283 484 352 occurreret
503 276 530 351 r,
575 286 832 358 excerp'ebat
854 325 868 350 ,
915 303 1053 355 atque
1090 288 1137 335 in
1173 282 1441 335 Adversariis
1478 283 1721 337 adnotabat
1758 322 1772 349 ,
1822 304 1876 335 ex
1916 289 2076 354 quibus

236 358 387 431 postea
440 360 590 415 Eleeta
635 360 826 410 faciebat
862 395 876 407 .
911 358 1110 408 Memini
1144 393 1160 417 ,
1207 355 1313 405 dum
1362 358 1516 406 Romae
1541 380 1550 397 ιι
1566 355 1668 406 esset
1704 393 1719 418 ,
1766 357 1880 405 ultra
1917 361 2076 420 viginti

235 430 508 501 praegrandes
544 468 558 492 ,
594 435 637 480 &
672 429 851 498 quidem
889 426 1166 478 minutissime
1217 426 1398 493 scriptos
1448 427 1693 476 Eleetorum
1729 426 1921 477 Codices
1970 445 2078 484 med

236 500 355 570 apud
398 520 497 551 eum
535 499 685 551 vidisse
720 537 733 549 .
781 504 879 548 Hac
923 517 1040 562 ergo‘
1081 499 1218 548 animi
1243 498 1526 546 contentione
1562 499 1609 545 in
1644 496 1899 564 quindecim
1949 496 2078 547 hora-

233 590 334 622 rum
370 571 571 640 spatium.
592 572 717 620 omni
753 568 1071 639 propemodum
1119 567 1192 617 die
1231 569 1279 616 in
1314 568 1539 618 arcaniora
1574 568 1743 616 altioris
1782 567 1922 617 Studii
1960 566 2075 617 vada

231 645 405 695 ,viritim
440 642 633 709 impensa
681 646 726 691 &
759 642 948 709 expensa
987 638 1054 690 ad'
1082 637 1192 688 illud
1226 637 1531 688 Ecclefiasticae
1554 675 1568 698 ‚
1613 642 1657 688 δε
1682 637 1877 688 Profanae
1919 637 2076 687 Erudi-

232 716 372 763 tionis
407 711 580 763 culmen
617 714 818 780 pervenit
841 749 855 772 ‚
891 727 942 760 ut
979 709 1035 759 de
1071 725 1348 776 quacumque
1372 726 1418 758 re
1445 708 1665 776 proposita
1687 745 1702 769 ,
1736 712 1780 757 &
1815 708 1997 776 quidem
2022 727 2075 762 ex

230 798 434 850 tempore
468 819 481 842 ‚
529 798 655 832 tanta
701 800 808 833 cum>
842 782 1135 848 exemplorum
1174 817 1188 840 ,
1237 794 1332 828 tum
1375 795 1728 842 argumentorum
1764 781 1893 847 copia
1929 777 2075 847 dispu*

234 868 352 907 taret
388 890 402 915 ‚
448 852 626 903 referret
663 890 678 914 ‚
723 870 987 920 omnemque
1024 849 1209 899 solveret
1245 849 1410 898 nodum
1450 871 1464 909 3
1512 865 1563 899 ut
1608 852 1656 903 in
1693 847 2075 899 admirationem-s

233 922 299 973 sui
334 922 571 974 Auditores
603 939 877 973 converteret
917 961 930 972 .
966 920 1103 970 Porro
1137 938 1193 969 ne
1228 922 1299 968 cui
1337 921 1428 971 haec
1467 917 1494 967 a
1544 919 1671 969 nobis
1705 937 1782 970 aut
1818 919 1961 984 fingi,
1997 936 2074 969 aut

231 994 283 1044 iu
330 999 467 1060 majus
517 995 670 1044 extolli
709 993 941 1045 videantur
974 1029 989 1053 ,
1037 990 1187 1040 testem
1232 991 1279 1037 in
1324 988 1517 1039 medium
1566 988 1744 1040 afferam
1787 994 1912 1041 omni
1952 1008 2074 1040 exce-

154 1121 158 1125 *
226 1065 387 1133 ptione
426 1068 635 1130 majorem
672 1102 685 1125 ‚
737 1061 1125 1114 Eminentiffimum
1185 1059 1349 1110 scilicet
1388 1057 1669 1110 Cardinalem
1718 1060 1885 1111 Felicem
1934 1059 2075 1129 RqsjnL

226 1133 392 1202 gliofhm
429 1172 443 1195 ‚
478 1140 600 1199 cujus
639 1137 817 1185 virtutis
854 1139 1044 1202 Purpura
1078 1131 1239 1180 ostrum
1280 1129 1513 1195 dignitatis
1550 1129 1730 1181 irradiat
1753 1167 1782 1184 t.
1830 1129 1924 1198 Ipse
1974 1134 2075 1198 qui*

230 1203 335 1254 dem
370 1222 453 1272 pro
485 1204 685 1265 singulari
726 1239 741 1263 ,
788 1220 878 1270 qua
914 1204 1054 1270 pollet
1093 1205 1305 1251 comitate
1340 1238 1356 1263 ,
1402 1201 1486 1250 hac
1524 1199 1580 1252 de
1619 1218 1665 1251 re
1708 1200 2075 1262 testimonium-⁴„

230 1273 376 1323 dicere
414 1289 505 1321 non
537 1270 845 1335 dedignabitur
879 1310 896 1323 .
947 1272 1250 1342 Qadraginta
1287 1271 1554 1341 Qaestiones
1589 1308 1604 1334 ,
1651 1270 1809 1339 easque
1853 1274 1985 1322 variis
2019 1270 2076 1320 de

226 1342 359 1393 rebus
395 1340 725 1403 difficillimas,
756 1344 848 1393 *una
883 1343 1024 1394 fimul2
1043 1347 1092 1392 P.
1131 1347 1256 1393 Lupo
1309 1341 1536 1392 solvendas
1572 1341 1801 1411 proposuit
1837 1379 1851 1392 .
1902 1342 2075 1412 Qibus

221 1412 433 1464 *omnibus
483 1417 565 1464 Vir
598 1411 858 1464 doetiflimus
907 1415 1130 1478 sigillatim
1181 1412 1419 1482 plenissime
1464 1411 1677 1463 satisfecit
1724 1432 1738 1463 τ
1787 1416 1845 1461 Et
1885 1428 2074 1467 tamen...

227 1483 352 1552 quod
401 1482 464 1533 est
498 1482 791 1534 difficilimum
835 1523 852 1547 ,
903 1488 1046 1534 tenuit
1083 1502 1135 1534 ex
1181 1483 1394 1552 sapientia
1442 1482 1622 1533 modum
1661 1520 1675 1533 .
1726 1483 1858 1533 Nihil
1913 1485 2075 1534 enim-0

224 1555 311 1605 illo
348 1557 522 1618 gravius
558 1591 572 1616 ,
608 1557 722 1606 nihil
757 1558 804 1605 in
844 1555 1008 1605 summa
1042 1553 1287 1607 eruditione
1337 1553 1553 1607 demissius
1592 1590 1605 1603 .
1660 1555 1828 1605 Multos
1864 1552 1961 1603 sane
1999 1572 2077 1602 noa

229 1624 421 1676 viffimus
455 1663 469 1688 ‚
503 1628 582 1693 qui
619 1626 739 1694 prius
776 1627 920 1676 alieno
956 1627 1014 1676 ab
1048 1628 1128 1677 illo
1166 1642 1291 1675 erant
1329 1627 1478 1678 animo
1511 1662 1525 1686 ‚
1560 1626 1673 1675 arffli
1710 1624 1812 1674 dein
1848 1643 1947 1673 eum
1977 1623 2079 1673 suisa

227 1696 273 1747 se
309 1699 635 1747 Communione
673 1698 927 1765 complexos
962 1720 977 1757 3
1012 1715 1064 1749 ex
1098 1714 1191 1764 quo
1225 1711 1395 1746 tantam
1431 1698 1569 1745 animi
1604 1697 1902 1750 humilitatem
1933 1733 1946 1756 ,
1982 1711 2080 1745 tana

231 1782 281 1815 ta
314 1784 414 1815 cum
450 1766 685 1817 studiorum
720 1771 934 1819 eviEtione
972 1771 1018 1817 in
1053 1786 1107 1817 eo
1140 1771 1415 1833 conjunctam
1451 1769 1619 1836 experti
1655 1766 1752 1818 sunt
1788 1804 1802 1815 .
1838 1765 1998 1818 Adhuc
2033 1769 2080 1820 in

229 1838 347 1885 vivis
381 1836 595 1885 ambulatr
625 1840 694 1886 vir
739 1836 933 1886 doctrina
967 1843 1011 1887 δε
1054 1855 1223 1886 morum
1259 1836 1484 1891 sanstitate
1531 1856 1622 1890 non
1657 1838 1802 1888 minus
1838 1875 1853 1899 ,
1901 1835 2082 1906 quam-⁴

229 1906 418 1975 purpura
453 1904 821 1958 Eminentiffimus
855 1943 868 1967 ‚
904 1910 983 1973 qui
1018 1924 1071 1955 ex
1106 1910 1357 1974 iniquorum
1395 1907 1660 1957 sermonibus
1696 1945 1710 1970 ‚
1761 1913 1867 1961 Lim
1904 1911 2081 1957 ΒοιὶὶῐίΨ

226 1984 333 2026 nam
369 1974 599 2044 suspe&am
636 1977 797 2026 habens
833 2013 847 2037 ,
894 1994 948 2026 ex
985 1975 1081 2044 ipso
1115 1981 1222 2026 LUPI
1257 1979 1518 2039 cognomine
1566 1977 1711 2026 nescio
1746 1977 1857 2045 quid
1893 1978 2081 2029 feritatis

229 2063 428 2111 argueret
463 2052 563 2096 ..Is
599 2062 747 2097 tamen
782 2066 835 2097 ex
871 2065 964 2115 quo
999 2047 1134 2098 altam
1172 2045 1339 2097 laudati
1375 2050 1471 2097 Viri
1508 2046 1763 2101 modestiam
1790 2049 2082 2099 inenarrabili

229 2117 489 2168 Eruditione
525 2116 740 2167 suffultam
776 2118 951 2187 penitus
987 2117 1170 2187 inspexit
1194 2156 1208 2180 ‚
1255 2118 1461 2168 damnata
1487 2156 1500 2180 ,
1536 2137 1672 2187 quam
1707 2118 1763 2168 de
1797 2137 1852 2170 eo
1889 2138 2083 2189 praecon,

226 2205 406 2257 ceperat
428 2226 442 2251 ‚
477 2188 743 2252 suggestione
776 2227 789 2252 ,
826 2189 857 2239 fi
893 2188 1084 2258 quando.
1107 2189 1224 2259 apud
1258 2208 1357 2243 eum
1391 2189 1447 2241 de
1482 2194 1607 2240 Lupo
1642 2192 1892 2255 injiceretur
1928 2190 2081 2253 sermo,

227 2261 275 2307 in
311 2260 427 2309 illius
462 2260 610 2313 laudes
646 2276 766 2310 totus
802 2259 1088 2311 effunderetur
1120 2282 1132 2311 :
1169 2267 1344 2326 Agnum
1381 2260 1407 2310 a
1443 2259 1510 2321 se,
1547 2278 1635 2310 non
1672 2265 1826 2315 Lupum
1863 2278 2081 2330 repertum

226 2328 457 2391 dietitans,
492 2333 710 2399 optimum
747 2329 888 2380 senem
924 2349 975 2381 ac
1011 2330 1308 2383 carismatibus
1343 2331 1545 2382 omnibus
1580 2331 1911 2383 ornatissimus.
1949 2333 2081 2387 Enim

227 2401 334 2449 vero
382 2419 483 2450 cum
531 2402 621 2450 haec
671 2402 818 2470 postea
866 2405 1134 2466 contigerint
1185 2403 1241 2453 ad
1289 2421 1429 2452 rerum
1478 2401 1677 2452 ordinem
1736 2418 1851 2452 nunc
1899 2401 2031 2456 redeo
2066 2440 2079 2453 .

226 2469 496 2534 Theologica
531 2471 668 2521 studia
703 2512 717 2535 ‚
753 2491 850 2541 quae
885 2473 1001 2542 apud
1036 2474 1222 2524 Nostros
1242 2477 1410 2537 'vigent
1446 2476 1592 2523 Duaci
1629 2509 1643 2535 ,
1681 2477 2079 2541 Lo21³1woperamqa

224 2539 524 2591 desiderabant
550 2564 565 2602 3
601 2542 768 2593 idcirco
803 2542 830 2593 a
866 2543 1157 2612 suPerioribus
1193 2545 1272 2594 illo
1308 2542 1456 2593 missus
1488 2543 1551 2593 est
1587 2581 1600 2592 .
1652 2543 1719 2593 Ibi
1757 2543 1862 2597 vero
1899 2546 2080 2612 inclytae

225 2612 514 2662 Univerfitati
549 2614 863 2682 acceptissimus
889 2652 902 2676 ,
956 2633 1045 2664 non
1081 2614 1214 2665 modo
1251 2616 1498 2678 Religionis
1521 2652 1535 2676 ,
1584 2613 1657 2663 sed
1693 2616 1829 2665 etiam
1866 2614 2076 2664 saeculari„

226 2678 306 2730 bus
341 2683 590 2733 hominibus
625 2687 780 2735 utilem
805 2723 820 2747 ,
855 2702 913 2734 acr
941 2684 1217 2735 necessariam
1254 2688 1436 2736 navavit
1472 2702 1651 2753 operam
1679 2707 1692 2735 ε
1728 2688 1954 2735 Nimirum
1971 2691 2075 2735 -Auv

225 2751 473 2813 gustinianae
507 2757 732 2805 Dofflinae
765 2756 952 2805 studium
987 2793 1002 2817 ,
1049 2756 1170 2824 quod
1204 2762 1294 2824 jam
1328 2755 1601 2807 obsoleverat
1636 2793 1649 2817 ,
1699 2759 1858 2805 iterum
1909 2758 2074 2805 excitav

223 2824 295 2871 vit
319 2859 331 2870 .
380 2826 512 2874 Multi
547 2827 668 2875 enim
702 2864 716 2889 ‚
751 2826 857 2875 dum
893 2844 1008 2876 nova
1043 2826 1301 2877 sedtarentur
1336 2864 1350 2889 ‚
1375 2829 1549 2877 veteris
1586 2825 1840 2893 Disciplinae
1876 2826 2009 2876 obliti
2046 2825 2074 2881 ὲ,

222 2890 498 2944 saluberrima
532 2900 692 2946 SANCTI
726 2902 972 2946 Auousrml
1006 2896 1071 2947 de
1096 2900 1274 2947 Gaura
1306 2934 1320 2958 ,
1356 2901 1400 2947 &
1435 2901 1847 2948 Pieffimsrmmiomz
1884 2901 2072 2946 SENTEN-

224 2981 296 3011 TIA
331 2962 551 3015 ardentius
584 2966 833 3018 defecerant
870 3005 884 3017 .
933 2973 1037 3036 Qo
1072 2986 1248 3018 munere
1283 2967 1456 3031 egregie
1491 2967 1715 3036 perfundto
1749 2966 1805 3016 ad
1840 2968 2068 3034 pristinam

221 3031 414 3101 spartam
463 3037 751 3088 exornandam
800 3043 1016 3103 Majorum
1048 3037 1168 3105 *jussu
1203 3041 1447 3090 Lovanium
1499 3041 1655 3087 iterum
1690 3054 1921 3087 revocatus
1968 3039 2068 3098 est;

222 3102 297 3153 sed
331 3103 434 3154 dum
471 3109 681 3156 Lauream
717 3109 1009 3172 Magistralem
1034 3146 1048 3170 ‚
1082 3114 1126 3158 &
1161 3108 1425 3159 Dostorati‘is
1461 3106 1658 3170 Insignia.
1689 3113 1780 3175 jam
1828 3108 1884 3158 de
1919 3112 2067 3177 proxi«-

222 3192 299 3224 mo
332 3175 615 3243 praehensaret
649 3215 662 3238 ‚
702 3180 986 3246 municipalis
1022 3178 1297 3246 quorundam
1346 3180 1459 3227 livor
1492 3176 1691 3230 debitum
1735 3179 1816 3246 ipsi
1835 3179 2064 3233 honorem

221 3243 479 3295 intercidere
515 3251 705 3298 tentavit
739 3286 754 3309 ,
802 3248 965 3299 scilicet
990 3247 1152 3315 summa
1182 3254 1280 3320 petit
1314 3246 1463 3298 invidia
1496 3285 1511 3311 ‚
1558 3254 1618 3298 69⁴
1638 3249 1897 3315 familiariter
1930 3255 2066 3298 virtu,-

220 3319 256 3362 ti
289 3335 404 3364 comcs
438 3316 539 3382 adest
547 3328 596 3366 ιε,
643 3355 650 3366 ,.
882 3347 884 3349 v
988 3334 991 3341 “
1835 3358 1837 3361 -
2050 3362 2051 3368 ,

292 3389 482 3435 ‘Urbanus
516 3384 637 3437 VIII.
673 3388 858 3439 Librum
888 3391 1046 3440 Comeli}
1080 3389 1252 3458 Janfim’i
1283 3427 1298 3452 ‚
1339 3390 1523 3459 iprensis
1559 3390 1811 3460 Episcopi,
1847 3396 2064 3446 Amasti,-

222 3469 303 3503 »ωε
337 3456 591 3525 inscriptum
627 3459 927 3528 proscripserat
961 3497 978 3511 .
1018 3465 1256 3513 ‚Innocentius
1290 3467 1347 3513 X.
1396 3460 1597 3516 adversus
1632 3465 1833 3530 quinque¹
1865 3461 2061 3527 Proposi.

1850 3546 1990 3583 tiones
