2346 3776
316 107 318 109 .
367 122 477 185 ²¹73*

296 258 475 291 Valentinus
489 282 500 298 ,
526 269 578 291 nec
604 261 736 291 Marcion
753 282 763 297 ,
789 268 842 290 nec
863 255 1105 300 Cata-Phryges,
1130 267 1182 290 nec

297 306 482 341 Manicbaeus
494 309 638 342 damnari
658 307 767 340 debent
782 330 792 346 ,
818 307 889 349 qula
901 311 1031 340 Nicaena
1055 306 1183 344 synodus

296 369 343 390 eos
367 369 425 391 non
438 364 593 399 nominat,
619 369 691 399 quos
705 358 784 401 certe
795 366 866 391 ame
884 358 1026 397 &nodum
1027 355 1118 403 fuisse
1126 367 1183 389 non

295 407 416 440 dubium
440 407 498 448 est.
755 442 759 446 ,
805 416 824 428 *³
927 411 932 419 ²

344 457 460 492 Restat
468 456 618 500 quaestio,
631 467 677 490 an·
686 457 938 502 glorificationis
951 456 1106 502 hymnus,
1117 455 1182 489 Glo-

294 511 343 539 νέα
366 510 453 541 Patri
472 508 508 541 δ’
535 508 614 540 Filio
635 508 669 545 (τ
687 509 814 548 Spiritui
833 506 938 550 sanc‘i'o
951 531 961 547 ,
987 504 1023 540 sit
1044 506 1181 540 anostra

294 556 431 599 synodo
445 556 613 590 institutus
627 581 633 588 .
663 556 842 592 Affirmant
854 557 956 601 aliqui
969 565 1009 591 ex
1021 556 1184 590 Zozome·

294 617 360 646 no,
385 605 553 641 adserente
574 606 754 641 Ecclesiam
777 602 1026 641 Antiochenam
1049 606 1109 640 sub
1121 604 1184 640 Le-

293 656 390 690 ontio
414 656 580 700 Episcopo
603 657 695 691 fuisse
718 657 878 699 divisam;
903 657 985 691 alios
1010 658 1045 690 in
1060 654 1183 698 divinis

294 704 446 740 laudibus
468 706 609 740 cantasse
632 730 643 747 ‚
669 708 772 741 Gloria
801 710 890 740 Patet
919 715 978 748 per.
1012 706 1125 739 Filium
1150 711 1190 747 in,

293 757 410 798 spiritu
425 753 554 799 samso,
580 756 665 791 alios
680 780 689 796 ,
704 759 811 790 Gloria
822 758 956 789 Patri&
974 756 1055 788 Filio
1073 757 1183 797 &Spl-

293 804 499 850 rituisancqm
524 806 625 855 idque
637 807 853 844 conformiter
875 805 917 843 ad
940 805 1113 853 Synodum
1123 805 1183 840 Ni-

293 868 433 892 eaenam.

347 905 548 950 Respondeo
573 905 737 950 hymnum
759 905 935 952 effelonge
955 906 1181 955 vetustiorem.

294 957 347 990 De
362 956 422 990 illo
445 956 617 1003 specialem
631 955 752 990 librum
767 980 778 997 ,
803 958 856 993 cui
871 956 1049 997 titulus-ide
1060 955 1181 1000 Spiritu

294 1007 427 1046 sanilo,
453 1005 563 1040 scribit
589 1007 724 1041 Sanitus
752 1007 886 1049 Basilius
909 1032 921 1048 ,
946 1003 1094 1051 dicitque
1120 1005 1183 1040 effe

293 1056 567 1090 consuetudinem
582 1056 828 1091 vetustissimam
842 1082 853 1097 ‚
878 1058 1090 1101 antiquitate,
1123 1066 1182 1089 ceu

294 1106 437 1151 quadam
460 1106 583 1141 canitie
609 1106 832 1141 venerandam
858 1132 865 1139 .
893 1107 1048 1141 Clemens
1060 1107 1183 1147 Roma-

296 1167 359 1190 nus
369 1181 381 1196 ,
406 1156 589 1199 Dionysius
602 1155 847 1191 Alexandrinus
859 1182 869 1197 ‚
898 1158 1034 1192 Irenaeus
1047 1155 1184 1200 Lugdu·

296 1206 403 1241 nensis
416 1207 597 1250 Episcopus
610 1206 812 1249 esseformam
834 1209 868 1241 Θ·
889 1209 1025 1254 regulam
1048 1209 1068 1239 ἃ
1087 1207 1183 1246 Majo-

297 1256 380 1291 vibus
393 1265 561 1298 acceptam.
591 1256 748 1299 Ejusdem
759 1256 979 1292 meminerunt
998 1257 1182 1301 Origenes,

300 1306 403 1350 Julius
415 1307 595 1342 Africanus
608 1330 618 1346 ‚
630 1307 654 1340 F
657 1307 842 1342 irmilianus
853 1306 1069 1341 Caesaraeenfis
1081 1330 1092 1347 ,
1104 1305 1185 1339 Gre-

296 1356 413 1401 gorius
435 1354 708 1402 Thaumaturgus
737 1382 748 1398 ‚
775 1368 917 1401 quorum
936 1357 1034 1391 verba
1055 1357 1088 1390 ὃς
1110 1356 1181 1389 loca

297 1407 435 1440 Basilius
445 1406 597 1449 producit
608 1431 618 1447 ‚
645 1407 851 1441 concludens
861 1407 923 1442 esse
934 1419 1033 1443 vocem
1038 1414 1162 1450 gratam
1171 1430 1181 1445 ‚

296 1463 425 1490 amicam
445 1454 586 1499 sandlis,
611 1458 634 1488 ἆ
643 1463 747 1498 prima
757 1459 926 1500 Evangelii
950 1458 1183 1491 adnunciatione

295 1506 387 1551 usque
409 1506 454 1538 ad
468 1504 606 1550 praeftns
640 1512 672 1540 in
695 1506 828 1548 Ecclefir‘s
852 1505 990 1548 uſstatam
1010 1531 1017 1538 .
1047 1506 1121 1539 Esse
1142 1504 1183 1538 ab

298 1556 471 1601 Apostolis
483 1567 552 1590 non
564 1555 705 1600 scripto,
733 1557 786 1590 sed
808 1555 907 1591 verbo
929 1556 1082 1590 traditam
1091 1555 1185 1589 disci-

298 1608 443 1656 plinam.
471 1605 552 1650 Ejus
583 1606 799 1646 austeritate,
825 1615 993 1649 tamquam
1020 1604 1185 1639 vetustiffi-

297 1668 352 1693 ma
361 1659 402 1691 ad
410 1655 622 1700 irrefragabili
639 1677 650 1696 ,
659 1654 798 1689 secunda
809 1654 963 1698 Synodus
973 1678 984 1694 ,
997 1654 1094 1698 idque
1102 1654 1186 1687 intra

297 1708 404 1752 ipsum
417 1705 612 1749 Symbolum
627 1729 637 1745 ‚
657 1705 865 1739 confirmavit
889 1704 1108 1739 Divinitatem
1121 1703 1187 1746 Spi-

298 1758 381 1792 ritus
407 1753 529 1791 san‘ffl:
556 1758 621 1799 ,Qui
646 1766 711 1788 cum
735 1758 830 1788 Patre
856 1755 891 1788 et
913 1755 993 1788 Filio
1011 1752 1099 1796 fimul
1118 1755 1188 1785 ado-

299 1818 385 1842 ratur
407 1809 441 1841 Θ
463 1804 694 1850 conglorificatur
713 1831 720 1837 .
762 1805 974 1838 Zozomenus
1006 1803 1095 1837 aliud
1118 1814 1184 1837 non

300 1858 372 1892 vult
394 1881 405 1897 ‚
433 1857 531 1899 quim
558 1856 699 1898 priorem
725 1854 913 1889 difformem
938 1877 949 1893 ‚
976 1853 1186 1897 posteriorem

300 1905 513 1954 glorificandi
560 1904 699 1943 modum
749 1905 812 1941 effe
859 1904 1064 1941 conformem
1111 1902 1188 1938 fidei

302 1959 466 1994 Nicaenae.

352 2008 471 2051 Aliqui
481 2016 592 2042 tamen
607 2004 710 2040 hocce
721 2005 981 2041 additamentum
993 2029 1005 2046 ,
1031 2007 1112 2039 Sicut
1123 2012 1190 2039 erat

302 2066 335 2096 in
352 2063 503 2101 principio
513 2058 570 2091 &a
598 2056 787 2101 existimant
800 2059 862 2091 effe
874 2067 1005 2096 recens,
1030 2054 1114 2090 aura
1130 2053 1192 2088 Ni·

302 2120 390 2146 caena
402 2106 541 2151 Synodo
555 2130 565 2146 ‚
591 2106 832 2141 autaDamaso
859 2106 1022 2140 Pontifice
1032 2105 1190 2148 adjestum

303 2168 419 2194 contra
431 2157 596 2197 Arianos,
625 2155 886 2199 blasphemantes
896 2156 938 2190 de
964 2155 1058 2195 filio,
1086 2157 1189 2193 Erat,

304 2209 426 2253 'quando
449 2219 507 2241 non
530 2216 614 2241 erat.
640 2206 743 2241 Favet
755 2207 889 2248 quintus
900 2205 1020 2240 Canon
1042 2203 1191 2238 Concilii

306 2258 484 2293 vasensis:
513 2259 599 2300 ,Quia
611 2267 667 2289 non
684 2255 822 2299 soliimin
846 2257 919 2289 Sede
939 2255 1115 2297 apostolica,
1136 2252 1194 2297 sed

306 2315 400 2346 etiam
417 2316 475 2351 per
498 2314 591 2341 totum
612 2311 764 2340 Orientem
776 2330 786 2346 ,
812 2307 847 2340 er
868 2314 961 2338 totam
987 2304 1121 2347 Africam
1145 2304 1197 2337 vel

307 2361 454 2398 Italiam,
476 2365 600 2400 propter
620 2356 825 2390 baereticorum
848 2355 987 2396 astutiam
1012 2379 1023 2395 ,
1048 2366 1109 2397 qua
1137 2357 1193 2387 Dei

310 2410 425 2445 Filium
447 2420 506 2441 non
523 2406 641 2451 J'emper
661 2418 726 2440 cum
750 2409 844 2439 Patre
856 2405 967 2448 fuiffe,
982 2403 1041 2449 sed
1062 2407 1198 2446 atempo-

311 2471 343 2495 re
360 2460 468 2501 coepiffe
490 2456 685 2500 blaphemant
709 2480 720 2496 ‚
745 2462 777 2489 in
816 2455 949 2489 omnibus
975 2452 1113 2498 clausulis
1135 2452 1196 2495 post

313 2509 417 2542 Gloria
439 2510 528 2539 Patri
550 2507 675 2540 &Filio
698 2504 982 2547 &Spirituisanllo
1005 2529 1016 2546 ,
1041 2507 1122 2539 sicut
1132 2512 1198 2536 erat

314 2564 347 2593 in
355 2562 503 2600 principio
524 2556 559 2589 Θ
581 2566 658 2588 nunc
681 2553 880 2597 &semperfir
906 2559 939 2587 in
955 2555 1067 2597 secula
1084 2551 1199 2596 saeculo-

315 2617 404 2646 mm,
430 2610 545 2645 Amen,
573 2604 719 2645 dicitur‚·
745 2610 837 2638 etiam
858 2605 893 2637 (5
917 2615 969 2636 nor
999 2609 1032 2636 in
1054 2601 1199 2644 univer-fis

316 2655 450 2698 Ecclefiis
472 2654 574 2696 nostris
596 2653 647 2687 hoc
668 2660 714 2687 ira
741 2654 900 2686 dicendum
926 2653 977 2696 effe
998 2654 1200 2686 decernimus.

317 2707 492 2750 Adjeetum
509 2705 528 2739 a
540 2698 687 2740 Damaso
699 2703 864 2738 Pontifice
889 2703 1026 2738 affirmat
1046 2701 1115 2744 ejus
1135 2702 1201 2735 vita

319 2769 360 2792 ex
390 2756 552 2790 Romanis
575 2754 824 2789 Canonicorum
850 2753 959 2787 Sancti
985 2751 1073 2786 Petri
1100 2749 1204 2785 archi-

319 2809 375 2841 vis.
394 2806 551 2849 descripta
579 2816 633 2847 per
659 2802 828 2838 Abbatem
856 2801 1114 2836 Constantinum
1141 2801 1202 2835 Ca·

320 2857 466 2903 jetanum
480 2881 491 2896 ‚
510 2854 672 2899 publicata
685 2864 741 2897 per
752 2853 906 2887 Marcum
920 2852 1086 2886 Milesium
1098 2876 1105 2883 .

377 2905 575 2949 Respondeo
601 2914 711 2938 tamen
722 2903 823 2938 etiam
850 2903 955 2946 ipsum
976 2903 1038 2936 esse
1064 2900 1207 2937 vetustis-

322 2957 456 2990 simum.
484 2954 538 2990 Eo
567 2955 642 2989 usos
667 2953 875 2988 Clementem
889 2953 1099 2991 Romanum,
1122 2952 1207 2985 Dio-

324 3006 451 3048 nysium
464 3003 725 3039 Alexandrinum
737 3027 748 3044 ,
773 3003 929 3037 Irenaeum
940 3001 1207 3047 Lugdunensem,

325 3066 363 3089 ac
387 3055 508 3098 Iulium
545 3053 740 3098 Africanum
766 3052 876 3087 scribit
913 3053 947 3086 in
973 3051 1037 3094 jam
1076 3050 1207 3086 laudato

328 3103 411 3137 libro
442 3105 574 3139 Sanctus
610 3103 748 3137 Basilius
777 3117 786 3137 .·
823 3112 861 3137 ut
898 3102 998 3136 ritum
1035 3101 1077 3135 ab
1114 3100 1208 3134 omni

328 3153 467 3186 Ecclesia
494 3155 646 3188 usitatum
674 3152 825 3197 praedicat
850 3152 887 3186 in
915 3151 1002 3186 libro
1027 3150 1069 3185 de
1095 3151 1208 3194 spesla·

330 3201 414 3235 culis
447 3201 674 3237 Tertullianus
712 3228 718 3235 .
757 3202 831 3236 Nec
868 3201 1019 3236 Vasensis
1056 3199 1210 3244 Synodus

331 3261 388 3285 aut
415 3249 498 3284 ditia
524 3252 656 3286 Damasi
684 3252 858 3287 Pontificis
882 3252 948 3286 vita
982 3250 1207 3285 adversantur,

333 3300 479 3338 'Edicunt
500 3323 510 3340 ‚
537 3312 604 3332 non
615 3311 694 3335 tunc
721 3301 891 3336 inductum
926 3300 1209 3339 additamentum,

333 3350 389 3384 scd
398 3348 589 3382 Psalmodiae
599 3349 694 3387 adjici
701 3361 844 3394 coeptum
857 3362 912 3394 per
919 3352 1023 3385 varias
1030 3351 1186 3389 Ecclesias
1199 3373 1210 3389 ,

333 3399 376 3437 de
387 3410 454 3442 quo
466 3399 499 3432 ὅ(
509 3397 605 3432 variis
615 3397 689 3431 aliis
700 3398 741 3432 ad
753 3398 917 3442 hymnum
942 3399 1033 3437 hunc
1044 3399 1212 3447 spectanti-

336 3449 397 3487 bus
406 3447 483 3484 alibi
494 3459 537 3483 ex
553 3447 740 3484 occasione,

747 96 1049 195 Canos‘ss
1084 103 1691 177 δοκεῐὶηΝιώΕΝῑ
1728 126 1735 131 ’

299 205 459 250 'atriumque
474 204 676 242 damnarunt.
706 210 844 250 Alioquin
866 206 923 241 boe.
938 197 1109 250 argu‘mento
1130 216 1195 239 nec.

1258 243 1261 247 ’
1323 233 1596 321 'CAPUT
1631 233 2043 351 ocTAvU'ti.·
2096 263 2111 279 ’·

1314 423 1373 468 De
1384 438 1529 468 numero
1551 424 1611 467 (9⁴
1635 414 1853 482 aujc‘loritate
1864 427 2056 473 Canonum

1547 486 1821 555 Nicaenorum.

1348 609 1506 645 Oviffima
1516 609 1643 654 Synodi
1654 611 1744 646 seffio
1755 636 1766 653 ,
1792 612 1871 648 teste
1882 612 2103 650 Theodoreto
2116 618 2130 656 ‚'

1372 659 1525 695 Canones
1535 661 1660 702 edidit,
1687 672 1784 706 atque
1807 661 1887 697 hinc
1908 674 1985 699 nata
1995 675 2129 710 genera-

1245 709 1326 745 lium
1337 709 1546 752 Synodorum
1559 712 1762 747 consuetudo
1774 712 1881 756 primo
1895 715 1979 747 moti
1993 715 2127 760 dogma-

1245 759 1286 793 tis
1298 758 1487 803 quastiones
1503 785 1514 801 ‚
1539 760 1661 797 deinde
1673 762 1785 796 civiles
1807 763 1841 797 ὅ(
1857 763 2043 799 criminales
2062 775 2133 807 per·

1218 855 1220 857 Ι
1246 810 1396 843 sonarum
1408 811 1518 844 causas
1527 810 1700 846 decidendi
1713 836 1723 853 ,
1751 812 1948 857 tandemque
1959 813 2128 849 condendi

1245 870 1372 892 morum
1395 859 1567 895 Canones.
1596 860 1701 896 Porro
1721 861 1762 897 de
1783 860 2004 898 Nicaenorum
2018 863 2129 899 Cano·

1248 920 1327 943 num
1339 910 1531 953 numer-otest
1543 911 1674 955 quaestio
1682 912 1902 956 antiquissima
1914 937 1925 953 ,
1953 923 2046 948 mota
2065 914 2131 957 pri·
2251 930 2268 947 ι
2290 936 2295 943 ·

1246 959 1336 992 inum
1356 957 1398 992 ab
1410 957 1549 994 Aurelio
1577 959 1824 1006 Carthaginensi
1836 962 2000 1007 Episcopo
2019 974 2058 998 ac
2070 964 2128 1007 Sy·
2252 955 2270 965 '⁹

1248 1008 1338 1042 nodo
1359 1008 1448 1056 ejus,
1473 1020 1516 1043 ex
1539 1011 1710 1047 occasione
1732 1011 1882 1049 Canonis
1910 1012 2128 1054 Sardicensis,
2167 1008 2171 1012 ’
2203 1007 2213 1013 '⁴

1245 1058 1391 1102 quemln
1409 1057 1537 1102 Apiarii
1559 1059 1745 1104 Presbyteri
1770 1061 1923 1096 Siccensis
1934 1063 2030 1102 causa
2051 1063 2129 1108 mis}-

1246 1110 1313 1142 sum
1327 1108 1484 1145 Zozimus
1495 1107 1653 1145 Pontifex
1675 1111 1839 1154 scripserat
1847 1111 2021 1147 Nicaenum
2034 1138 2042 1146 .
2069 1113 2130 1148 Vi-

1246 1158 1331 1203 ginti
1353 1158 1439 1192 solos
1458 1156 1531 1192 Afri
1554 1169 1676 1193 norant
1694 1184 1705 1201 ‚
1730 1171 1768 1194 ac
1790 1161 1825 1194 in
1847 1158 2005 1196 Archiv‘is
2030 1160 2128 1196 habe-

1248 1209 1347 1249 bant,
1374 1219 1457 1252 quos
1470 1209 1579 1242 secum
1601 1221 1642 1243 ex
1653 1209 1791 1257 Synodo
1813 1210 1995 1251 detulerat,
2020 1223 2058 1246 ac
2070 1222 2128 1255 per

1245 1269 1378 1292 omnem
1392 1257 1540 1292 Africam
1552 1258 1732 1302 publicarat
1744 1254 1944 1303 Caecilian'us'
1956 1260 2130 1312 Carthagi-

1247 1309 1351 1342 nenfis
1371 1308 1571 1355 Episcopus,
1598 1310 1645 1343 uti
1658 1310 1763 1344 asserit
1777 1311 1866 1344 sexta
1886 1310 2040 1355 Synodus
2049 1311 2132 1345 Car-

1246 1358 1462 1403 thaginensis.
1481 1358 1519 1391 ln
1530 1358 1645 1393 litteris
1663 1359 1704 1393 ad
1713 1359 1917 1395 Celestinum
1929 1361 2132 1398 Pontificem

1246 1408 1337 1442 addit
1349 1406 1504 1442 Aurelius
1518 1408 1616 1443 Ιεᾶος
1629 1410 1646 1442 ὲ
1659 1410 1689 1443 se
1701 1410 1806 1453 plures
1815 1435 1826 1451 ‚
1844 1410 1984 1445 Latinos
1995 1422 2035 1446 ac
2044 1411 2132 1446 Grae·

1246 1469 1304 1492 cos
1316 1457 1496 1491 Canonum
1523 1458 1675 1500 codices,
1702 1462 1786 1494 acin
1807 1459 1966 1494 omnibns
1986 1470 2132 1505 repertos

1248 1507 1334 1542 solos
1349 1507 1470 1552 viginti
1488 1507 1659 1542 Nicaenos.
1688 1509 1799 1543 Etiam
1822 1509 2004 1552 zozimus,
2029 1509 2133 1545 Boni-

1247 1557 1349 1591 faeius
1367 1581 1379 1598 ‚
1404 1556 1590 1591 Celestinus
1609 1556 1789 1606 Rontifices
1809 1582 1821 1599 ‚
1846 1558 1888 1593 ab
1908 1557 2001 1593 Afris
2021 1560 2132 1605 rogati

1248 1606 1472 1642 instantissime
1496 1630 1508 1647 ,
1534 1606 1617 1640 alios
1642 1609 1784 1650 proferre
1818 1619 1889 1642 non
1928 1619 2129 1652 potuerunt.

1249 1657 1342 1690 Hinc
1354 1657 1445 1689 mista
1467 1655 1592 1699 legatio
1612 1656 1653 1689 ad
1667 1655 1797 1690 archiva
1819 1657 1970 1692 Ecclesia
1988 1657 2134 1694 Alma·

1273 1706 1373 1746 rinae,
1399 1703 1641 1745 Antiocheam,
1666 1714 1765 1750 atque
1790 1705 2134 1752 constantinopolit·-

1241 1768 1298 1796 ,ηε
1314 1770 1325 1790 .-
1351 1755 1548 1796 Sanstusque
1559 1754 1706 1798 Cyrillus
1725 1754 1988 1798 Alexandrinus,
2016 1768 2055 1791 ac
2070 1756 2134 1792 Ae-

1250 1806 1334 1839 ticus
1359 1804 1753 1852 Constantinopolitanus
1779 1805 1960 1853 Episcopus
1982 1805 2070 1844 solos
2087 1806 2132 1842 vi*

1250 1855 1338 1901 giuti
1360 1854 1534 1889 miserunt.
1818 1868 1821 1871 ·
2121 1876 2125 1881 1

1303 1904 1429 1939 Eadem
1453 1904 1495 1940 de
1514 1915 1549 1940 re
1568 1916 1645 1940 cum
1667 1904 1802 1950 Nepote
1813 1906 2024 1948 Hincmaro,
2047 1907 2137 1947 Lau-

1252 1955 1388 1990 dunensi
1412 1956 1603 1999 Episcopo,
1628 1955 1822 1999 disceptavit
1847 1956 2051 1992 Hincmarus
2070 1955 2137 1991 Ro-

1255 2006 1415 2040 mensium
1426 2004 1646 2051 Metropolita
1658 2030 1666 2037 .
1693 2006 1829 2041 Etenim
1841 2006 2065 2042 Laudunensis
2084 2006 2137 2040 su·

1252 2055 1391 2092 stinebat
1404 2056 1634 2090 Romanorum
1652 2054 1855 2091 Pontificum
1877 2057 2029 2102 antiquas
2055 2055 2138 2099 Epi·

1255 2106 1353 2141 stolas
1367 2130 1378 2146 ‚
1404 2104 1446 2139 ab
1457 2104 1580 2140 Isidoro
1589 2104 1778 2140 Mercatore
1789 2106 1887 2141 nobis
1898 2106 2022 2142 delatas
2031 2130 2044 2147 ,
2067 2105 2137 2140 aci

1258 2156 1397 2191 Riculso
1408 2155 1568 2200 Mogunti
1573 2167 1617 2189 no
1629 2155 1796 2200 Episcopo
1806 2157 1925 2200 sparsas
1934 2167 1990 2200 per
1997 2165 2136 2190 omnem

1257 2205 1455 2246 Franciam,
1480 2216 1561 2249 quas
1582 2205 1669 2238 inter
1687 2205 1795 2240 Marci
1807 2205 1983 2240 Pontificis
2003 2204 2047 2241 ad
2057 2205 2138 2241 San-

1255 2257 1343 2299 &um
1355 2253 1579 2295 Athanasium,
1591 2266 1630 2288 ac
1639 2253 1737 2297 hujus
1745 2254 1788 2289 ad
1801 2253 1896 2290 illum
1906 2255 2077 2299 epistolam
2088 2254 2136 2289 ait-

1252 2301 1388 2342 'firmant
1401 2304 1494 2339 fuisse
1505 2304 1661 2339 Canones
1671 2304 1862 2350 oe’cuaginta
1875 2330 1883 2337 .
1909 2304 1958 2339 At
1970 2303 2136 2351 Epistolas

1258 2356 1330 2390 illas
1355 2364 1523 2398 tamquam
1547 2354 1784 2397 supposititias,
1815 2354 1881 2397 jam
1906 2353 1994 2388 dosii
2022 2353 2136 2398 panim

1258 2405 1410 2449 rejiciunt
1425 2428 1437 2444 ,
1462 2403 1603 2447 ideoque
1613 2414 1690 2437 cum
1700 2402 1887 2439 Hincmaro
1897 2404 2040 2439 assevero
2061 2403 2138 2437 fuis-

1259 2457 1290 2491 se
1301 2455 1458 2489 Cauones
1467 2454 1554 2488 solos
1565 2453 1683 2498 viginti
1698 2478 1705 2485 .
1733 2454 1813 2488 Hoc
1825 2453 1882 2488 ille
1893 2453 2010 2497 probat
2020 2464 2063 2487 ex
2073 2451 2140 2486 Ca·

1262 2515 1389 2541 nonum
1400 2503 1528 2538 Codice
1537 2528 1547 2543 ‚
1576 2514 1674 2547 quem
1687 2503 1800 2546 passim
1813 2503 1955 2537 dicimus
1975 2502 2137 2541 Codicem

1261 2555 1448 2589 Canonum.
1464 2552 1614 2587 Ecclesiae
1636 2552 1810 2594 universae,
1836 2552 1955 2588 usitato
1978 2553 1998 2587 ὲ
2024 2551 2139 2586 Graeca

1262 2603 1520 2643 Ecciefiasteeto
1532 2603 1566 2636 in
1579 2602 1718 2647 Synodo
1730 2601 2008 2637 Chalcedonensi.
2036 2601 2139 2636 Anio
2202 2639 2207 2642 ,

1261 2654 1438 2688 undecima
1465 2653 1541 2688 finit
1566 2654 1694 2687 causam
1720 2651 1876 2696 Stephani
1909 2662 1948 2686 ac
1974 2650 2140 2692 Basfiani‚

1260 2701 1536 2739 contendentium
1571 2702 1614 2736 de
1639 2702 1838 2746 Episcopatu
1864 2699 2031 2746 Ephefino
2057 2724 2070 2742 ‚
2102 2700 2141 2739 Β

1265 2753 1423 2797 quoniam
1450 2749 1632 2795 Stephanus
1667 2751 1709 2786 ad
1735 2751 1892 2787 Canones
1927 2759 2136 2795 provocarat,

1264 2800 1479 2848 gloriosissimi
1499 2801 1622 2844 judiees
1642 2801 1754 2844 jussere
1782 2801 1868 2846 legi:
1893 2801 2056 2836 Leontius
2065 2798 2139 2834 Ma*

1265 2853 1437 2897 gnosianus
1459 2851 1639 2895 Episcopus
1660 2862 1703 2885 ex
1721 2850 1787 2894 jam
1808 2850 1898 2885 disto
1909 2850 2043 2886 Codice·
2057 2848 2138 2895 legit

1267 2903 1442 2936 Canonem
1463 2901 1709 2946 nonagesimum
1729 2901 1880 2945 quintum
1908 2912 1947 2936 ac
1975 2897 2137 2947 nonagesi-

1267 2963 1360 2986 mum
1369 2953 1494 2988 sextum
1507 2975 1519 2991 ‚
1544 2951 1579 2985 id
1590 2951 1635 2985 est
1649 2975 1660 2991 ,
1685 2950 1850 2987 decimum
1873 2952 2001 2986 sextum
2026 2959 2063 2983 ae
2081 2945 2137 2980 de·

1267 3003 1392 3036 eimurn
1404 3001 1577 3044 septimum
1589 2999 1840 3035 Antiochenam
1852 3024 1863 3040 ,
1888 3001 1946 3046 qui
1963 2998 2061 3034 istius
2078 3006 2139 3029 nu-

1269 3051 1348 3085 meri
1362 3051 1474 3084 locum
1484 3049 1635 3085 obtinere
1647 3062 1715 3084 non
1730 3059 1881 3094 poterant
1890 3074 1902 3090 ,
1929 3050 1950 3083 fi
1962 3048 2067 3092 piures
2075 3045 2139 3079 Ni-

1268 3101 1349 3135 caeni
1375 3100 1532 3140 fuissent,
1557 3100 1655 3144 quarn
1680 3100 1801 3145 viginti
1820 3125 1829 3134 ,
1855 3099 1964 3142 Typis
1988 3095 2139 3129 Parisinis
2156 3120 2240 3162 Epist·
2261 3130 2310 3159 θ’

1268 3151 1333 3194 jam
1348 3150 1496 3194 vulgatus
1517 3150 1562 3184 est
1574 3149 1711 3191 Codex,
1738 3150 1774 3184 in
1787 3161 1854 3193 quo
1870 3147 1957 3182 vides
1976 3144 2140 3180 Hincma-
2154 3171 2179 3193 ς,
2193 3173 2238 3198 ²4·
2263 3171 2309 3193 20,

1269 3212 1341 3234 rum
1362 3199 1444 3234 reste
1467 3199 1654 3235 ratiocinari
1688 3224 1700 3241 ‚
1725 3208 1824 3243 atque
1839 3196 1973 3232 adderet
2001 3199 2141 3229 Veterum
2157 3212 2204 3232 ῃ.

1269 3250 1430 3284 auHoritas
1456 3255 1557 3283 veraci
1578 3248 1762 3290 attestatione
1775 3246 1947 3290 confirmat,
1972 3256 2030 3278 non
2046 3246 2140 3286 plura

1262 3299 1351 3343 fuisse
1362 3304 1483 3332 Nicaeni
1494 3300 1618 3333 concilii
1626 3299 1779 3341 capitula,
1803 3297 1894 3339 quam
1910 3295 1984 3335 illa,
2008 3306 2076 3336 quae
2099 3306 2140 3329 ex

1269 3355 1396 3392 antiqua
1418 3347 1622 3391 consuetudine
1641 3347 1796 3381 eathauca
1813 3352 1894 3378 tenet
1920 3345 1955 3377 6
1973 3352 2140 3378 veneratur

1271 3398 1417 3440 Ecclefia.
1444 3398 1561 3432 Prodit
1586 3396 1771 3432 &radicem
1792 3391 1990 3437 opinionis,
2006 3394 2142 3428 asseren-

1270 3450 1312 3482 tis
1332 3449 1488 3483 Canones
1507 3448 1635 3491 plui-ei,
1662 3444 1755 3478 fuine
1781 3443 1920 3478 Hostum
1947 3442 2141 3478 Corduben-

1270 3500 1336 3533 sem
1363 3499 1582 3542 Episcopum,
1609 3493 1808 3542 Apostolicae
1826 3493 1918 3531 Sedis
1940 3493 1976 3529 in
1999 3492 2139 3579 832?ng

2144 746 2175 776 L·
2187 746 2282 777 nco&
