2346 3776
627 67 822 111 Senot
843 78 944 128 ns,
979 80 1043 116 ετ
1077 78 1247 110 noris
1283 73 1653 114 niustriam.

1918 85 2010 134 303

777 217 1504 282 CANONXt

465 360 592 413 Ofius
630 378 809 430 quoque
845 359 1083 430 Episcopus
1118 360 1230 410 dixit
1257 380 1270 414 :
1320 364 1418 414 Hoc
1439 378 1619 428 quoque
1654 359 1929 411 necessarium
1964 369 2053 416 exi„

346 483 348 485 ,
500 432 626 482 stimo
648 434 662 493 ,
698 448 747 489 ut
770 449 870 480 cum
894 435 1015 481 omni
1039 449 1142 489 cura
1176 436 1219 480 &
1243 433 1364 486 omni
1398 429 1627 494 diligentia
1662 435 1929 490 examinetur
1952 456 1967 494 3
2003 451 2052 484 ut

365 537 393 542 ›-
500 503 531 560 si
567 506 667 574 quis
691 501 815 558 dives
838 538 852 561 ,
887 503 1046 553 velex
1084 503 1180 551 foro
1217 500 1499 557 Scholasticus
1524 538 1537 564 ‚
1572 502 1812 571 Episcopus
1851 504 1944 559 fieri
1982 503 2052 553 di-

377 590 379 592 ’
501 592 610 638 gnus
646 572 856 622 habeatur
890 609 902 632 ,
938 590 1027 629 non
1063 572 1184 641 prius
1220 570 1504 628 constituatur
1538 608 1552 633 ,
1588 572 1724 641 quam
1763 578 1973 635 Le6toris,
2009 579 2058 625 δε

224 645 438 704 Diaconi,
473 648 517 693 &
542 642 788 711 Presbyteri
824 642 1104 701 ministerium
1141 643 1352 709 peregerit
1378 661 1390 689 ε
1429 657 1478 698 ut
1514 643 1560 696 in
1587 661 1853 710 unoquoque
1890 644 2025 708 gradu
2038 681 2053 705 ‚

222 714 254 763 fi
279 713 436 778 dignus
460 713 726 764 existimatus
750 712 879 762 fuerit
902 749 915 773 ,
950 712 1004 761 ad
1042 712 1326 781 Episcopatus
1363 711 1578 775 fastigium
1612 729 1688 782 per
1723 714 2053 782 progressionem

148 790 152 793 ’
223 784 352 852 possit
376 776 600 836 ascendere
621 821 634 833 .
671 779 864 841 Habebit
889 798 1034 832 autem
1058 780 1382 850 uniuscujusque
1406 781 1586 837 Ordinis
1609 783 1775 847 gradus
1801 802 1891 832 non
1925 788 2055 832 mini-

224 858 286 903 mi
312 854 476 905 scilicet
511 856 719 922 temporis
754 852 1074 917 longitudinem
1097 890 1111 916 ,
1147 871 1222 921 per
1266 851 1387 920 quod
1421 857 1464 902 &
1487 851 1593 910 fides
1616 890 1630 914 ,
1664 858 1708 911 δε
1745 872 1915 903 morum
1951 872 2056 922 pro-

223 925 338 973 bitas
361 961 376 986 ,
412 928 456 973 ὅτ,
480 925 721 981 constantia
734 961 747 985 ,
783 928 827 974 &
853 922 1096 974 moderatio
1119 922 1247 991 possit
1275 921 1475 986 cognosci
1501 943 1512 971 ε
1550 928 1594 973 &
1615 923 1704 992 ipse
1741 923 1896 973 divino
1921 923 2056 980 sacer-

221 989 348 1046 dotio
370 993 527 1058 dignus
561 995 826 1053 existimatus
863 997 1101 1044 maximum
1125 992 1346 1050 'honorem
1380 991 1656 1060 assequetur,
1705 998 1868 1065 Neque
1893 998 2057 1043 enim-i

220 1067 429 1115 convenit
452 1103 466 1126 ,
502 1083 644 1137 neque
669 1065 847 1124 scientia
881 1070 923 1122 ὅτ,
947 1065 1062 1115 bona
1075 1061 1355 1127 conversatio
1379 1064 1463 1112 hoc
1498 1066 1654 1131 recipit
1678 1101 1692 1126 ,
1727 1081 1776 1114 ut
1804 1065 1976 1115 'temere
2011 1070 2058 1114 ἅτ

140 1140 150 1145 “
222 1137 379 1187 leviter
416 1134 473 1187 ad
509 1135 558 1188 id
593 1135 823 1189 accedatur
849 1173 863 1197 ,
900 1151 948 1188 ut
986 1133 1222 1205 Episcopus
1245 1170 1258 1194 ,
1295 1135 1365 1191 vel
1413 1133 1645 1201 Presbyter
1670 1171 1684 1195 ,
1719 1136 1791 1191 vel
1828 1138 2057 1184 Diaconus

53 1942 116 1979 Ast·
141 1953 168 1984 7.

222 1205 427 1282 prompte
464 1224 516 1255 ac
553 1206 681 1265 facile
706 1207 992 1265 constituatur
1016 1242 1029 1254 .
1080 1206 1153 1262 Sic'
1186 1206 1303 1261 enim
1342 1203 1501 1261 merito
1537 1204 1809 1273 Neophytus
1842 1205 2056 1254 existime-

222 1293 293 1328 tur
316 1313 329 1337 ‚
377 1275 735 1344 quandoquidem
760 1275 1021 1333 beatiffimus
1044 1273 1276 1345 Apostolus
1299 1311 1312 1335 ,
1362 1276 1440 1342 qui
1479 1273 1562 1323 fuit
1586 1277 1720 1325 etiam
1759 1279 1926 1325 Do&0r
1951 1293 2055 1338 gen-

223 1349 335 1399 tium
358 1382 372 1407 ,
408 1347 596 1396 maxime
621 1345 882 1416 prohibuisse
903 1345 1113 1406 videtur,
1148 1362 1203 1393 ne
1227 1345 1386 1403 celeres
1410 1343 1560 1395 fierent
1584 1344 1901 1400 institutiones.
1939 1350 2057 1395 Lon,

222 1416 377 1480 giffimi
415 1420 533 1466 enim
569 1420 777 1485 temporis
813 1416 1019 1485 probatio
1065 1419 1108 1464 &
1143 1413 1513 1473 conversationem
1549 1451 1563 1475 ,
1614 1418 1659 1463 &
1697 1414 2057 1482 uniuscujusun

221 1503 364 1541 mores
399 1505 489 1535 non
525 1486 874 1553 improbabiliter
910 1487 1147 1553 exprimere
1172 1486 1334 1552 poterit
1358 1520 1371 1532 .
1407 1489 1573 1543 Omnes
1597 1482 1797 1534 dixerunt
1834 1484 1933 1553 ipsis
1965 1486 2059 1555 plaq

222 1573 319 1612 cere
343 1590 358 1624 ,
392 1559 436 1614 δε
459 1556 643 1615 omnino
680 1574 768 1607 non
803 1571 1004 1627 oportere
1039 1572 1092 1606 ea
1127 1553 1395 1614 subvertere,
1868 1556 1880 1570 '
1972 1558 1979 1560 ⁴

1176 1702 1383 1745 scholasticus,
1408 1702 1442 1739 id
1472 1701 1533 1743 est,
1561 1703 1732 1738 causarum
1754 1701 1971 1738 Advocatus.
2001 1702 2060 1737 Et-

1174 1754 1263 1788 enim
1274 1752 1416 1788 Photius
1426 1777 1437 1793 ,
1462 1752 1611 1786 Ecclefiae
1623 1753 2006 1797 Constantinopolitanae
2017 1764 2061 1787 ex

457 1706 886 1761 SCHOLION2

346 1800 431 1836 Une
443 1802 620 1842 Canonem
631 1803 794 1843 Nicolaus
803 1805 927 1848 primus
937 1802 1037 1838 Ponti
1044 1803 1108 1843 fex,

320 1888 330 1891 ..
362 1854 396 1890 'in
418 1852 535 1887 litteris
556 1853 597 1888 ad
609 1853 791 1898 Episcopos
813 1854 1003 1889 Dioeceseos
1019 1853 1110 1888 Con-

225 1902 525 1949 stantinopolitanae
534 1902 675 1941 laudatis
684 1905 719 1939 in
732 1906 845 1942 octava
858 1904 997 1948 Synodo
1011 1927 1022 1942 ,
1046 1904 1109 1940 effe

225 1951 309 1989 dicit
328 1951 497 1986 decimum
519 1954 652 1992 tertium
666 1966 674 1985 :
701 1954 756 1992 Ex
780 1964 848 1997 quo
860 1954 964 1996 liquet
988 1953 1110 1990 Roma·

224 2013 303 2035 nam
314 2002 495 2041 Ecclesiam
504 2013 585 2043 tunc
598 2004 690 2042 usam
701 2004 806 2048 prima
816 2004 967 2043 editione
985 2003 1084 2041 latina
1098 2027 1106 2038 ·

226 2051 309 2086 Haec
321 2051 420 2096 porro
440 2052 487 2090 est
515 2053 656 2093 secunda
680 2052 941 2098 Neophytorum
966 2053 1088 2097 species
1100 2077 1109 2093 ‚

225 2101 269 2136 de
280 2112 347 2143 qua
367 2101 403 2140 in
413 2101 537 2141 eisdem
555 2103 671 2139 litteris
695 2104 782 2141 idem
795 2104 956 2143 Pontifex
978 2114 1021 2137 ex
1032 2104 1109 2137 Gre-

56 2172 210 2217 1..7.gpist,
225 2151 324 2198 80‘30
344 2162 490 2196 m²g⁰0³
530 2153 678 2195 Apostolus
701 2153 890 2198 Neophytum
907 2155 954 2191 ad
980 2154 1111 2188 Ordines

57 2224 120 2247 112,

226 2209 314 2237 vetat
318 2198 420 2244 sacros
444 2203 580 2238 accedere
593 2226 602 2234 .
629 2205 711 2241 Sicut
733 2212 834 2240 autem
857 2213 928 2240 tunc
936 2201 1110 2245 neophytus

226 2251 382 2289 dicebatur
400 2275 411 2294 ,
440 2257 493 2294 qui
513 2257 600 2287 initio
621 2258 654 2289 in
671 2250 789 2295 [καθα
805 2253 880 2295 fidei
902 2262 970 2291 erat
991 2264 1111 2289 cenver-

225 2299 344 2345 fatione
359 2302 525 2344 plantatus
550 2327 560 2343 ,
589 2301 629 2345 fic
647 2303 732 2336 modo
756 2303 930 2345 Neophytus
955 2302 1111 2339 habendus

225 2350 286 2391 est,
310 2357 363 2399 qui
383 2352 506 2393 repente*
526 2356 559 2389 in
581 2353 736 2400 religionis
761 2352 868 2391 babitu
884 2355 1048 2395 plantatus
1068 2353 1113 2389 ad

225 2400 401 2439 ambiendos
422 2400 545 2439 bonores
553 2400 656 2448 sacres
679 2400 852 2445 irrepserit.
883 2402 1060 2441 Vetustum
1074 2403 1108 2438 in

227 2450 371 2487 Ecciefia
381 2450 525 2491 malum,
551 2461 696 2494 coeptum
708 2451 750 2490 ab
761 2453 908 2496 antiquis
928 2452 1088 2492 haereticis
1098 2476 1110 2496 2

227 2510 370 2542 quorum
377 2498 617 2536 Ordinationes
628 2500 860 2540 Tertullianus
888 2502 923 2540 in
935 2502 1021 2539 libro
1033 2501 1113 2541 Prae-

228 2549 444 2591 scriptionum
455 2548 607 2587 dicitesse
618 2550 704 2587 leves
716 2575 726 2591 ,
742 2551 965 2590 inconstantes
977 2576 988 2593 ,
1013 2562 1113 2588 teme-

229 2599 326 2632 rarias
340 2611 347 2630 :
373 2599 508 2636 Etenim
519 2601 669 2637 conlocant
675 2599 782 2648 saeculo
792 2625 804 2641 ,
817 2601 853 2637 id
864 2602 910 2636 est
923 2627 935 2647 ,
961 2602 1113 2637 saeculari*

228 2647 289 2686 bus
300 2648 487 2690 desideriis,
511 2648 658 2689 obstrmos
670 2676 677 2683 .
706 2649 763 2684 Ab
784 2649 836 2688 his
858 2652 928 2695 jure
948 2650 1112 2687 haereditae

228 2698 279 2732 rio
287 2697 473 2736 traductum
488 2698 528 2737 ad
544 2699 749 2739 Eusebianos
760 2725 772 2742 ,
792 2701 964 2746 dequibus
976 2702 1111 2741 Sanetus

229 2746 428 2784 Athanasius
448 2749 483 2786 in
495 2747 666 2795 Apologia
689 2749 731 2788 ad
744 2751 980 2790 Constantium
997 2754 1110 2797 Augu-

230 2797 335 2832 stum:
365 2797 558 2840 Posteaquam
582 2811 619 2833 ex
632 2806 716 2837 ‘veris
730 2824 741 2841 ,
762 2798 941 2847 senibusque
952 2800 1110 2846 Episcopis

230 2849 284 2881 alii
306 2854 339 2880 in
360 2849 486 2884 exilium
504 2850 654 2890 deportati
675 2850 783 2893 effent,
808 2852 863 2884 alii
885 2861 965 2885 metu
980 2851 1110 2897 fugati,

231 2896 499 2933 Ethnicibomines
513 2921 524 2937 ,
549 2898 763 2937 catechumeni
773 2924 783 2940 ,
804 2907 1005 2944 primariique
1017 2904 1111 2935 Decu·

230 2954 347 2980 tionum
358 2971 369 2986 ‚
394 2948 428 2983 ό*
439 2945 572 2989 quisquis
577 2948 670 2990 fama
679 2951 839 2991 opulenti-e
851 2960 938 2987 notus
950 2960 1018 2990 erat
1030 2976 1041 2991 ‚
1067 2953 1112 2989 ad

227 2996 313 3044 spem
333 2995 534 3039 Episcopatus
552 3006 609 3042 pro
618 2998 791 3043 christiana
801 3002 954 3045 Religione-
969 3000 1105 3044 Arianis-

229 3059 313 3085 mum
330 3046 550 3089 profitebantur
571 3072 578 3079 .
605 3053 713 3091 Neque
734 3051 843 3085 deinde
867 3075 878 3090 ,
903 3060 938 3088 ut
962 3050 1109 3094 Apostolus

227 3103 373 3140 praecepit
388 3121 398 3137 ,
423 3095 598 3140 quaefieum,
618 3096 650 3142 fi
668 3105 735 3140 quis
755 3100 1110 3146 effitirreprebenfibilis,

228 3145 384 3190 sedjuxta
391 3144 502 3189 scelera
524 3148 677 3190 impiffmi
690 3148 885 3193 Hieroboam,
906 3149 937 3191 fi
952 3156 1020 3196 quis
1036 3152 1109 3192 plus

229 3203 365 3238 pecuniae
390 3196 507 3237 offerret
534 3220 546 3238 ,
584 3204 698 3233 nomine
723 3197 863 3241 Episcopi
889 3199 1109 3237 honorabatur.

235 3250 302 3280 Nec
311 3249 397 3289 apud
404 3248 468 3284 illos
491 3248 549 3284 ullo
561 3253 596 3283 in
616 3246 787 3290 dist-vimine
808 3259 896 3293 erat,
916 3248 980 3292 five
1002 3250 1110 3284 Etlmi-

234 3307 287 3328 cus
302 3319 313 3336 ,
331 3296 395 3337 five
416 3309 476 3334 non
492 3322 503 3338 ‚
529 3299 614 3334 modo
639 3309 745 3335 aurum
769 3299 858 3333 daret
879 3323 886 3331 .
911 3299 1007 3336 Hinc
1028 3300 1111 3335 dicit

235 3344 359 3378 Hofius
371 3360 381 3379 :
416 3350 450 3385 si
470 3353 539 3391 quis
563 3350 652 3387 dites
668 3374 674 3385 ‚
702 3348 893 3392 Compescit
912 3349 1002 3388 enim
1016 3350 1112 3390 Euse-

235 3393 369 3436 bianam
379 3395 551 3432 simoniam
562 3423 571 3431 .
796 3394 801 3398 Δ

284 3444 532 3486 Difficultatem
557 3448 685 3487 faciunt
714 3448 781 3490 haec
807 3448 904 3489 verba
926 3473 938 3494 2
971 3453 1026 3488 Ex
1044 3449 1115 3493 foro

1175 1804 1260 1838 laico
1272 1802 1420 1841 moechus
1439 1827 1451 1843 ,
1477 1802 1563 1841 dixit
1587 1802 1766 1841 Canonem
1788 1815 1858 1837 non
1880 1803 1921 1837 de
1942 1803 2063 1846 quovis

1176 1854 1260 1888 laico
1271 1879 1282 1894 ,
1309 1854 1362 1887 sed
1373 1853 1415 1888 de
1427 1852 1497 1887 solo
1511 1853 1672 1895 Forenfi&
1685 1854 1802 1887 Cur-iuli
1817 1854 1911 1897 loqui
1928 1878 1939 1894 ,
1966 1852 2065 1887 adeo-

1175 1915 1236 1945 que
1248 1905 1295 1937 sui
1306 1915 1346 1938 ex
1361 1903 1522 1940 bonarum
1535 1903 1717 1941 litterarum
1731 1904 1854 1942 secreto
1875 1902 1985 1938 studio
2008 1902 2065 1937 ad-

1178 1955 1296 1998 sumpti
1318 1953 1563 1997 promotionem
1583 1954 1615 1991 ei
1638 1965 1708 1991 non
1731 1952 1951 1988 adversatam.
1984 1952 2066 1986 Res-

1175 2004 1298 2047 pondet
1323 2004 1398 2036 vero
1418 2029 1428 2043 ,
1453 2003 1487 2036 &
1508 2001 1590 2042 redte
1613 2027 1624 2043 ‚
1649 2003 1787 2048 antiqua
1809 2003 1999 2038 admonitio
2020 2003 2065 2036 de

1177 2053 1291 2090 Photii
1304 2051 1588 2096 Pseudo-synodo
1601 2064 1608 2083 z
1622 2052 1804 2097 sardicenfis
1814 2055 1939 2087 Concilii
1954 2065 2012 2086 non
2022 2052 2063 2093 est

1176 2101 1353 2146 hicsenfics.
1382 2102 1443 2138 Ait
1455 2104 1565 2136 forum
1575 2102 1726 2137 latissime
1750 2114 1808 2145 pro
1831 2104 1946 2146 quavis
1968 2104 2067 2136 saecu-

1177 2154 1234 2189 lati
1245 2154 1312 2187 vita
1324 2152 1429 2199 accipi
1441 2175 1452 2192 ,
1464 2163 1559 2197 agere
1570 2151 1749 2187 canonem
1761 2151 1803 2187 de
1817 2153 1936 2197 quovis
1952 2152 2040 2187 laico
2051 2175 2064 2192 ‚

1175 2204 1239 2237 five
1258 2214 1299 2239 ex
1310 2204 1371 2237 fori
1385 2203 1680 2249 contentionibus,
1710 2203 1773 2237 five
1791 2201 1988 2247 &quibusvis
2001 2202 2067 2236 stu-

1176 2253 1238 2294 diis
1262 2252 1457 2296 adsumpto«

1225 2302 1361 2343 Etenim
1381 2303 1526 2346 Syricius
1536 2301 1718 2344 Pontifex,
1745 2303 1780 2340 in
1806 2303 1925 2338 litteris
1947 2303 1989 2337 ad
2002 2302 2064 2336 Hi-

1177 2354 1315 2392 merium
1327 2349 1610 2391 Tarraconensem
1625 2353 1846 2398 Episcopum,
1874 2354 1909 2388 ὅ(
1931 2353 1974 2387 ad
1998 2365 2068 2387 om-

1178 2415 1234 2437 nes
1255 2401 1464 2441 orthodoxos
1487 2427 1498 2444 ,
1534 2401 1618 2437 adeo
1638 2403 1814 2438 Canonem
1835 2403 1997 2449 intelligit
2022 2403 2066 2438 de

1177 2452 1292 2496 quovis
1305 2452 1391 2486 laico
1403 2476 1414 2493 ,
1440 2461 1478 2485 ut
1499 2452 1533 2486 &
1556 2452 1599 2489 ad
1611 2452 1802 2488 Monachus
1817 2453 1974 2491 extendat
1990 2478 2000 2493 ,
2028 2454 2066 2487 in

1176 2503 1391 2542 Diaconum,
1419 2501 1673 2545 Presbyterum,
1699 2514 1755 2541 aut
1769 2503 1970 2547 Episcopum
1994 2514 2065 2537 non

1178 2551 1421 2596 promovendos
1443 2575 1454 2592 ,
1482 2552 1540 2590 nisi
1561 2551 1734 2591 custoditis
1757 2553 1958 2597 singulorum
1979 2553 2067 2587 ordi-

1176 2613 1256 2636 num
1269 2601 1408 2646 praefixis
1430 2602 1626 2639 interstitiis.
1655 2602 1745 2649 Qis
1757 2604 1879 2637 nesciat
1908 2603 1975 2645 ejus
1997 2603 2065 2636 ani-

1176 2663 1269 2686 mum
1291 2652 1309 2686 a
1330 2652 1450 2686 Sanno
1464 2651 1608 2686 Paulino
1620 2652 1718 2687 Nolae
1730 2653 1895 2695 Episcopo
1919 2653 2064 2696 graviter

1176 2702 1345 2740 aversum?
1369 2701 1512 2738 Aversus
1524 2702 1689 2744 creditur,
1717 2702 1807 2743 quod
1821 2702 1877 2736 ille
1891 2702 1949 2735 sea
1965 2702 2062 2736 Lam-

1177 2753 1234 2796 pio
1254 2749 1511 2787 Barchinonenfi
1537 2751 1704 2795 Episcopo
1732 2752 1922 2794 permisisset
1948 2752 2060 2786 subito
2078 2745 2155 2775 0¹·

1176 2801 1407 2849 Presbyterum
1429 2800 1448 2835 ὲ
1474 2799 1641 2839 monacho
1669 2802 1850 2839 consecrari
1879 2827 1886 2834 .
1929 2800 2059 2837 Eodem
2076 2785 2193 2854 &pgst'ffl

1177 2852 1280 2886 modo
1303 2851 1478 2890 Canonem
1500 2851 1694 2894 intelligunt
1706 2851 1875 2898 Zozymus
1897 2851 2059 2886 Pontifex
2093 2847 2099 2854 ’
2129 2846 2136 2853 ’

1178 2903 1211 2936 in
1227 2901 1373 2944 Epistola
1397 2900 1438 2938 ad
1450 2899 1659 2943 Hesychium
1674 2901 1875 2945 Episcopum
1897 2902 2061 2939 Salonita-

1178 2962 1258 2984 num
1271 2974 1281 2990 ,
1309 2950 1496 2989 Celestinus
1514 2950 1550 2984 in
1573 2950 1722 2993 Epistola
1746 2951 1786 2985 ad
1801 2952 1984 2995 Episcopos
1997 2953 2061 2987 Ca,

1178 3001 1285 3034 labriae
1296 3001 1329 3034 ἀ
1342 3000 1471 3043 Apuliae
1484 3024 1494 3042 ,
1508 3000 1577 3038 Leo
1590 3011 1730 3044 magnus
1741 3001 1776 3034 in
1789 3001 1904 3035 litteris
1918 3002 1958 3035 ad
1970 3001 2060 3037 Ana„
2075 3018 2181 3055 apim
2205 3039 2213 3049 ἱ

1177 3051 1304 3085 stasium
1316 3050 1657 3089 Thessalonicensem,
1671 3051 1706 3084 ὅ(
1718 3050 1759 3086 ad
1772 3051 1952 3094 Episcopos
1965 3054 2058 3087 Mau·
2075 3068 2100 3088 c.
2123 3068 2150 3094 3-
2185 3032 2203 3061 4

1178 3100 1302 3138 ritaniae
1326 3100 1536 3134 Caesaraeenfis
1558 3124 1568 3139 ‚
1598 3099 1743 3138 Gelasius
1777 3102 1811 3134 in
1836 3101 1981 3146 Epistola
2015 3103 2057 3137 ad
2077 3097 2209 3135 Epist.87.

1180 3150 1359 3197 Episcopos
1381 3150 1557 3189 Lucaniae,
1584 3149 1801 3193 Symmachus
1820 3152 1855 3185 in
1880 3152 1995 3188 litteris
2016 3154 2057 3188 ad
2074 3147 2099 3207 f
2120 3148 2150 3209 ᾗ

1180 3200 1354 3238 Caesarium
1367 3198 1612 3240 Arelatensem,
1638 3200 1680 3238 ad
1692 3200 1883 3237 Auxanium
1901 3202 1969 3244 ejus
1992 3204 2058 3237 suc·
2086 3186 2126 3215 ‘p'
2153 3199 2159 3206 ’
2179 3189 2206 3215 ⁹¹

1179 3251 1333 3288 cessorem
1347 3249 1491 3294 Vigilius
1502 3273 1512 3289 ,
1538 3250 1698 3296 variaeque
1712 3251 1840 3294 Synodi
1853 3251 2034 3289 Gallicanae
2048 3278 2055 3285 .

1180 3300 1359 3344 Gregorius
1367 3299 1552 3344 magnusin
1566 3299 1681 3339 litteris
1699 3302 1763 3340 suis
1771 3301 1892 3339 assidue
1914 3302 2033 3335 clamat
2046 3328 2056 3343 ,

1181 3361 1222 3386 ne
1235 3350 1317 3387 laica
1328 3350 1463 3398 persona
1474 3349 1515 3383 ad
1526 3349 1757 3395 Episcopatum
1779 3352 1945 3395 praesertim
1967 3352 2058 3385 adsu-

1181 3409 1288 3438 matur
1309 3424 1320 3440 ,
1358 3399 1575 3433 Ecclesiamm
1598 3401 1785 3440 vacantium
1806 3400 2022 3435 visitatoribus
2042 3424 2056 3446 ‚

1180 3460 1322 3492 quorum
1341 3459 1408 3487 erat
1419 3449 1454 3489 id
1466 3448 1646 3499 impedire,
1671 3451 1781 3496 gravia
1793 3450 1953 3534 minatgs.
1988 3495 1997 3506 ἱ

1925 3508 2002 3538 0er
