2346 3776
51 1031 166 1075 Epime-

634 97 1039 161 sencua1s‚nz
1072 116 1648 157 Νοτιεῖιιυετιᾼτμ
1882 98 1982 168 315

220 190 288 228 ..fibi
310 189 408 226 sumit
424 187 590 225 bonorem
607 211 619 229 ,
642 186 702 222 sed
726 187 784 231 qui
806 197 941 226 vocatur
965 189 984 223 a
1008 188 1108 228 Deo,

225 232 388 284 ‚tanquam
407 235 545 281 A'aron3
571 237 618 272 ita
637 248 738 272 nemo
759 237 961 282 synodaliter
988 238 1106 282 ejectus

222 290 372 331 ‚eundem
381 288 537 328 resumit,
561 287 621 324 nisi
642 299 697 332 per
707 285 847 324 eandem
870 298 928 322 aut
949 288 1104 331 majorem

227 341 404 387 Synodum
424 362 436 379 ,
462 348 533 383 quae
552 337 609 374 illa
634 338 749 383 iniqua
770 363 783 380 ,
808 339 1049 375 contumeliosa
1069 339 1104 377 ἀ

226 390 413 430 convitiosa
423 387 557 426 vincula
567 388 694 431 solvat,
718 397 892 426 revocatus
906 412 918 428 ,
943 389 992 422 uti
1004 389 1040 422 in
1050 388 1104 428 lit-

227 441 306 478 teris
326 439 368 474 ad
380 438 567 475 Ditnceseos
579 438 960 483 Constantinopolitanae
971 439 1104 481 Episco-

227 500 308 535 pos,
334 488 423 525 lestis
434 488 469 526 ἀ
480 487 624 533 probatis
643 489 680 526 in
696 490 811 526 oslava
821 488 958 532 Synodo
969 513 980 530 ,
1006 488 1104 523 docet

225 552 269 578 ex
294 538 361 575 hoc
394 540 466 583 ipso
493 537 647 584 Apostoli
673 538 753 576 loco
777 539 939 578 Nicolaus
966 539 1103 582 primus.

217 589 353 627 ssoasta
369 590 471 635 igitur
481 587 696 629 Antiochena
705 589 937 626 Enczniorum
951 587 1104 633 Synodo,

228 637 447 678 Athanasium
465 638 579 677 denuo
605 638 776 680 damnavit
801 638 961 677 Eusebius
981 663 992 679 ,
1035 648 1106 679 tan-

222 701 327 735 -quam
351 688 543 734 Apostolici
561 688 734 729 Canonis,
759 689 794 726 δε
806 688 1035 728 Ecclefiasticae
1054 688 1105 726 di-

225 741 365 786 gnitatis
384 739 660 784 prevaricatorem
679 764 691 780 ,
716 739 774 783 qui
796 739 816 773 a
838 738 948 782 Tyria
968 738 1105 783 synodo

226 790 367 834 dejectus
375 790 540 835 refugisset
549 789 591 824 ad
596 789 725 827 laicum
735 787 924 832 Principem
945 787 1108 824 Constan-

227 841 340 878 'tinum
363 838 567 880 secundum,
591 839 661 882 ejus
682 840 769 877 sacra
794 838 933 882 juffione
956 837 1107 873 exufflas-

223 889 549 928 setEcclefiasticum
574 888 761 932 judicium,
786 901 824 924 ac
834 889 1042 933 semetipsum
1071 888 1104 923 in

227 940 465 983 Episcopatum
476 939 679 983 reposuisset.
708 939 788 982 Ejus
800 939 834 973 in
848 939 964 974 Sedem
978 962 988 978 ,
1015 938 1104 982 quod

226 985 336 1033 Tyria
346 989 501 1037 Synodus
511 1000 581 1025 non
590 991 826 1033 praesumpserat
836 1014 847 1030 ,
874 989 1004 1023 intrusit
1026 988 1105 1028 Gre—

229 1039 365 1085 gorium
391 1038 648 1084 Cappadocem,
674 1039 776 1083 idque
809 1039 944 1075 militari
981 1049 1101 1078 manu,

225 1089 269 1129 de
293 1100 358 1134 qua
369 1089 472 1133 Julius
498 1088 674 1124 Pontifex:
702 1088 829 1132 Ecclesia
850 1090 1020 1125 incendium
1038 1085 1105 1131 pasl

222 1138 262 1184 sa
283 1138 322 1183 est
341 1164 353 1181 ,
378 1145 514 1186 virgines
541 1140 705 1183 denudat<
727 1164 738 1180 ,
764 1139 901 1176 monachi
922 1138 1104 1177 conculcati,

228 1189 397 1227 Preslntm
417 1191 452 1224 ὀ·
472 1190 561 1223 multi
582 1201 621 1223 ex
634 1189 724 1232 plebe
749 1191 874 1235 indigne
882 1188 982 1224 babiti
1002 1189 1105 1227 &vio-

226 1241 285 1279 hei
306 1263 319 1280 ,
345 1237 487 1282 Epistopi
518 1245 552 1273 in
578 1250 723 1283 carcerem
754 1238 867 1282 detrusi*
883 1264 895 1279 ,
918 1240 1006 1276 multi
1034 1244 1106 1276 item

225 1288 370 1333 spoliati.
396 1291 490 1323 sacra
509 1287 640 1334 mysteria
661 1290 702 1323 ab
724 1288 869 1329 Etbnicis
892 1291 1014 1331 direpta
1036 1311 1047 1329 ,
1072 1288 1106 1325 z&

226 1346 261 1373 in
280 1347 393 1373 terram
403 1339 522 1381 abjeaa
529 1338 605 1382 sunt
615 1363 627 1379 ,
653 1348 686 1375 ut
697 1344 732 1374 vi
756 1351 886 1383 cogerent
898 1338 1050 1378 nonnullos
1063 1339 1108 1371 ad

226 1387 456 1431 constitutionem
476 1391 610 1437 Gregorii
632 1389 860 1434 approbandam
874 1414 886 1434 ,
907 1388 1004 1433 eique
1016 1398 1107 1425 com-

225 1439 468 1474 municandum
482 1464 489 1471 .
709 1434 715 1442 '

277 1489 403 1525 Eadem
416 1488 564 1536 barbarie
585 1490 686 1527 sastio
705 1488 841 1524 soedavit
864 1487 1025 1524 Ecclesins
1038 1485 1107 1529 plu-

225 1540 325 1576 rimas
343 1563 355 1578 ,
381 1538 540 1581 plurimos
566 1538 750 1582 Episcopoe
766 1537 872 1581 xejecit
895 1562 906 1577 ,
935 1536 1110 1583 praesertim

225 1587 426 1628 Marcellum
445 1586 666 1633 Ancyranum
685 1613 696 1630 ,
732 1587 877 1630 Lucium
899 1585 1109 1629 Adrianopo·

226 1638 390 1679 liranum,
415 1636 636 1681 &Asclepam
658 1636 840 1674 Gazensem
866 1661 873 1674 ,
901 1636 954 1670 De
980 1636 1108 1681 Acacio

226 1688 339 1724 Lusco
356 1712 371 1728 .
397 1686 655 1726 Caesaraeensium
676 1687 712 1721 in
736 1685 907 1726 Palaestina
943 1686 1108 1730 Episcopo

227 1738 458 1780 Hieronymus
479 1736 516 1770 in
550 1735 704 1780 catalogo
732 1736 877 1775 virorum
911 1735 1107 1775 illustrium:

229 1791 354 1822 Aeacius
375 1791 408 1822 in
428 1786 549 1819 tantum
563 1784 624 1829 sub
653 1784 1027 1827 Cofflantio'lmperatore
1051 1786 1110 1822 cla-

228 1842 294 1883 ruit
319 1861 331 1878 ,
355 1845 390 1875 ut
409 1842 442 1870 in
455 1835 576 1873 Liberi}
598 1837 690 1874 locum
716 1840 821 1876 Romae
845 1838 975 1873 Felicem
989 1860 1000 1876 ,
1025 1838 1111 1875 Arici-

228 1898 304 1925 num
315 1911 326 1927 ,
336 1885 371 1924 id
381 1885 427 1920 est
441 1909 452 1925 ‚
464 1885 666 1921 Arianorum
674 1885 913 1923 communione
920 1885 1085 1929 pollutum
1100 1908 1110 1925 ‚

230 1934 416 1981 Episcopum
426 1934 624 1975 constitueret.
652 1934 811 1975 Attamen
838 1933 905 1975 hoc
924 1936 994 1986 post
1008 1934 1111 1978 Syno-

230 1986 312 2025 dum
322 1984 546 2025 Satdicensem
556 2009 564 2020 .

281 2036 327 2074 Et
335 2035 469 2080 quidem
479 2032 614 2072 sancius
625 2036 816 2074 Euanthius
833 2038 963 2083 gavisus
995 2036 1039 2072 est
1053 2034 1113 2073 sol-

231 2086 319 2125 viai>
329 2086 652 2131 Episcopalionete,
679 2088 932 2133 &pronomine
957 2088 1030 2132 Jesu
1043 2086 1110 2130 pati

234 2136 396 2173 infamem
420 2137 701 2174 exauctorationis
726 2138 967 2174 contumeliam
992 2160 1004 2178 ,
1029 2138 1114 2173 sece-

229 2181 315 2225 dens
324 2185 361 2221 in
371 2184 480 2222 otium
502 2186 766 2225 Ecclefi'aststum
781 2199 822 2224 ex
835 2187 989 2232 Apostoli
1014 2186 1112 2222 confi-

233 2235 307 2277 lio,
332 2236 494 2270 Redimens
509 2245 648 2279 tempus,
673 2243 813 2280 quonum
836 2239 902 2272 dies
925 2238 998 2272 mali
1015 2235 1088 2280 sunt
1099 2248 1113 2278 ,-

228 2285 351 2323 atvero
360 2286 496 2322 Sanetus
507 2285 707 2323 Athanasius
728 2287 842 2322 videns
868 2287 1041 2322 fluctuanti
1055 2287 1115 2320 Ec-

230 2336 332 2373 eleliae
343 2335 556 2371 necessarium
571 2335 691 2373 ducem
705 2361 718 2378 ,
743 2336 854 2375 noluit
873 2337 1032 2372 creditam
1055 2336 1111 2370 fibi

230 2385 394 2422 divinitus
404 2385 766 2427 stationemdeserere,
792 2387 1050 2432 provocavitque
1071 2385 1112 2420 ad

231 2436 426 2475 Romanam
446 2435 625 2472 Ecclesiam
642 2460 655 2478 ‚
682 2436 788 2480 Julius
809 2447 921 2472 autem
954 2437 1113 2472 Pontifex

232 2485 303 2528 ejus
310 2484 547 2521 damnatricem
567 2485 795 2522 factionem-ad
807 2485 987 2521 reddendas
998 2485 1111 2530 judicii

231 2535 378 2571 rationes
398 2533 546 2571 Romam
554 2536 705 2573 evocavit
727 2559 739 2577 ,
758 2534 879 2579 secutur
903 2536 1037 2579 Ecclefiae
1053 2540 1114 2568 ca·

234 2596 359 2621 nonem.

285 2635 453 2672 Extimuit
467 2659 480 2675 ,
505 2646 566 2671 nec
603 2645 713 2672 tamen
749 2647 858 2680 parere
883 2636 989 2671 voluit
1015 2637 1112 2672 Euse-

236 2685 331 2728 bius,
358 2685 462 2726 sciens
473 2684 588 2720 Romae
607 2685 824 2729 judicandum
834 2686 900 2720 sine
913 2685 1113 2721 Constantio

237 2733 392 2779 Augusto
409 2759 420 2775 ,
444 2736 510 2770 sine
536 2735 642 2771 milite
665 2760 677 2777 ,
702 2736 768 2771 sine
797 2736 1112 2772 Commentarienfi:

236 2783 369 2821 Auh'cis
394 2783 545 2825 technis,
574 2786 722 2821 consutis
752 2784 985 2821 blanditiarum
1005 2785 1113 2825 dolis,

238 2845 380 2880 quorum
403 2858 415 2874 ,
440 2835 554 2878 utpote
570 2837 663 2870 sorex
684 2834 854 2871 Palatinus
876 2861 887 2878 ,
912 2846 981 2872 erat
1014 2834 1114 2881 longe

238 2884 465 2929 peritissimus,
489 2885 711 2921 circumduxit
737 2884 935 2921 Pontificem
962 2911 973 2926 ,
998 2887 1113 2930 quous-

239 2933 334 2979 quea
351 2933 537 2975 Pontifice,
554 2935 611 2979 qui
621 2934 720 2970 corda
740 2935 910 2977 intuetur,
937 2936 1009 2980 Jesu
1021 2935 1114 2970 Chri-

234 2983 291 3021 -sto
312 2983 353 3021 ad
363 2983 490 3019 coeleste
511 2984 654 3019 tribunal
680 2994 835 3025 evocatus
852 2986 946 3020 sensit
958 2986 1018 3021 sibi
1029 2996 1113 3021 artes

241 3045 311 3069 non
322 3033 467 3078 prodesse
478 3059 485 3065 .
514 3032 628 3068 Rediit
640 3044 711 3069 tum
722 3035 757 3068 in
780 3028 1016 3080 Episcopatum
1032 3035 1111 3070 Pau-

240 3084 293 3119 lus
305 3107 317 3123 ,
342 3083 515 3125 denuoque
527 3095 581 3127 per
592 3083 825 3119 Constantium
834 3084 948 3128 ejectus
969 3086 1115 3122 Romam

237 3134 392 3179 profugit
410 3157 422 3175 ,
446 3134 576 3178 unaque
596 3144 673 3168 cum
691 3132 875 3177 Marcello,
902 3136 1010 3171 Lucio
1032 3160 1043 3176 ,
1069 3135 1113 3170 A·

243 3182 371 3228 felepa,
398 3183 533 3228 aliisque
554 3183 702 3228 plurimis
722 3183 871 3227 adjunxit
881 3186 912 3220 se
933 3183 1113 3220 Athanasio

242 3233 440 3277 appellanti.

293 3282 419 3319 Eorum
440 3282 647 3319 damnatores
667 3295 724 3329 per
731 3283 917 3320 ostodecim
928 3286 1051 3319 menses
1062 3297 1116 3319 ex-

243 3333 395 3377 spectavit
406 3333 534 3378 Julius,
557 3333 733 3379 vidensque
750 3332 836 3368 nihil
855 3333 913 3368 nisi
932 3335 1116 3380 tergiversa-

241 3382 353 3421 tiones
377 3394 414 3419 ac
436 3384 567 3428 injurias
586 3383 738 3419 advenire
757 3408 768 3426 ,
795 3384 899 3419 dictos
918 3385 1116 3429 appellantes

241 3430 361 3478 gradui
386 3432 660 3477 &communioni
670 3433 833 3475 reddidit,
860 3434 1028 3479 voluitque
1038 3435 1117 3469 reci·

239 3482 279 3529 pi
303 3481 382 3517 &in
393 3481 490 3518 Sedes
501 3507 509 3517 .
535 3484 647 3532 Qare
659 3483 878 3523 Antiochiam
888 3484 985 3521 rediit
996 3485 1094 3535 saffio
1104 3509 1115 3525 ‚

340 3534 480 3570 canones
490 3536 665 3570 concurri,
677 3536 782 3570 roms.

1171 199 1293 225 novam
1304 189 1383 223 fecit
1393 188 1589 232 Synodum,
1616 190 1652 223 in
1663 190 1862 234 appellantes
1886 195 2048 234 &eorum

1169 240 1470 284 communicatores
1503 239 1610 277 edidit
1634 241 1819 282 aequivocos
1855 244 1889 281 δε
1914 244 2048 284 dolosos

1169 288 1345 329 Canones,
1373 288 1492 334 quibus
1512 290 1568 325 visi
1581 291 1654 326 sunt
1668 289 1901 327 damnatorum
1915 294 2048 337 Episcoe

1169 350 1287 383 porum
1307 339 1348 373 ad
1361 339 1462 374 laicos
1486 339 1655 384 Principes
1664 342 1826 376 recursum
1849 340 1976 383 sistere,
2001 354 2049 378 re-

1170 389 1241 426 vera
1252 400 1362 428 autern
1375 388 1555 427 subvertere
1565 391 1674 427 Sansti
1685 389 1841 434 Apostoli
1853 390 1941 425 Petri
1966 392 2050 426 divi.-

1169 450 1210 472 na
1224 439 1397 484 privilegia
1411 463 1422 479 ,
1449 440 1686 484 appellationes
1708 440 1895 478 Romanas.
1924 440 2050 475 Adver—

1168 489 1240 523 sum
1262 500 1299 523 ea
1313 490 1505 533 scripserunt
1532 489 1982 535 litterasimpudentiffimaS,
2007 489 2052 525 de

1169 539 1288 582 quibus
1298 538 1428 573 erubuit
1440 540 1551 579 omnis
1571 540 1724 584 synodus
1742 542 1896 576 Romana
1915 566 1922 574 .

1218 588 1345 623 Videns
1355 590 1435 634 ergo
1447 589 1551 632 Julius
1562 590 1734 629 audaciam
1758 592 1915 635 proficere
1935 591 1972 626 in
1992 602 2052 626 no-

1168 650 1242 675 vam
1254 637 1394 673 haeresim
1406 663 1417 680 ,
1428 639 1574 684 Augusti
1586 640 1708 678 brachii
1723 640 1887 679 auxilium
1900 653 1968 675 non
1980 650 2052 675 tan-

1168 689 1239 723 tum
1250 686 1431 728 Athanasio
1457 702 1495 724 ac
1509 689 1581 728 aliis
1603 690 1844 734 appellantibus
1854 691 2051 735 Episcopis,

1168 738 1222 773 sed
1248 740 1282 779 a&
1303 740 1359 783 ipsi
1386 739 1551 784 Apostolo
1568 739 1669 774 Petro
1688 740 1910 783 expostulavit
1929 741 2050 776 &Con-

1168 788 1272 823 stante
1294 789 1448 835 ,Augusto
1469 814 1480 830 ,
1507 789 1549 825 de
1574 801 1642 834 quo
1667 789 1928 827 Theodoretus:
1956 790 2053 824 simul
2066 795 2180 831 L.2.c.5.

1166 849 1257 881 atque
1265 844 1312 872 ita
1324 841 1446 876 audivit
1457 839 1604 881 Constans
1616 865 1626 881 ,
1651 840 1772 876 litteras
1791 839 1908 884 siripfit
1921 840 1966 873 ad
1977 840 2051 882 fra·

1167 898 1243 922 trem
1254 889 1459 929 Constantium
1474 915 1484 930 ,
1510 890 1618 933 quibus
1630 902 1695 929 eum
1706 890 1885 925 hortabatur
1896 915 1907 931 ,
1932 899 1967 924 ut
1988 889 2049 923 ba·

1167 941 1326 977 reditatem
1343 946 1473 982 pietatis
1480 948 1622 982 pateraeae
1643 947 1793 985 integram
1814 942 2052 983 inviolatmque

1162 987 1303 1031 servaret
1323 1014 1330 1021 .
1368 990 1488 1033 ¹,Quibus
1524 992 1637 1024 litteris
1659 989 1820 1035 persuasus
1856 989 2051 1031 constantius

1167 1040 1344 1073 mandatum
1367 1041 1471 1080 dedit,
1496 1049 1531 1073 ut
1554 1039 1694 1084 Episcopi
1713 1050 1779 1076 tum
1800 1047 1934 1074 Orientis
1947 1064 1958 1081 ‚
1985 1049 2054 1074 tum

1167 1090 1334 1126 Occidentis
1359 1113 1370 1129 ‚
1395 1091 1552 1123 Sardicam
1571 1115 1583 1131 ,
1622 1102 1689 1133 quae
1714 1091 1753 1133 est
1776 1098 1809 1125 in
1835 1092 1944 1130 lllyria‘
1955 1090 2053 1131 urbs,

1162 1144 1266 1183 gentis
1289 1140 1395 1172 Daciae
1400 1145 1575 1181 primaria,
1600 1142 1825 1175 adventarent.
1854 1141 1898 1176 Et
1909 1141 2047 1174 Sanetus

1168 1187 1366 1226 Athanasius
1380 1189 1414 1224 in
1427 1189 1544 1224 litteris
1554 1189 1595 1223 ad
1607 1190 1797 1228 Solitarios:
1824 1194 1950 1224 Interim
1975 1193 2051 1222 Con·

1160 1237 1247 1279 stans
1269 1242 1439 1281 ,Imperator
1465 1241 1500 1280 <tt
1521 1241 1599 1282 quid
1616 1241 1835 1281 Alexandria,
1865 1242 1901 1275 θ’
1918 1248 1977 1283 per
1987 1245 2055 1273 uni·

1166 1286 1286 1332 versiam
1298 1289 1396 1323 orbem
1405 1298 1507 1323 contra
1518 1288 1687 1324 Catholicae
1700 1299 1856 1335 gereretur
1870 1315 1881 1331 ,
1906 1289 2030 1333 rescivit
2040 1313 2054 1322 .

1169 1340 1261 1382 Miffae
1286 1345 1380 1383 igitur
1398 1338 1476 1383 sunt
1497 1341 1608 1374 litterae
1631 1341 1652 1372 ἃ
1671 1340 1830 1381 Constante
1855 1341 1901 1374 ad
1916 1339 2054 1382 fratrem

1162 1386 1251 1432 suum
1272 1389 1478 1430 Constantium
1498 1414 1509 1430 ,
1548 1390 1648 1433 ibique
1670 1391 1709 1424 de
1731 1390 1883 1424 amborum
1901 1388 2054 1434 sententia

1164 1439 1301 1480 placuit,
1327 1447 1362 1473 ut
1371 1440 1500 1478 synodus
1511 1440 1733 1480 celebraretur,
1760 1441 1795 1475 Gt
1816 1441 1853 1473 de
1863 1440 1950 1472 rebus
1974 1438 2052 1481 nelis

1167 1494 1291 1533 cognitio
1308 1487 1417 1529 fieret,
1444 1500 1481 1522 ne
1500 1490 1626 1522 ulterius
1643 1490 1788 1529 injuriose*
1812 1488 1911 1529 habiti
1933 1490 2055 1528 injuriis

1168 1538 1352 1579 afficerentur
1362 1562 1374 1578 ‚
1401 1539 1455 1571 vel
1460 1537 1595 1580 injici-inst*
1600 1539 1724 1577 ulterius
1731 1547 1893 1583 pergerent
1906 1540 2057 1580 injuriam

1162 1586 1265 1629 facere
1278 1613 1285 1619 -
1314 1587 1511 1625 instructum
1536 1588 1570 1629 t&
1591 1599 1745 1633 rogatum
1766 1588 1987 1624 Constantem
2008 1587 2058 1623 di*

1170 1639 1215 1671 cit
1228 1637 1246 1670 ὲ
1259 1638 1413 1675 Romana
1425 1638 1668 1682 quinquaginta
1694 1638 1795 1672 ferme
1816 1639 2059 1682 Episcoporum

1171 1685 1330 1730 Synodo,
1356 1697 1428 1731 quae
1439 1687 1677 1731 appellantium
1702 1687 1945 1732 Episcoporum
1963 1699 2058 1722 com-

1171 1737 1367 1776 munionem
1382 1737 1565 1780 susceperat
1575 1762 1587 1782 ,
1615 1737 1814 1776 Eusebianas
1826 1737 1997 1773 adversum
2020 1737 2060 1770 il-

1173 1787 1222 1826 los
1240 1786 1478 1825 criminatrices
1500 1787 1626 1822 litteras
1647 1812 1659 1828 ,
1685 1797 1842 1831 tanquam
1875 1787 2062 1822 calumnio-

1174 1838 1220 1871 sas
1240 1861 1251 1878 ‚
1270 1838 1417 1876 aversata
1438 1863 1445 1872 .
1475 1837 1642 1885 roirca
1664 1838 1788 1881 primus
1811 1837 1908 1881 hujus
1928 1835 2060 1881 Synodi

1173 1888 1282 1924 audior
1307 1887 1342 1922 &
1361 1888 1566 1922 convocator
1586 1888 1651 1921 fuit
1676 1888 1780 1931 Julius
1807 1887 1990 1928 Pontifex,
2016 1887 2060 1922 de

1174 1948 1240 1981 quo
1251 1936 1339 1971 idem
1351 1938 1504 1971 Sanstus:
1532 1937 1697 1981 Episcopus
1718 1936 1870 1973 Rimanus
1886 1938 1999 1984 Julius
2012 1940 2060 1977 55-

1173 1987 1370 2031 nodumjpfflt
1378 1987 1447 2030 fieri
1461 2011 1473 2029 ‚
1498 1987 1669 2036 ubicumque
1691 1989 1854 2027 vellemus.

1243 2168 1988 2221 CAPUTSECUNDUM‚

1244 2293 1275 2335 S
1262 2288 1382 2356 ynodi'
1416 2287 1514 2339 locus
1535 2325 1549 2354 7
1572 2286 1749 2358 fihifma
1771 2324 1784 2351 ,
1819 2304 1985 2357 tempus.

1235 2435 1336 2471 Ansti
1360 2433 1530 2470 Athanasii
1548 2436 1724 2473 translator
1750 2437 1863 2472 Petrus
1900 2437 2057 2474 Ninnius

1258 2485 1344 2521 hanc
1356 2485 1531 2531 Synodum
1542 2485 1654 2530 paffim
1677 2497 1774 2522 vocat
1791 2486 2034 2522 Sardiniensem
2046 2511 2059 2527 ,

1173 2536 1230 2571 alii
1240 2532 1429 2571 sardensem
1441 2561 1448 2568 .
1475 2535 1614 2571 Peffime
1628 2561 1635 2569 .
1664 2534 1770 2572 Aliud
1780 2536 1902 2581 quippe
1926 2536 1972 2571 est
1985 2537 2057 2572 Sar÷

1172 2586 1285 2628 dinia,
1311 2585 1401 2620 aliud
1422 2585 1552 2627 Sardis,
1577 2585 1614 2619 in
1638 2584 1781 2622 Asiatica
1792 2587 1930 2622 Dioecesi
1942 2583 2059 2629 Lydo·

1174 2647 1246 2671 rum
1283 2635 1486 2679 Metropolis
1509 2660 1521 2677 ‚
1549 2634 1795 2672 aliud-Sardica
1821 2660 1832 2677 ,
1857 2635 2058 2679 Metropolis

1173 2686 1284 2721 Daciae
1294 2685 1533 2721 mediterranea
1543 2709 1551 2717 .
1580 2684 1689 2720 Elegia
1704 2684 1769 2719 haec
1779 2686 1825 2720 est
1837 2685 1878 2720 de
1888 2685 2057 2728 utriusque

1175 2735 1316 2781 Augusti
1337 2735 1499 2770 consensu
1519 2744 1677 2776 tanquam
1690 2735 1828 2778 Synodo
1851 2735 2056 2779 opportunis-

1173 2787 1271 2827 sima,
1299 2783 1414 2830 utpote
1425 2784 1519 2820 limes
1531 2784 1700 2829 utriusque
1713 2784 1866 2828 imperii,
1893 2785 2056 2825 continua

1174 2836 1421 2876 Haemimonto,
1448 2833 1625 2869 Thracum
1636 2834 1819 2871 Provincias
1826 2860 1839 2877 ‚
1867 2834 1977 2879 pritnae
1986 2845 2056 2869 ver·

1173 2886 1225 2921 sus
1235 2897 1298 2920 nos
1309 2897 1350 2920 ex
1360 2884 1499 2928 imperio
1512 2884 1661 2923 Orientis
1672 2909 1680 2917 .

1223 2935 1279 2970 Ab
1291 2945 1430 2979 utroque
1442 2932 1595 2979 Augusto
1608 2935 1764 2971 invitatus
1774 2935 1838 2969 fuit
1849 2935 1954 2979 Julius
1967 2934 2054 2970 Pon-

1175 2986 1256 3019 tifex
1269 3008 1279 3025 ,
1289 2985 1404 3024 atille,
1418 2983 1616 3027 sylvestrum
1630 2983 1879 3023 Antecessorem
1892 2985 2053 3025 imitatus,

1173 3034 1318 3075 honestam
1338 3059 1349 3076 ,
1377 3034 1486 3078 inquit
1508 3034 1611 3079 prima
1631 3034 1799 3078 synodalis
1821 3035 1992 3079 Epistola,
2017 3037 2052 3070 Θ

1174 3085 1359 3130 neceffcm'am
1372 3085 1455 3118 dedit
1465 3082 1609 3128 absentiae
1620 3082 1837 3128 excusationem
1849 3109 1859 3125 ‚
1887 3085 1964 3120 loco
1994 3087 2054 3119 suo

1175 3135 1307 3169 mittens
1335 3134 1476 3168 Hofium
1503 3157 1514 3173 ‚
1540 3133 1789 3170 cordubensem
1823 3135 2054 3179 Episcopum,

1177 3182 1415 3219 Archidamum
1440 3184 1475 3217 ὅς
1496 3181 1721 3219 Philoxenum
1735 3208 1746 3226 ,
1772 3184 1932 3219 Romanae
1941 3184 2058 3220 Eccle-

1174 3234 1222 3267 fiae
1244 3233 1459 3276 Presbyteros
1479 3257 1491 3273 ‚
1522 3232 1732 3281 ejusdemque
1753 3235 1945 3270 Diaconum
1971 3233 2054 3269 Leo-

1177 3295 1252 3318 nem
1277 3309 1284 3317 .
1310 3283 1410 3318 Hosii
1437 3282 1678 3319 Praefidentiam
1704 3285 1738 3320 δε
1764 3285 1859 3320 tertia
1884 3283 2054 3328 synodalis

1179 3333 1347 3376 Epistola,
1372 3334 1407 3367 &
1431 3332 1552 3378 singuli
1574 3333 1640 3369 fere
1660 3334 1841 3375 Canones,
1866 3334 1900 3368 ὃ(
1921 3332 2054 3377 Synodi

1178 3383 1366 3427 subscriptio
1376 3383 1623 3424 demonstrant,
1650 3395 1788 3419 necnon
1802 3383 1930 3427 Synodi
1952 3381 2053 3418 Chal·

1175 3433 1362 3468 cedonensis
1386 3432 1519 3468 Relatio
1541 3432 1584 3467 ad
1609 3433 1820 3469 Marcianum
1846 3432 2053 3477 Augustum;

1175 3485 1238 3518 Illi:
1247 3508 1259 3526 ,
1283 3488 1336 3528 qui
1345 3483 1432 3527 apud
1436 3483 1590 3519 sardicam
1599 3493 1702 3519 contra
1720 3485 1862 3527 reliquias
1876 3486 1940 3518 Arii
1950 3490 2056 3525 conve:

1610 3532 1643 3567 R
1670 3545 1686 3569 t
1735 3545 1756 3571 2
1956 3541 2004 3565 nc·
