2346 3776
610 71 921 132 ScHoL11s,
946 89 1025 125 ET
1051 85 1678 131 N0T1s1LLthTRA-s1.

1885 84 1984 139 289

239 167 338 210 scopo
350 165 582 210 superpositus,
608 162 783 201 invaserit,
811 160 975 194 Gratiano
997 157 1112 204 Augu·
1167 157 1249 192 dum
1274 158 1407 203 mitigat
1445 157 1601 194 Canones
1638 161 1868 201 Sardicenses:
1897 164 2053 203 Euseb12-'

238 216 291 250 sso
316 217 460 261 queritur
482 214 636 258 Synodus
659 210 892 255 Aquileiensis.
919 209 1051 244 Malum
1063 210 1110 243 in-

237 267 316 300 vafit
327 266 460 301 tandem
472 266 573 299 etiam
583 262 789 298 orthodoxos
799 284 811 300 ,
837 257 920 293 adeo
929 270 965 293 ut
975 261 1121 294 Sanetus-

66 294 223 349 'iamde
238 316 421 361 Gregorius
440 314 669 349 Nazianzenus
692 312 780 347 illius
799 310 835 344 in
858 309 996 351 Synodo
1024 310 1114 344 Con-

64 356 125 393 ,vita
132 356 195 389 sua.

63 625 203 662 1..5.e.11.

62 2900 178 2940 Epist-4.

237 365 528 409 stantimpolitana
542 364 709 399 accusatus
728 359 930 406 responderit
952 358 1116 402 hujusmo-

236 415 273 450 di
283 416 458 450 cainonem
481 426 550 448 non
573 415 637 448 esse
656 414 692 448 in
703 414 763 448 usu
775 436 782 444 .
810 410 1017 453 Responsum
1036 408 1112 444 Gre-

236 466 333 509 gorio
355 465 530 508 indignum
556 490 562 497 .
591 464 685 499 Hinc
705 462 869 498 Damasus
890 460 1047 494 Pontifex
1075 460 1111 493 in

235 515 391 549 Romana
402 515 541 558 Synodo
552 539 563 556 ,
589 514 679 558 cujus
689 513 729 548 ad
742 510 921 546 Paulinum
933 508 1116 545 Antioche·

235 575 318 599 num
344 565 545 609 Episcopum
580 565 701 599 litteras
737 562 833 597 refert
858 559 1115 600 Theodoretus,

236 614 371 649 statuit:
398 618 463 658 ,Qui
478 616 516 648 ab
529 614 685 656 Ecclefiis‚
710 618 744 645 in
754 612 860 654 quibus
881 617 1050 651 vixerant,
1070 612 1114 643 ad

234 666 317 698 'alias
324 663 358 708 se
367 665 602 710 transtulerunt,
627 663 717 708 usque
729 661 826 703 edſsnt
840 664 860 694 ἂ
871 661 968 701 nostra
989 673 1114 695 commu-

237 721 322 748 nione
343 717 435 748 alieni
457 740 468 756 ‚
494 715 596 758 quoad
612 712 695 757 ipsas
715 713 761 745 dd
779 711 867 745 urbes
890 713 1055 750 redierint,
1082 716 1114 743 in

236 765 346 807 quibus
366 775 453 799 erant
460 766 593 807 primam
603 766 648 796 ad
656 765 787 807 aliquem
798 760 987 802 Ecclefiastici
997 760 1113 794 honoris

232 816 364 858 gradum
380 817 473 848 elati.
502 813 703 858 ,Qubdfiquls
726 818 760 846 ln
781 812 906 845 alterius
925 813 1015 844 locum
1027 835 1037 850 ,
1064 816 1115 852 qui

237 870 371 898 mutavit
381 866 504 903 Sedem,
529 871 686 906 coaptatus
691 861 750 905 fit,
775 859 923 905 tantisper
934 862 1113 905 &dignitate

236 922 325 947 vacet
345 915 414 954 ille,
441 920 494 955 qut·
511 918 669 949 civitatem
684 917 842 955 propriam
864 909 992 954 deseruit
1009 935 1020 951 ‚
1046 912 1118 943 dum

235 969 288 1007 qut
307 968 335 996 ei
352 962 513 1007 succefferit
531 988 543 1005 ,
567 963 754 997 obdormierit
776 968 808 995 in
820 965 964 995 Domino.
988 959 1116 995 Admo-

717 1168 1270 1259 CANORN

475 1318 602 1369 Ofius
636 1297 874 1388 Episcopus
908 1315 1021 1367 dixit
1059 1336 1072 1381 :-

1179 219 1259 242 num
1271 208 1389 242 lolium
1416 207 1524 243 velita
1534 221 1674 245 conatus
1690 214 1868 251 eradicare.
1896 218 2056 261 capuana

1179 258 1236 293 sub
1272 258 1402 302 Syricio
1438 258 1603 294 Pontifice
1638 262 1792 306 Synodus
1813 288 1823 304 ,
1848 267 1897 301 uti
1923 267 2057 302 testatur

1181 309 1338 343 Afrorum
1348 308 1527 344 Canonum
1541 309 1679 354 Codex,
1707 313 1944 357 Episcoporum
1955 326 2058 351 trans·
2073 316 2108 348 C·
2121 318 2170 353 48·

1179 358 1319 393 lationes
1344 358 1447 393 vetuit
1473 383 1484 400 ,
1519 361 1691 403 quomodo
1717 363 1993 398 reordinationem
2017 378 2057 400 ae

1179 408 1408 452 rebaptismum
1431 433 1438 442 .
1474 411 1608 445 Sanctus
1634 411 1706 448 Leo
1731 424 1871 458 magnus
1888 413 1928 447 'in
1972 414 2059 447 litte-

1179 459 1221 493 ris
1246 458 1288 493 ad
1313 458 1523 494 Anastafium
1561 461 1889 498 Thessalonicensem
1926 462 2059 505 Episco-

1179 520 1256 553 pum
1289 533 1300 550 ,
1341 508 1512 544 Vicarium
1548 512 1643 545 suum
1680 524 1737 556 per
1771 513 1900 548 Graecas
1934 510 2059 556 lllyrici

1179 558 1393 598 Provincias,
1417 559 1453 593 in
1479 571 1580 603 quas,
1609 563 1724 606 utpote
1747 562 1976 608 Orientalibus
2002 573 2058 605 per

1181 608 1383 643 Eusebianos
1392 610 1552 652 corruptis
1561 613 1709 646 confines
1719 637 1731 652 ,
1755 622 1900 656 coeperat
1921 613 2060 655 irrepere

1180 661 1290 700 virus,
1315 658 1426 694 statuit
1448 660 1641 694 translatum
1663 662 1864 706 Episcopum
1887 674 1945 697 non
1962 660 2058 706 fhlt'cm
2074 656 2207 697 Epist-84·

1179 712 1199 742 ἃ
1220 709 1365 743 cathedra
1383 710 1457 750 pelli
1468 711 1588 750 aliena,
1609 709 1668 753 sed
1691 713 1725 746 ό·
1746 723 1845 746 carere
1849 719 1998 755 propria,
2024 721 2058 746 ut
2072 707 2097 731 c·
2120 701 2149 728 ⁸·

1179 771 1232 793 nec
1244 762 1303 793 illis
1311 758 1492 801 praefideat,
1517 771 1589 802 quos
1595 768 1653 802 per
1672 767 1840 798 avaritiam
1863 767 2033 804 concupivit
2044 786 2059 803 ,

1180 822 1232 844 nec
1244 811 1304 843 illis
1316 834 1327 850 ‚
1353 821 1424 852 quos
1433 817 1491 851 per
1496 808 1670 852 superbiam
1686 810 1824 854 sprevit.
1853 812 1972 846 Latina
1996 812 2060 845 Ec·

1181 860 1275 893 clefia
1285 859 1412 894 dudum
1425 859 1591 904 ignoravit
1605 860 1694 896 hunc
1716 861 1892 903 morlulm,
1918 859 2062 894 hostilis-

1180 910 1257 943 sime
1273 910 1456 954 persecuta:
1485 909 1591 944 Aliud
1607 911 1740 945 tandem
1761 908 1813 946 illi
1835 912 2061 955 persuaserunt

1180 969 1367 1003 temporum
1377 960 1521 994 rationes
1534 985 1545 1001 ,
1570 960 1612 995 de
1625 961 1746 1005 quibus
1755 963 1814 997 suo
1834 962 1911 997 loco
1922 987 1930 994 .

1385 1166 1574 1244 11⁶1.

1120 1320 1217 1365 Hoc
1254 1334 1432 1384 quoque
1481 1316 1710 1368 necessario
1758 1318 1819 1367 est
1853 1318 2060 1384 adjicien-

501 1376 614 1438 'dum
649 1427 662 1449 ,
710 1406 759 1440 ut
793 1390 934 1440 null-us
969 1386 1280 1454 Episcoporum
1328 1406 1380 1436 ex
1416 1386 1487 1436 sua
1523 1391 1753 1437 Provincia
1802 1391 1850 1436 in
1884 1391 2062 1437 aliam...

509 1462 784 1509 Provinciam
808 1497 821 1519 ,
856 1462 902 1507 in
937 1474 1024 1524 qua
1042 1511 1043 1514 Ἴ
1060 1455 1155 1504 sunt
1204 1451 1408 1524 Episcopi
1441 1493 1454 1517 ‚
1491 1457 1676 1506 transeat
1711 1495 1724 1518 ,
1761 1458 1838 1506 nisi
1874 1461 2062 1524 utique„

513 1528 538 1577 a
573 1528 657 1577 suis
692 1528 895 1578 fratribus
921 1528 1127 1586 vocetur}
1163 1544 1217 1575 ne
1254 1525 1477 1591 videamur
1513 1525 1759 1576 dileffionis
1797 1527 1909 1577 fores
1945 1529 2062 1576 clau-

232 1594 334 1645 dere
361 1630 374 1644 .
422 1600 521 1646 Hoc
556 1614 702 1647 autem
738 1601 870 1649 etiam
907 1598 1103 1646 similiter
1137 1595 1452 1663 providendum
1489 1596 1548 1645 est
1581 1634 1594 1657 ‚
1644 1614 1692 1645 ut
1729 1598 1760 1646 fi
1796 1600 1841 1645 in
1878 1599 2066 1665 aliquam

232 1668 466 1715 Provincia
501 1667 811 1735 Episcoporum
858 1664 1089 1735 quispiam
1121 1665 1324 1715 adversus
1371 1666 1547 1715 fratrem
1583 1665 1702 1715 suum
1730 1668 1794 1717 ’δε
1830 1667 2066 1735 Coepisco-

232 1754 340 1806 pum
375 1740 598 1799 negotium
635 1738 793 1788 habeat
816 1775 832 1799 ,
866 1753 1016 1788 neuter
1050 1755 1102 1786 ex
1137 1737 1223 1784 alia
1264 1739 1497 1786 Provincia
1532 1736 1770 1805 Episcopos
1818 1741 2066 1801 cognitores

231 1822 389 1856 evocet
425 1842 438 1854 .
484 1810 526 1856 Si
563 1810 662 1875 quis
697 1825 843 1857 autem
879 1807 1190 1876 Episcoporum
1227 1809 1274 1854 in
1309 1802 1460 1873 ali'quo
1495 1810 1675 1869 negotio
1710 1807 2066 1858 condemnandus

234 1876 348 1926 visus
385 1877 512 1926 fuerit
536 1914 549 1937 ‚
579 1883 626 1927 &
660 1879 872 1928 existimet
908 1877 949 1927 se
983 1895 1072 1927 non
1109 1877 1268 1926 malam
1291 1913 1304 1936 ‚
1341 1875 1411 1925 sed
1445 1876 1610 1927 bonam
1644 1877 1813 1929 causam
1849 1878 2066 1941 habere„

234 1961 285 1995 ut
319 1949 452 1995 etiam
487 1946 698 2012 judicium
733 1964 997 2007 renovetur3
1033 1947 1064 1996 fi
1101 1946 1245 1996 vestrae
1280 1948 1520 1996 Dileffioni
1555 1946 1752 2009 videtur,
1789 1941 1908 1998 Petri
1943 1956 2068 2017 Apo-

234 2017 332 2072 stoli
367 2021 620 2067 memoriam
668 2018 928 2068 honoremus
963 2055 977 2079 ,
1025 2033 1074 2066 ut
1109 2016 1166 2066 ab
1201 2019 1255 2066 iis
1292 2053 1305 2076 ,
1353 2019 1431 2084 qui
1466 2015 1755 2083 judicaverint
1792 2055 1805 2079 ,
1854 2018 2066 2069 scribatur

223 2088 365 2153 Julio·
385 2090 681 2138 Romanorum
717 2088 933 2158 Episcopo
968 2125 981 2149 ,
1025 2092 1069 2137 &
1103 2105 1178 2155 per
1212 2089 1481 2154 propinquos
1517 2090 1755 2139 Provinciae
1789 2088 2027 2157 Episcopos
2050 2126 2064 2150 ,

234 2156 267 2205 fi
302 2175 411 2224 opus
446 2157 498 2206 fit
520 2194 533 2218 ‚
568 2158 777 2223 judicium
812 2174 1041 2209 renovetur
1077 2178 1090 2216 3
1140 2161 1182 2206 &
1217 2159 1464 2220 cognitores
1501 2156 1589 2225 ipse
1625 2158 1813 2226 praebeat
1850 2196 1863 2206 .
1911 2162 1954 2208 Si
1990 2177 2065 2208 au-

233 2240 326 2276 tem
362 2226 544 2295 probare
579 2246 668 2278 non
701 2226 844 2296 potest
867 2227 1036 2279 causam
1063 2232 1151 2294 ejus
1185 2225 1267 2276 effe
1293 2228 1426 2276 talem
1449 2263 1462 2287 ,
1500 2243 1547 2276 ut
1583 2245 1681 2278 eam
1715 2227 1858 2282 rursus
1879 2228 2063 2294 judicari

233 2314 344 2364 opus
378 2297 431 2347 fit
454 2334 469 2358 ‚
504 2316 600 2367 quae
635 2297 761 2349 semel
798 2298 893 2349 sunt
927 2298 1118 2365 judicata
1139 2334 1154 2359 ,
1190 2314 1281 2347 non
1315 2297 1583 2348 infirmentur
1597 2335 1613 2352 ·‚

546 2373 561 2397 N

1177 2460 1398 2506 Episcopum:
1426 2461 1521 2505 ,2qu
1538 2459 1677 2504 depofitos
1687 2463 1756 2496 olim
1781 2462 1933 2505 &ejedos
1957 2461 2061 2497 obba-

1177 2511 1258 2553 refim
1284 2516 1431 2546 Arianam
1455 2523 1513 2544 non
1534 2509 1630 2554 sslssm
1654 2517 1817 2554 receperint
1849 2537 1860 2553 ,
1878 2511 1936 2556 sed
1958 2514 1993 2547 <7
2019 2514 2067 2546 ad

1177 2564 1304 2604 majores
1318 2563 1438 2606 gradus
1459 2567 1616 2595 evexerint
1638 2586 1651 2603 ‚
1676 2573 1714 2596 ex
1739 2564 1882 2596 Draconis
1910 2562 2063 2602 Presbyte-

381 2424 384 2428 ’
452 2453 874 2513 scHoLioN.

239 2553 496 2640 EUsebianae
516 2560 669 2595 fastionis
690 2561 957 2606 praesumptiones
982 2571 1113 2605 compe·

343 2607 403 2641 scit
425 2608 547 2643 Canon
563 2634 575 2650 ,
598 2608 762 2656 habetque
782 2622 888 2654 partes
909 2611 1010 2646 varias
1024 2634 1036 2651 ,
1059 2610 1115 2645 de-

236 2657 381 2700 sumptas
389 2668 431 2691 ex
442 2659 533 2693 sexto
545 2660 580 2694 N
583 2660 684 2695 icaeno
699 2686 706 2693 .
733 2661 850 2695 Primae
859 2662 959 2705 partis
982 2661 1113 2695 causam

237 2706 372 2740 adducit
385 2707 488 2750 Julius
499 2708 675 2751 Pontifex,
700 2711 885 2756 graviffime
895 2722 1034 2757 arguens
1045 2710 1115 2745 An-

237 2754 431 2790 tiochenum
458 2757 610 2794 factionis
636 2761 811 2804 Synodum
840 2786 852 2802 ,
887 2761 977 2804 quod
1004 2760 1115 2796 Eccle-

237 2805 312 2839 siam
335 2805 619 2850 Alexandrinam,
645 2810 757 2845 alienae
782 2812 991 2853 Dioeceseos,
1017 2820 1114 2855 atque

235 2854 486 2899 autocephalam
498 2883 508 2899 ,
534 2858 705 2902 disponere
718 2885 728 2901 ‚
745 2861 840 2903 eique
852 2862 1051 2906 Episcopum
1062 2861 1115 2895 eli·

235 2906 793 2953 gere&ordinare‚praesumpfisset‚
818 2912 853 2945 ὅ(
875 2911 1020 2946 addens.-
1047 2913 1115 2945 Plu-

234 2961 308 2988 rimi
329 2957 383 2988 alii
404 2955 543 2999 Episcopi
565 2970 602 2992 ex
625 2959 753 2995 Thracia
767 2986 778 3002 ‚
803 2960 948 3004 Celesjria
965 2986 976 3003 ,
1006 2961 1116 2995 Pheni-

234 3011 303 3053 cta,
331 3006 493 3046 Palaeflina
506 3031 517 3047 ‚
541 3007 595 3041 buc
604 3020 762 3044 convenere
773 3034 785 3051 ,
809 3016 890 3044 inter
907 3013 1022 3054 reliqua
1033 3012 1115 3045 dena

232 3055 292 3097 sua
301 3056 444 3098 cvnquesti
455 3081 466 3096 ,
491 3063 556 3090 vim
569 3059 603 3091 (0⁶
612 3061 756 3099 injuriam
769 3060 902 3103 Ecclesr‘is
915 3063 1032 3094 illatam
1041 3063 1093 3105 effl‘
1105 3086 1115 3102 ,

232 3103 363 3148 ficusque
385 3105 526 3147 Ecclefias
549 3109 674 3148 eadem,
699 3121 767 3152 quae
792 3112 1022 3151 Alexandrina,
1043 3110 1115 3154 pasl

235 3153 287 3193 [at
310 3156 362 3199 effe
373 3181 379 3187 .
406 3156 522 3190 Tertia
533 3157 723 3192 Sardioenfis
732 3160 858 3203 Synodi
866 3161 1014 3204 Epistola
1025 3173 1114 3196 accu-

236 3204 284 3237 sat
310 3207 479 3248 praesertim
506 3207 688 3242 Eusebium
716 3209 1009 3245 Nicomediensem
1033 3235 1044 3251 ,
1070 3212 1114 3245 sa-

236 3253 353 3288 &ionis
373 3255 560 3300 Principem
573 3282 584 3298 ,
611 3256 831 3293 Theodorum
840 3260 1092 3303 Heracleensem
1105 3286 1114 3300 ,

237 3301 423 3340 Narcissum
444 3307 644 3341 Neroniadis
667 3332 677 3347 ,
703 3308 905 3352 Stephanum
932 3309 1115 3344 Antioche-

238 3362 339 3392 num,
365 3356 846 3401 GregoriumLaodicensem,
875 3358 1036 3394 'Acacium
1048 3361 1115 3394 Cae-

235 3401 420 3458 sartensem
439 3428 451 3445 ,
484 3406 752 3451 Menophantum
778 3407 953 3452 Ephesium
978 3434 989 3450 ,
1016 3410 1114 3445 Ursa·

233 3462 324 3486 caum
350 3452 640 3498 singidunensem,
665 3459 698 3492 ἀ
711 3458 886 3494 Valentem
899 3459 1113 3495 Murfiensem

331 3504 472 3538 c'aenones
484 3509 592 3541 conas
593 3510 660 3541 ard.
675 3511 779 3541 TomL

1176 2625 1223 2646 ros
1236 2636 1247 2652 ,
1271 2624 1310 2646 ex
1324 2611 1510 2650 Presbyteri:
1520 2610 1682 2655 Epist-opos
1692 2611 1844 2654 facientes
1858 2636 1868 2652 ‚
1895 2624 1953 2645 non
1965 2614 2062 2645 alium

1175 2669 1208 2696 t'n
1218 2660 1302 2706 usum
1316 2686 1326 2701 ‚
1351 2663 1442 2704 qudm
1452 2671 1486 2695 ut
1496 2667 1681 2703 impietatem
1688 2663 1909 2705 dffeminarent
1921 2686 1931 2701 ,
1957 2660 2062 2705 latius-

1175 2723 1232 2755 que
1258 2710 1460 2752 difflanderem
1485 2735 1496 2752 ‚
1531 2711 1566 2745 ὑ
1586 2718 1674 2753 piam
1693 2711 1787 2753 fidem
1822 2719 2057 2753 corrumperent.

1176 2762 1227 2795 Ex
1252 2761 1403 2796 Ecclesiis
1426 2760 1469 2795 ad
1490 2766 1602 2795 curam
1625 2762 1713 2795 suam
1728 2771 1798 2795 non
1820 2760 2061 2804 pertinentibus

1174 2812 1338 2854 ejecerunt
1359 2811 1485 2854 utique·
1497 2809 1707 2844 orthodoxos
1726 2810 1908 2854 Episcopos
1920 2811 1954 2845 ὃς
1981 2810 2056 2845 Cle-

1175 2863 1279 2903 ticos,
1306 2871 1485 2905 eorumque
1497 2860 1532 2893 in
1544 2859 1836 2896 cathedras&loca
1859 2861 2060 2896 intruserunt

1175 2911 1273 2945 hosce
1293 2911 1488 2951 damnatos,
1515 2919 1613 2954 atque
1628 2910 1697 2951 ita,
1722 2910 1771 2944 uti
1793 2910 1913 2945 affidue
1937 2911 2058 2946 clamat

1176 2961 1278 3005 Julius
1304 2961 1486 2999 Pontifex,
1513 2958 1727 3003 Apostolicos
1751 2971 1789 2994 ac
1815 2960 1971 2996 Nicaenos
1994 2961 2057 2996 Ca-

1161 3017 1278 3045 'nones
1303 3011 1389 3054 quasi
1425 3009 1562 3054 pedibus
1587 3009 1754 3044 calcarunt
1772 3035 1780 3042 .
1808 3010 1857 3044 Ea
1894 3010 1936 3045 de
1961 3012 2058 3046 causa

1179 3060 1354 3095 Ursacium
1380 3061 1414 3093 ὃς
1451 3060 1628 3094 Valentem
1654 3083 1665 3100 ‚
1690 3059 1822 3094 homines
1862 3063 2057 3103 Pannonios,

1176 3111 1346 3143 ab‘ut'umls
1369 3111 1429 3143 illis
1445 3109 1560 3152 finibus
1579 3115 1612 3142 in
1632 3114 1785 3144 orientem
1811 3112 1919 3154 veniffe
1942 3135 1954 3152 ,
1980 3112 2055 3146 scri-

1176 3160 1223 3195 bit
1247 3159 1290 3194 ad
1303 3170 1419 3194 omnes
1445 3159 1594 3193 Ecclefiae
1604 3159 1786 3204 Catholicae
1807 3160 1987 3205 Episcopos
1997 3162 2058 3205 Sy-

1178 3209 1283 3244 nodus
1319 3209 1547 3243 Alexandrina
1582 3233 1590 3240 .
1626 3208 1754 3244 Illicitis
1789 3211 2056 3246 ordinationibus

1177 3258 1314 3293 turbasse
1335 3259 1519 3293 universam
1545 3259 1695 3301 Italiam,
1722 3261 1883 3295 Gratiano
1899 3260 2055 3305 Augusto

1177 3309 1321 3351 queritur
1341 3308 1496 3352 synodus
1522 3309 1739 3353 Aquilejenfis
1759 3335 1767 3342 .
1808 3310 1898 3344 Nam
1925 3312 1959 3345 &
1985 3311 2057 3344 Ro·

1177 3371 1227 3393 ma
1253 3358 1422 3393 Liberium
1446 3383 1458 3399 ,
1486 3358 1778 3403 Constantinopoli
1805 3359 1945 3394 Paulum
1978 3360 2056 3402 Epi-

1176 3411 1308 3452 scopum
1355 3408 1518 3452 ejecerunt
1554 3433 1565 3449 ,
1599 3408 1863 3454 intruseruntque
1909 3409 2053 3444 Felicem

1182 3460 1214 3494 <Sc
1224 3458 1656 3495 Macedonium.Adversum
1667 3458 1761 3497 hasce
1771 3459 1987 3495 turbulentias
1996 3457 2056 3493 sta·-

1563 3508 1597 3547 0
1621 3519 1645 3545 ο
1940 3507 2004 3543 tuit
