2346 3776
39 2831 99 2863 Lib.
119 2837 145 2861 6.

39 2881 98 2911 cap.
111 2883 120 2902 ι
126 2882 152 2909 3.

633 85 1085 136 D1ssERTAT10=
1129 86 1554 137 PRoasM1AL1S.

184 174 276 213 quam
287 169 482 205 redimantur.
508 167 661 203 Affirmat
670 178 740 201 non
763 165 867 201 solam
885 166 1058 211 Evangeli-

184 232 257 256 cam
270 221 385 256 Fidem
398 244 408 260 ,
419 218 472 253 sed
484 218 633 262 &ipsam
644 216 867 252 Christianam
875 216 1057 261 Regenera-

185 273 312 306 tionem
315 269 472 312 ,adeoque
479 269 593 302 omnia
602 265 858 302 Christianitatis
866 267 898 300 fu
903 266 1057 300 ndamen-

184 331 218 355 ta
230 321 292 355 effe
301 330 356 363 per
364 316 483 352 Arium
494 319 602 352 eversa
613 341 623 357 ,
645 317 760 351 datum
771 329 827 364 per
838 316 983 350 Arianos
997 317 1058 351 Ba-

184 370 300 415 ptisma
306 367 369 403 effi:
378 368 507 402 irritum
518 380 554 402 ac
570 367 707 401 nullum.
734 368 779 401 Et
798 366 926 400 videtur
940 366 974 400 id
986 368 1057 401 fun-

183 420 260 455 dare
270 420 304 452 iu
318 417 396 452 fidei
406 417 644 461 defestu‚atque
655 419 700 452 ita
711 417 787 452 dare
797 417 946 450 fomenta
956 418 1056 451 errori

182 468 382 511 S.Cypriani.
403 467 531 502 Verum
540 480 609 502 non
619 468 661 502 de
674 466 819 511 qualibet
833 465 938 500 haerefi
953 467 1058 512 loqui-

181 532 234 557 tur
246 546 256 562 ‚
266 519 319 554 sed
331 517 373 552 de
385 520 532 557 versante,
541 519 627 553 circa
640 516 793 553 articulos
805 516 1056 564 comprehensos

182 573 220 606 in
232 571 332 605 verbo
342 571 553 604 Sacramenti.
579 569 674 603 Istius
695 567 854 610 Baptismi
875 568 1058 602 invalidita-

182 631 252 656 tem
264 620 380 655 fundat
389 622 424 655 in
434 620 583 655 duobus:
597 616 698 669 Qod
711 615 943 661 Arianineque
954 619 988 652 in
1000 617 1059 652 Pa-

181 674 238 706 tris
251 673 387 706 nomine
409 671 575 715 baptizent
586 697 596 713 ,
622 678 728 711 neque
747 667 784 700 in
806 668 945 703 nomine
967 668 1055 702 Filii.

181 722 287 756 Filius
300 733 443 766 namque
455 721 521 755 illis
533 722 701 758 Creatura,
711 717 808 751 Pater
820 726 932 752 autern
942 718 986 752 est
999 719 1056 752 ste-

181 772 270 814 rilis3
284 772 424 816 ideoque
437 783 496 805 nec
509 771 640 805 Patrem
651 781 711 804 nec
723 767 848 802 Filium
858 778 993 809 norunt,
1004 768 1057 802 sed

181 822 201 856 a
211 823 243 857 se
252 823 392 856 confista
404 823 549 864 ipsorum
557 819 742 864 blasphema
764 817 868 852 Idola.
895 819 940 852 Et
953 819 987 851 in
1000 817 1058 853 ho-

180 883 256 906 rum
266 872 403 906 nomine
416 871 590 915 baptizant.
618 871 699 904 Haec
719 870 779 904 suo
798 869 876 903 loco
896 868 994 903 latius
1004 865 1058 903 e'x-

180 932 354 966 ponentur.

230 970 399 1020 roirca
412 995 422 1012 ,
443 970 489 1006 ob
499 970 609 1006 clausa
620 982 676 1014 per
686 969 854 1015 Magnum
867 968 1057 1004 Constanti-

180 1032 262 1057 num
276 1020 446 1056 Idolorum
457 1021 579 1065 templa
589 1021 731 1056 offensus
748 1019 914 1055 Diabolus
938 1020 1056 1054 excita-

179 1073 227 1108 vit
238 1071 358 1106 Arium
370 1073 404 1106 &
415 1071 574 1106 Arianam
586 1070 731 1105 haerefim.
768 1070 859 1117 Qia
872 1080 988 1113 nempe
999 1079 1055 1113 per

177 1123 281 1168 ipsam
291 1133 387 1157 norat
397 1122 624 1156 Idololatriam
636 1121 821 1164 reparari,&
834 1119 967 1163 quidem
978 1119 1053 1152 cum

177 1174 298 1207 faenore
316 1185 324 1204 :
352 1173 397 1206 Et
418 1172 533 1206 omnia
555 1169 812 1205 Christianitatis
840 1169 1054 1204 fundamenta

177 1223 273 1258 evelli
296 1221 526 1256 Idololatriam
538 1220 652 1254 induci
665 1221 701 1253 in
714 1220 817 1262 ipsam
828 1218 1053 1259 Ecclefiam,&

178 1271 466 1308 Christianismum
487 1269 523 1303 in
546 1268 783 1303 Gentilismum
793 1267 965 1302 demutari.
995 1269 1056 1303 Ea-

175 1322 254 1358 dem
274 1321 316 1355 de
335 1321 429 1356 causa
447 1319 628 1362 Imperator
649 1316 889 1352 Constantinus
906 1318 1055 1353 adversus

175 1370 297 1406 Arium
305 1371 338 1405 &
350 1370 494 1404 Arianos
505 1367 609 1402 edidit
622 1366 708 1401 hanc
720 1368 855 1412 Legem:
870 1374 948 1403 Cum
963 1374 1052 1403 Arius

170 1420 350 1466 scelestorum
360 1422 394 1454 Θ·
404 1426 561 1462 impiorum
571 1418 722 1451 hominum
731 1417 978 1461 Consuetudinem
985 1427 1051 1453 imi-

176 1478 258 1506 tetur
269 1495 282 1512 ,
306 1472 430 1504 eandem
452 1481 517 1503 cum
533 1470 593 1502 illis
616 1474 786 1512 ignominiae
807 1470 841 1502 Θ
852 1472 1051 1511 turpitudinis

175 1531 278 1556 notam
287 1524 391 1555 meriti
397 1518 499 1563 subire
519 1518 613 1552 debet.
642 1519 902 1562 ,Quemadmodum
926 1519 1052 1562 Porphy-

175 1578 240 1607 rius
249 1596 261 1612 ,
285 1571 426 1613 capitalis·
432 1575 561 1612 pietatis
582 1567 668 1609 bostis
682 1593 693 1609 ,
718 1575 770 1612 qui
789 1569 921 1610 nefarios
944 1570 1050 1603 Libros

172 1631 276 1657 contra
287 1622 467 1666 Religionem
477 1618 680 1659 Christianam
691 1628 787 1662 nuper
795 1620 903 1654 edebat
911 1646 921 1661 ‚
943 1631 1052 1654 merce-

173 1674 244 1708 dem
252 1673 377 1716 dignam
383 1670 533 1704 laboribus
543 1675 652 1711 recepit
663 1694 674 1711 ,
698 1671 734 1704 (9*
746 1668 890 1713 eJ’usmodi
900 1672 1019 1713 quidem
1031 1695 1042 1710 ‚

174 1732 210 1756 ut
217 1724 301 1764 apud
304 1721 465 1763 posteriora
473 1721 587 1754 saecula
594 1732 651 1753 non
658 1718 817 1763 ipsesolum
824 1727 967 1754 maximis
975 1730 1047 1764 pro-

173 1771 238 1805 bris
249 1781 381 1805 vexatus
386 1771 487 1812 fuerit
497 1795 508 1811 ‚
532 1772 568 1804 (τ
590 1771 749 1811 turpiffima
769 1771 908 1813 infamiae
917 1771 984 1805 labe
995 1773 1051 1804 ad-

170 1820 292 1866 spersus
304 1833 314 1863 ;
335 1821 439 1854 verum
449 1826 539 1853 etiam
550 1825 643 1862 impia
654 1822 720 1859 ejus
730 1823 848 1862 Scripta
858 1823 957 1854 deleta
963 1828 1051 1862 peni-

175 1870 225 1906 tus
238 1872 273 1906 (tt
281 1870 416 1904 extinHa
427 1881 441 1912 3
467 1881 491 1902 tc
502 1875 594 1903 etiam
606 1868 705 1912 visum
714 1869 752 1910 est
762 1873 867 1904 Arium
879 1872 913 1904 Θ
924 1873 989 1911 ejus
1000 1873 1020 1904 5
1021 1883 1049 1904 e-

174 1919 300 1955 &atores
312 1918 528 1961 Porphyrianos
548 1927 719 1960 nuncupare
730 1944 740 1959 ,
766 1929 802 1953 ut
824 1919 1046 1964 quorumftcuti

169 1970 243 2016 sunt
249 1980 455 2009 mores‚eorum
464 1974 555 2002 etiam
564 1980 668 2001 nomen
675 1968 814 2003 habeant.
830 1971 942 2004 Etiam
955 1973 1048 2014 quos-

174 2022 224 2056 vis
235 2019 309 2054 Arii
320 2019 421 2054 libros
430 2018 597 2053 damnavit
609 2018 650 2052 ad
672 2019 793 2063 ignem.
822 2019 866 2054 Et
889 2017 974 2054 hanc
991 2022 1050 2054 Le-

173 2082 254 2116 gem
271 2070 306 2104 in
329 2071 387 2104 suo
407 2069 558 2104 adversus
579 2068 770 2104 Nestorium
793 2069 1049 2105 Haerefiarcham

173 2120 294 2155 Edisto
310 2119 421 2154 laudat
434 2119 614 2162 Imperator
634 2118 846 2154 Theodosius
870 2120 1047 2154 secundus:

172 2170 431 2214 Quemadmodum
443 2173 559 2209 Ariani,
572 2172 651 2213 Lege
661 2173 738 2203 Divi
749 2176 898 2204 memoriae
909 2170 1047 2211 Constan-

171 2226 230 2254 tini
243 2245 253 2259 ,
265 2218 527 2261 obstmilitudinem
537 2225 701 2260 impietatis
714 2244 724 2260 ,
738 2220 932 2262 Porphyriam·
945 2222 964 2252 ὰ
977 2223 1046 2254 Por-

170 2269 274 2312 phyrio
283 2278 491 2311 nuncupantur
501 2294 513 2310 ‚
525 2269 567 2311 fic
578 2269 683 2311 ubique
688 2276 855 2312 participes
869 2270 995 2312 nefariae
1002 2270 1052 2313 Je‘

169 2319 228 2353 δι
237 2324 273 2353 N
273 2318 366 2360 estorii
377 2328 518 2353 vocentur
528 2319 922 2354 simoniani.Nest0rianos
934 2320 1047 2355 Theo-

170 2368 278 2405 dofius
285 2369 372 2412 juffit
391 2369 544 2412 appellari
564 2370 777 2404 simonianos
797 2370 843 2404 ob
863 2370 1047 2404 similitudi-

172 2430 251 2453 nem
270 2420 358 2465 pravi
377 2419 565 2464 Dogmatis.
591 2419 705 2453 Ambo
727 2421 818 2454 enim
841 2422 1004 2465 garriveru
1011 2431 1045 2454 nt

172 2467 342 2503 Christum
352 2469 541 2503 Dominum
550 2470 614 2503 effe
634 2481 750 2513 purum
771 2469 953 2504 hominem.
982 2471 1045 2504 Eo-

170 2517 248 2553 dem
259 2517 361 2552 modo
372 2518 506 2562 quidam
516 2518 704 2553 existimant
718 2519 863 2554 Arianos
872 2520 935 2554 effe
946 2520 1044 2563 juffos

171 2567 237 2603 dici
256 2566 510 2611 porphyrianos.
538 2567 717 2603 Labuntur.
742 2569 877 2603 Etenim
898 2569 1043 2613 Porphy-

169 2619 249 2658 rius,
259 2627 373 2662 utpote
383 2617 588 2658 Platonicus,
599 2618 803 2654 Trinitatem
815 2631 884 2654 non
897 2622 1041 2665 negavit.

170 2667 330 2703 Notanda
342 2669 416 2702 sunt
429 2668 642 2703 Constantini
654 2669 770 2703 verba:
797 2671 935 2714 ,Quorum
950 2669 1044 2713 secmi

164 2716 238 2762 fient
247 2729 353 2758 mores,
361 2724 455 2759 etiam
462 2729 565 2752 nomen
575 2718 717 2752 habeant.
732 2718 908 2756 Affirmant
920 2718 1039 2754 Arium

166 2779 238 2802 non
249 2766 423 2811 Porphyrii
433 2767 591 2813 dogmata
597 2769 691 2803 fuisse
698 2770 914 2810 secutum,sed
925 2782 1038 2805 mores.

167 2818 222 2852 De
230 2816 421 2860 porphyrio
427 2817 578 2853 scribitin
589 2819 808 2854 Ecclefiastica
820 2821 966 2854 Historia
979 2822 1041 2854 Eu-

167 2867 273 2904 sebius
284 2868 512 2902 Caesaraeenfis:
530 2868 717 2912 ‘Porphyrius
732 2894 742 2910 ‚
754 2870 849 2909 nostra
851 2873 924 2911 jam
936 2883 1040 2904 memo*-

166 2923 217 2952 rla
224 2924 258 2952 in
268 2919 369 2951 sicilia
381 2919 502 2960 degens,
513 2919 619 2952 Libros
632 2930 735 2954 contra
747 2932 801 2952 nos
809 2944 819 2959 ,
830 2920 938 2962 quibus
954 2925 1040 2954 Divi-

167 2980 224 3009 nas
234 2970 406 3009 Scripturas
418 2969 571 3001 calumniis
581 2968 719 3012 insellari
731 2979 851 3003 conatus
861 2970 900 3011 est
909 2996 919 3011 ,
931 2972 1036 3004 edidit.

167 3019 289 3062 ,Quique
298 3019 364 3050 ti'tm
370 3028 470 3051 eorum
481 3021 710 3052 Commentariis
718 3018 823 3061 sedulo
835 3022 1012 3054 evolvendis
1026 3045 1036 3061 ,

166 3073 216 3110 'qui
227 3079 275 3101 eos
285 3074 476 3109 interpretati
482 3067 607 3110 futffent
618 3092 628 3108 ,
641 3068 720 3102 nihil
725 3077 881 3111 reperiret,
893 3071 973 3112 quod
982 3074 1039 3102 Re-

167 3118 283 3161 ligionis
294 3117 398 3158 nostrae
408 3117 550 3150 doHrinae
560 3117 717 3152 vitiodare
723 3120 824 3162 posset,
835 3129 982 3162 tanquam
993 3122 1038 3151 a'i-

167 3169 250 3200 cendi
255 3167 408 3209 facultate
418 3167 586 3208 destitutus,
594 3166 628 3210 se
638 3169 682 3200 ad
690 3172 871 3210 Interpretes
882 3168 960 3212 ipsos
971 3181 1038 3202 con-

168 3222 253 3251 vitiis
264 3219 436 3251 lacerandos
447 3224 606 3258 convertit,
615 3216 767 3260 ipsumque
778 3223 930 3262 Originem
938 3226 1039 3261 impri-

169 3269 227 3299 mis
237 3291 248 3307 ,
257 3279 343 3310 quem
350 3265 383 3311 se
397 3293 406 3308 ,
418 3269 492 3301 dum
503 3267 601 3300 adhuc
611 3267 776 3310 adolescens
788 3278 867 3310 erat,
879 3271 1036 3313 cognovisJe

170 3316 249 3348 dicit.
276 3317 320 3351 Et
331 3318 397 3360 ejus
407 3317 533 3362 aliqua,
561 3318 679 3361 quibus
692 3320 725 3351 in
739 3318 850 3352 sacras
860 3320 987 3362 antiqui
1002 3332 1039 3353 ac

171 3366 250 3398 novi
260 3365 466 3401 Testamenti
478 3368 604 3402 Literas
616 3393 627 3409 ,
653 3380 691 3406 ac
702 3369 802 3402 etiam
817 3368 851 3409 in
863 3370 1040 3413 Origincm

170 3413 334 3449 invehitur
356 3418 427 3452 loca
441 3442 451 3457 ‚
478 3417 642 3452 Eusebius
654 3418 795 3452 adducit.
824 3418 896 3451 Istis
914 3420 946 3451 in
959 3419 1041 3452 locis

171 3463 330 3499 habentur
343 3465 405 3502 haec
416 3467 511 3503 verba
525 3482 532 3501 ;
546 3469 622 3500 Οἰιηι
632 3475 743 3512 origine
754 3468 828 3501 mihi
840 3493 850 3508 ,
863 3470 935 3501 dum
945 3467 1043 3502 adhuc

1939 117 1986 154 71

1120 169 1279 202 admodum
1290 167 1455 211 adolescens
1467 170 1550 213 effem
1561 194 1570 210 ‚
1581 170 1683 212 aliqua
1693 173 1891 210 intercedebat
1895 175 1991 219 fam.

1118 219 1246 253 liaritas.
1267 219 1376 263 Ipsum
1386 219 1427 253 de
1439 221 1580 264 Origine
1592 244 1602 260 ‚
1613 231 1650 253 ac
1661 220 1703 254 de
1713 221 1780 264 ejus
1791 223 1991 271 Praeceptore

1119 266 1306 303 Ammonio
1323 267 1484 303 horrende
1506 271 1638 305 mentiri
1661 269 1804 306 ostendit
1821 274 1989 312 Eusebius.

1118 318 1272 361 Ejusdem
1283 319 1436 354 meminit
1446 320 1545 354 etiam
1553 321 1588 354 in
1598 330 1713 364 quarto
1723 321 1826 356 Libro
1835 323 1876 357 de
1885 325 1990 360 Evan-

1117 368 1224 413 gelica
1234 370 1476 412 praeparatione,
1487 382 1524 404 ac
1534 382 1576 405 ex
1587 371 1654 414 ejus
1662 372 1833 414 p'raeserti'm
1845 373 1991 408 testimo-

1117 420 1181 453 niis
1192 420 1306 453 evertit
1319 420 1454 463 antiqua
1465 420 1715 459 Daemonioruni
1727 422 1869 457 Oracula
1882 436 1890 456 ι
1915 425 1992 457 Cum
2009 439 2108 477 Cap-4·

1115 469 1343 502 innumerabiles
1347 468 1409 510 sint
1420 471 1454 504 (θ’
1476 470 1642 514 Philosophi
1666 473 1701 506 &¹
1723 471 1856 513 Historict‘
1869 498 1879 513 ‚
1907 475 1991 507 illum

1116 531 1177 553 meo
1182 518 1323 562 propofito
1332 526 1428 564 magis
1438 522 1574 553 idoneum
1581 522 1684 562 judico
1696 545 1707 561 ,
1729 529 1781 564 qui
1793 524 1827 556 (θ’
1840 527 1990 557 Daemoni-

1117 569 1171 603 bus
1183 572 1315 603 maxime
1324 576 1438 603 amicus
1442 570 1510 611 fuit
1522 583 1530 612 ·,
1542 571 1576 604 (π’
1586 572 1680 604 multa
1692 571 1793 610 nollris
1806 574 1986 615 temporibus

1117 621 1280 653 adversum
1290 632 1342 653 nos
1352 621 1562 661 mendaciffime
1573 619 1742 663 conscripfit.
1756 627 1811 655 Hic
1821 630 1899 655 enim
1913 628 1988 657 Gen-

1118 671 1214 703 tilium
1218 673 1306 712 poene
1314 676 1443 704 omnium
1454 674 1582 704 Deorum
1594 682 1628 703 ac
1651 674 1825 704 Daemonum
1846 683 1988 706 naturam

1119 723 1250 755 maxime
1261 720 1438 765 invtstigaffe
1449 745 1460 761 ‚
1480 722 1514 754 (θ’
1522 719 1706 764 summopere
1709 720 1874 762 falsitatem
1885 724 1990 764 defen-

1119 771 1187 814 disse
1197 773 1327 806 videtur.
1358 772 1401 806 Et
1419 772 1455 804 in
1478 771 1597 815 quinto
1619 769 1721 804 Libro
1734 784 1741 804 :
1764 774 1818 803 Ex
1831 772 1988 814 Porphyrio
2004 783 2106 822 0225,

1118 822 1259 854 nonnulla
1269 822 1445 865 colligamus.
1465 825 1498 865 J
1500 832 1553 855 ure
1574 831 1701 863 namque
1720 820 1878 861 testimonio
1899 821 1986 864 ipfius

1117 870 1246 904 crebrius
1257 881 1373 904 utemur
1384 897 1394 913 ,
1405 878 1457 914 qui
1469 873 1504 905 ὦ·
1513 870 1616 911 nossrae
1630 872 1792 914 Religionis
1800 874 1932 905 maxime
1941 872 1987 904 ho-

1110 919 1239 962 stissuit
1250 945 1260 961 ‚
1279 922 1313 954 Θ
1324 921 1497 961 exac‘liffime*
1509 921 1692 965 Theologiam
1703 922 1864 954 Gentilium
1871 920 1988 966 fi’iviffi’

1113 979 1250 1013 putatur.
1279 971 1323 1004 Et
1334 972 1369 1004 in
1387 971 1506 1014 quinto
1528 971 1726 1005 Divinarum
1738 970 1990 1007 Institutionum

1118 1021 1221 1056 Libro
1231 1020 1350 1055 Caelius
1361 1021 1557 1054 Lactantius:
1571 1024 1636 1064 Ego
1645 1027 1751 1053 cumin
1764 1021 1906 1060 Bithynia
1917 1027 1992 1055 θνα-

1117 1078 1209 1105 tortas
1224 1075 1345 1104 Literas
1355 1077 1467 1103 accitus
1480 1071 1611 1102 docerem
1622 1094 1632 1108 ,
1658 1073 1869 1114 contigissetque
1888 1074 1991 1106 eodem

1116 1131 1245 1164 tempore
1254 1130 1289 1153 ut
1302 1123 1359 1153 Dei
1371 1121 1524 1162 Templum
1534 1128 1716 1152 everteretur
1726 1144 1735 1158 ‚
1746 1122 1804 1152 duo
1816 1120 1994 1160 exstiterunt

1115 1172 1225 1207 ibidem
1237 1197 1247 1212 ‚
1257 1176 1308 1213 qui
1312 1172 1431 1211 jacenti
1442 1172 1476 1204 (τ
1485 1169 1611 1210 abJetiae
1623 1172 1751 1202 Veritati
1767 1194 1776 1209 ‚
1789 1168 1878 1217 nescio
1891 1172 1992 1205 utrum

1111 1221 1269 1266 superbius
1281 1244 1292 1260 ,
1320 1234 1359 1255 an
1369 1221 1565 1263 importunius
1589 1217 1771 1261 insultarent·
1782 1244 1792 1259 ‚
1819 1232 1942 1263 quorum
1952 1223 1994 1255 al-

1115 1283 1162 1307 ter
1173 1273 1338 1313 Antistitem
1345 1270 1379 1315 se
1392 1268 1587 1312 Philofhpbiae
1593 1269 1789 1311 profitebatur
1798 1282 1813 1311 ;
1831 1272 1935 1304 verum
1947 1278 1993 1305 ita

1115 1323 1241 1367 vitiosus
1251 1348 1262 1363 ‚
1289 1332 1323 1356 ut
1341 1327 1530 1355 continentiae
1550 1318 1686 1362 Magister
1709 1331 1766 1353 non
1776 1322 1876 1354 minus
1886 1328 1990 1355 avari-

1114 1381 1159 1407 tia
1167 1399 1177 1414 ,
1187 1376 1280 1416 quam
1290 1371 1465 1406 libidinibus
1479 1371 1607 1402 arderet.
1628 1374 1665 1402 In
1674 1370 1757 1402 vit‘lu
1769 1379 1834 1403 tam
1838 1369 1994 1413 sumptuo-

1108 1423 1164 1467 sus
1177 1448 1188 1464 ‚
1199 1434 1232 1457 ut
1243 1431 1275 1456 in
1287 1422 1390 1456 schola
1399 1426 1526 1454 virtutis
1537 1417 1671 1461 adsertor
1684 1443 1694 1457 ‚
1713 1426 1907 1460 parcimoniae
1913 1429 1991 1461 pau-

1109 1471 1249 1516 pertatis
1241 1484 1297 1515 que
1308 1472 1446 1506 laudator
1459 1494 1470 1510 ‚
1487 1474 1519 1501 in
1531 1469 1652 1500 Palatio
1656 1470 1747 1509 pejus
1758 1479 1888 1503 caenaret
1900 1472 1992 1512 quem

1116 1527 1212 1557 Domi.
1242 1524 1310 1556 Hic
1323 1522 1386 1555 fuit
1396 1517 1538 1554 omnino
1550 1516 1760 1561 Porphyrius.
1787 1519 1877 1554 Nam
1901 1519 1991 1554 hunc

1114 1575 1148 1608 δε
1157 1573 1227 1616 ejus
1237 1571 1437 1617 Magistrum
1449 1568 1633 1607 Plotinum,
1641 1568 1675 1601 &
1685 1569 1897 1612 Discipulum
1909 1570 1994 1613 Jam-

1114 1624 1250 1667 blycum
1262 1647 1272 1663 ‚
1294 1621 1388 1656 fuiffe
1401 1619 1578 1653 Platonicae
1590 1616 1814 1662 Philosophia:
1822 1619 1995 1654 succeffive

1115 1673 1276 1717 principes
1289 1697 1299 1713 ‚
1319 1672 1454 1706 testatur
1475 1670 1511 1702 in
1531 1670 1647 1702 ottavo
1668 1668 1772 1703 Libro
1794 1668 1835 1704 de
1843 1670 1992 1705 Civitate

1114 1725 1180 1758 Dei
1189 1725 1291 1758 etiarn
1302 1719 1550 1766 &Augustinus
1576 1717 1753 1761 Porphyrii
1765 1717 1966 1764 hypocrifim
1981 1744 1994 1762 ,
2010 1723 2134 1761 capu.-

1113 1775 1260 1814 facinora
1272 1774 1306 1807 &
1319 1771 1443 1817 flagitia
1453 1768 1590 1814 exponit
1599 1768 1789 1803 Lactantius
1800 1794 1810 1810 ,
1822 1781 1861 1804 ac
1873 1772 1991 1816 pergit:

1113 1826 1229 1858 Eodem
1240 1832 1370 1865 tempore
1378 1847 1388 1863 ,
1415 1833 1471 1863 quo
1475 1819 1573 1861 justus
1584 1820 1716 1861 Populus
1745 1830 1801 1863 per
1811 1821 1991 1865 Imperato-

1113 1875 1155 1908 ris
1166 1873 1372 1907 Diocletiani
1385 1869 1622 1915 persecutiones
1631 1869 1820 1904 lacerabatur
1829 1895 1841 1912 ,
1862 1879 1925 1906 tres
1938 1874 1991 1904 Li-

1113 1924 1179 1957 bros
1190 1929 1321 1958 evomuit
1343 1931 1446 1955 contra
1461 1921 1639 1963 Religionem
1660 1931 1823 1962 nomenque
1846 1921 1991 1962 Christia-

1112 1986 1183 2007 num
1197 1987 1204 2006 :
1231 1973 1376 2015 Profhffits
1387 1981 1457 2005 ante
1467 1976 1567 2003 omnia
1579 1994 1590 2009 ,
1601 1968 1768 2012 Philosophi
1779 1971 1903 2012 officium
1915 1972 1967 2015 effi?
1978 1995 1989 2012 ‚

1111 2022 1260 2057 erroribus
1271 2022 1421 2054 hominum
1425 2020 1593 2063 subvenire
1604 2043 1614 2059 ‚
1640 2030 1731 2060 atque
1752 2022 1818 2052 illos
1829 2022 1875 2054 ad
1883 2033 1990 2055 veram

1110 2079 1196 2107 viam
1206 2083 1347 2106 revocare
1357 2096 1367 2110 ,
1390 2072 1426 2103 id
1435 2068 1473 2110 est
1485 2094 1497 2109 ,
1521 2069 1567 2101 ad
1570 2069 1684 2103 cultum
1694 2071 1823 2102 Deorum
1833 2095 1843 2110 ‚
1865 2082 1991 2113 quorum

1110 2128 1246 2157 Numine
1257 2124 1291 2156 (π
1305 2120 1462 2162 Majestate
1474 2143 1483 2159 ‚
1493 2119 1586 2156 atille
1598 2117 1731 2158 docebat,
1744 2121 1990 2165 Mundusguber-

1110 2183 1196 2208 netur
1211 2197 1220 2213 ,
1248 2183 1300 2206 nec
1307 2178 1378 2215 pati
1390 2170 1522 2203 homines
1533 2175 1685 2212 imperitos
1697 2171 1895 2211 quorumdam
1898 2170 1991 2212 frau-

1112 2224 1202 2257 dibus
1212 2223 1283 2256 illici
1294 2248 1305 2263 ‚
1333 2223 1369 2255 ne*
1378 2220 1547 2262 simplicitas
1559 2220 1782 2261 eorumpraedae
1792 2231 1827 2253 ac
1832 2219 1942 2262 pabulo
1953 2220 1990 2261 [ἴε

1110 2273 1277 2306 hominibus
1291 2271 1405 2312 astutis.
1417 2273 1525 2312 Itaque
1533 2267 1567 2312 se
1574 2267 1725 2312 suscepisse
1737 2268 1787 2302 hoc
1797 2282 1905 2304 munus
1918 2271 1990 2303 Phi-

1109 2326 1134 2357 lo
1133 2322 1241 2367 sophia
1250 2325 1375 2366 dignum
1387 2345 1397 2361 ‚
1419 2329 1452 2354 ut
1461 2318 1625 2362 praeferret
1635 2331 1691 2351 non
1703 2320 1876 2353 videntibus
1887 2322 1991 2353 lumen

1105 2372 1269 2417 sapientiae
1279 2397 1289 2413 ,
1301 2384 1358 2404 non
1365 2370 1459 2413 solum
1469 2379 1503 2403 ut
1508 2367 1654 2412 susceptis
1664 2372 1793 2401 Deorum
1800 2370 1928 2403 cultibus
1941 2383 1987 2404 re-

1104 2421 1267 2467 sanescant
1278 2447 1288 2462 ,
1309 2420 1367 2464 sed
1379 2426 1470 2454 etiam
1481 2429 1514 2452 ut
1523 2425 1672 2460 pertinaci
1683 2417 1872 2458 obstinatione
1882 2419 1990 2461 deposi-

1110 2483 1144 2506 ta
1152 2478 1280 2514 eorporis
1290 2475 1502 2504 cruciamenta
1512 2470 1650 2502 devitent
1659 2493 1668 2508 ‚
1678 2467 1839 2511 necsaevas
1851 2470 1990 2503 membro-

1109 2535 1176 2556 rum
1185 2524 1376 2556 latenti-ones
1392 2519 1510 2562 frustra
1527 2524 1646 2560 perpeti
1669 2519 1774 2551 velint.
1803 2520 1830 2552 F
1831 2521 1900 2553 asta
1915 2521 1990 2553 sunt

1110 2572 1173 2606 haec
1186 2571 1308 2607 Christi
1321 2570 1461 2605 Domini
1472 2568 1698 2603 trecentesimo
1709 2567 1853 2603 secundo
1865 2594 1875 2609 ‚
1888 2569 1990 2612 Impe·

1110 2623 1224 2657 ratoris
1232 2620 1437 2655 Diocletiani
1447 2630 1535 2653 anno
1543 2618 1674 2652 decimo
1682 2619 1890 2653 nonotTunc
1900 2621 1989 2653 enim

1110 2672 1165 2706 hic
1176 2671 1309 2706 feralem
1321 2670 1548 2705 carnificinam
1560 2669 1595 2702 in
1609 2666 1818 2703 Christianos
1828 2670 1990 2708 exercuit,

1108 2724 1143 2757 δε
1153 2734 1209 2757 om
1215 2734 1272 2756 nes
1283 2723 1423 2765 ipsorum
1438 2719 1588 2756 Basilicas
1598 2718 1684 2760 Juffit
1694 2719 1808 2758 everti,
1816 2719 1991 2761 praesertim

1109 2771 1315 2806 Nicomediae
1327 2795 1337 2811 ‚
1363 2770 1420 2804 ubi
1430 2770 1591 2804 eximium
1602 2768 1768 2802 Palatium
1782 2777 1968 2803 extruxerat
1979 2793 1990 2809 ,

1106 2823 1139 2857 δε
1151 2822 1262 2866 passim
1275 2819 1449 2855 habitabat.
1479 2819 1549 2853 Hic
1570 2818 1710 2863 degebat
1730 2818 1829 2851 etiarn
1842 2817 1988 2862 Porphy-

1105 2873 1171 2906 rius
1184 2886 1192 2915 ;
1220 2871 1337 2916 agebat
1348 2870 1470 2904 Palatii
1483 2869 1629 2903 Soricem
1645 2892 1654 2907 ,
1676 2880 1713 2901 ac
1736 2871 1864 2900 iliarum
1877 2867 1989 2901 libidi-

2010 1052 2079 1089 Ctlp.
2092 1060 2116 1078 2.

1075 2942 1084 2952 ι
1106 2933 1187 2956 num
1198 2921 1422 2965 expletionem
1434 2918 1620 2953 venabatur.
1633 2918 1726 2950 Hinc
1737 2916 1892 2951 belluinis
1907 2918 1988 2951 Dio-

1103 2972 1238 3007 cletiani
1253 2972 1287 3005 in
1301 2982 1361 3004 nos
1373 2970 1496 3004 Edistis
1508 2969 1656 3002 adulatus
1667 2965 1712 3000 est
1726 2990 1735 3006 ‚
1748 2967 1782 3000 ὃς
1797 2968 1862 3011 ipsa
1874 2967 1988 3010 justifi-

1086 3036 1088 3061 ;
1102 3032 1232 3056 caturus
1243 3021 1391 3055 evomuit
1399 3030 1461 3053 tres
1472 3018 1587 3052 Libros
1596 3014 1868 3059 blasphemiarum
1880 3018 1915 3050 in
1929 3029 1987 3051 no-

1103 3083 1179 3106 men
1201 3070 1437 3105 Christianum.
1465 3067 1624 3101 Evomuit
1646 3064 1871 3101 Christianam
1893 3068 1984 3102 Reli-

1103 3123 1241 3167 gionem
1250 3120 1315 3154 effe
1324 3125 1448 3161 impiam
1461 3118 1495 3150 (at
1515 3117 1624 3149 anilem
1640 3113 1886 3158 superstitionem.
1915 3117 1985 3151 Sui-

1105 3172 1161 3206 das
1173 3171 1311 3204 affirmat
1323 3181 1392 3203 non
1404 3178 1468 3202 tres
1482 3190 1492 3206 ‚
1503 3165 1556 3200 sed
1568 3165 1682 3199 decem
1693 3167 1726 3199 ὅ(
1738 3167 1861 3209 septem
1873 3166 1985 3210 hujus-

1103 3221 1197 3255 modi
1208 3219 1326 3253 Libros
1335 3218 1505 3252 evomitos.
1532 3216 1576 3249 Et
1588 3216 1799 3249 Cesaraeenfis
1819 3217 1982 3252 Eusebius

1104 3271 1201 3305 nobis
1213 3268 1390 3312 supradixit
1412 3267 1517 3310 ipsum
1540 3277 1607 3299 non
1630 3265 1715 3309 apud
1730 3265 1897 3309 Bithyniae
1909 3268 1983 3301 Me-

1104 3320 1261 3364 tropolim
1273 3317 1508 3352 Nicomediam
1520 3340 1531 3355 ‚
1554 3316 1655 3350 sedin
1668 3315 1779 3349 Sicilia
1792 3317 1982 3350 evomuisse.

1105 3373 1148 3405 Et
1158 3383 1199 3405 ex
1212 3368 1272 3402 hac
1285 3368 1371 3411 quafi
1385 3365 1607 3401 discordantia
1628 3366 1749 3409 scripsit
1771 3367 1878 3400 forsan
1893 3368 1925 3399 in
1942 3368 1984 3400 se-

1105 3419 1216 3454 cundo
1229 3419 1512 3452 Retrastationum
1523 3415 1625 3450 Libro
1638 3417 1763 3450 sanstus
1776 3415 1983 3460 Augustinus

1105 3471 1146 3504 de
1169 3467 1364 3513 quibusdam
1383 3468 1401 3502 a
1425 3464 1614 3511 Porphyrio
1641 3466 1812 3510 propositis
1834 3466 1984 3546 adkersus

1892 3525 1983 3547 Ὕπη-

2000 3447 2121 3486 Cap31.
