2346 3776
624 99 1071 153 DissmTATm
1119 93 1537 151 Pnooenmms.

165 174 303 215 solemni
315 172 512 210 Poenitentia
521 170 671 219 dignum.
692 173 736 208 Et
745 173 922 208 Ministerii
930 178 1043 219 repeti-

166 226 297 262 tionem
307 226 370 260 effe
379 222 537 260 ambitum
545 234 631 257 vanae
640 223 757 269 gloriae.
786 224 898 258 Etiam
910 222 987 259 hinc
998 229 1043 262 as-

167 276 244 311 serit
254 276 333 310 istos
344 284 410 308 non
422 273 483 307 effe
496 272 529 306 in
541 271 711 309 Charitate
729 275 894 318 perfestos.
922 274 1043 311 Rursus

166 326 300 363 Canon.
326 327 384 357 Bis
405 331 504 356 autem
508 320 615 365 ficffi‘ct't
632 327 811 358 Communia.
839 324 955 359 Sensus
975 326 1040 360 est:

167 373 284 421 Praeter
292 382 476 417 perpetuam
487 373 698 408 cessationem
711 374 804 419 possit
815 374 880 408 illis
891 373 999 420 infligi
1011 377 1044 411 &

166 424 297 470 publica
306 421 514 459 Paenitentia.
542 422 669 461 Verum
684 423 894 468 indulgemus
910 424 944 461 &
955 425 1046 460 volu-

167 484 241 508 mus
251 473 337 515 ipsos
347 483 426 506 mox
446 471 564 508 donari
582 473 679 519 plena
699 474 949 509 Communione
969 500 980 517 ,
1006 488 1043 510 ac

166 521 388 566 perfestiffima
399 522 708 564 Reconciliatione,
732 522 777 558 ob
796 522 879 558 duas
901 526 1044 560 caussas:

165 571 277 607 Prima
287 571 333 605 est
341 596 353 613 ,
363 583 404 607 ne
413 571 535 616 duplex
545 584 640 617 poena
651 573 796 608 videatur
807 573 921 608 durior
932 599 942 615 ,
953 575 1044 611 ideo-

164 632 230 665 que
248 622 334 666 ipsos
351 621 477 668 affligat
488 623 629 658 nimiam
638 648 650 665 ,
673 622 771 663 &det
782 625 894 658 ansam
907 626 1046 670 praecipi-

164 671 259 706 tandi
270 672 304 705 in
316 670 506 708 dissolutam
516 674 627 708 vitam.
655 671 768 707 Altera
790 673 884 710 istius
895 674 1047 709 Clemen-

163 720 220 756 tiae
230 722 336 757 causta
356 722 425 763 est,
449 734 492 758 ne
512 723 585 767 quis
606 735 649 758 ex
668 723 792 767 duplici
811 735 907 767 poena
926 726 1049 768 accipe-

165 780 215 806 ret
225 772 430 809 occasionem
440 773 597 816 querendi
607 774 640 808 δε
650 773 852 808 lamentandi
864 775 895 809 se
906 775 1027 812 remitti
1038 800 1048 816 ‚

168 821 227 856 seu
238 820 337 864 abjici
346 821 436 855 extra
448 821 626 857 Ecclesiam
637 847 650 863 ,
674 824 707 858 &
717 824 803 867 quasi
822 825 899 869 cogi
920 824 961 859 ad
973 836 1048 868 apo-

165 870 361 905 statandum.
388 870 532 906 Proinde
541 870 609 907 haec
619 872 829 918 Indulgentia
850 875 912 909 fuit
923 874 1050 919 dispen-

165 920 290 954 satoria.
319 920 364 954 Et
374 918 453 955 hinc
465 921 586 957 Canon
595 922 747 969 adjungit
757 937 769 957 .-
791 926 857 968 .Qui
864 926 984 967 quldem
994 937 1049 958 om-

173 981 228 1004 nes
233 970 376 1012 probrum
386 971 420 1007 &¹
429 976 620 1015 ignominiam
626 972 795 1007 babuerunt
806 998 817 1015 ,
843 976 901 1009 (σε.
935 975 1051 1010 Sensus

165 1019 212 1054 est
230 1032 238 1053 ε
263 1019 327 1054 Ista
348 1019 513 1064 Apostafia
525 1023 655 1057 nullum
666 1021 765 1058 habet
775 1024 1027 1059 fundamentum
1041 1036 1049 1066 ς

162 1070 206 1104 fit
226 1080 268 1103 ex
290 1070 481 1106 infirmitate
504 1071 684 1108 Christiani
712 1073 867 1108 AEdificii
891 1099 901 1114 ‚
927 1075 961 1109 &
985 1073 1049 1109 alte

162 1119 284 1154 clamat
296 1119 479 1156 istiusmodi
491 1122 640 1157 Clericos
659 1123 678 1157 a
700 1125 858 1167 perfetta,
883 1124 924 1159 de
934 1136 996 1168 qua
1018 1124 1048 1157 se

164 1168 287 1213 jastant
299 1194 310 1209 ,
321 1169 491 1204 Charitate
504 1171 684 1215 plurimum
697 1172 808 1208 abesse.
836 1174 982 1208 Proinde
993 1185 1049 1207 no-

164 1218 226 1253 stra
239 1218 448 1264 Indulgentia
457 1222 503 1255 est
515 1233 602 1255 mera
622 1223 734 1266 gratia.
762 1224 806 1256 Et
827 1221 906 1257 hinc
928 1225 1049 1258 iterum

160 1267 319 1303 discimus
331 1270 424 1303 varia.
451 1269 563 1303 Primo
576 1294 586 1309 ‚
612 1270 702 1314 quod
724 1271 773 1303 sui
793 1271 933 1306 Oblatio
953 1273 1048 1307 fuerit

165 1318 268 1363 longe
276 1319 403 1361 gravius
413 1328 583 1360 peccatum
595 1320 630 1352 in
642 1319 793 1360 Glerico,
816 1322 915 1364 quam
930 1323 964 1356 in
976 1322 1049 1356 Lai-

162 1376 214 1404 co.
243 1367 374 1400 Deinde
385 1391 395 1407 ,
414 1366 504 1411 quod
515 1368 651 1412 antiqua
664 1369 848 1413 Disciplina
861 1371 986 1406 nullam
999 1372 1047 1406 illi

162 1417 353 1460 imposuerit
375 1417 630 1458 Poenitentiam,
655 1418 710 1453 sed
728 1431 809 1454 mox
832 1421 927 1464 plene
945 1421 1049 1456 absol-

162 1467 253 1502 verit.
280 1466 415 1507 Tertio,
449 1467 538 1511 quod
553 1468 610 1503 ista
623 1470 728 1503 forma
739 1468 920 1505 obtinuerit
932 1472 967 1505 in
980 1471 1049 1515 plu-

160 1515 251 1552 ribus
261 1516 452 1552 mortalibus
472 1519 620 1560 peccatis.
651 1518 777 1554 Eorum
800 1519 1047 1555 satifactionem

160 1566 305 1601 Ecclesia
316 1567 522 1611 permittebat
542 1568 676 1612 proprio
687 1568 887 1604 Poenitentis
911 1570 1048 1605 arbitrio

160 1616 358 1660 explendam
370 1617 441 1660 post
453 1617 717 1653 AbsolutIonem.
731 1619 861 1667 Qarto
871 1619 1026 1655 discimus
1039 1646 1049 1661 ,

159 1666 251 1712 quod
262 1666 404 1703 Ecclesia
415 1667 449 1703 id
472 1669 585 1705 fecerit
607 1680 650 1702 ex
669 1670 955 1705 commiseratione
974 1671 1048 1716 erga

160 1716 394 1759 poenitentium
404 1743 414 1758 ,
440 1719 541 1753 etiarn
553 1718 762 1755 Clericorurn
776 1744 786 1760 ‚
798 1720 946 1754 infirmas
956 1722 1046 1755 vires.

161 1764 295 1814 Qinto
310 1765 488 1807 discimus,
513 1768 603 1811 quod
624 1770 659 1802 in
683 1770 953 1806 Reconciliandis
980 1782 1048 1805 non

161 1815 348 1859 exquisierit
358 1825 464 1851 tantas
473 1818 607 1851 correcti
619 1818 720 1852 animi
742 1819 776 1854 &
794 1818 924 1861 justitiae
945 1821 1028 1854 vires
1039 1845 1049 1861 ,

161 1876 232 1909 quae
240 1865 348 1908 postea
360 1866 503 1900 valerent
513 1865 616 1901 omne
626 1876 798 1911 peccatum
813 1868 950 1902 mortale
977 1869 1049 1902 vin-

157 1926 240 1949 cere.
275 1914 627 1964 Qinimmoinfirmis
649 1916 771 1951 viribus
782 1916 870 1952 adeo
887 1918 1021 1953 cavebat
1032 1944 1043 1960 ,

159 1976 199 1999 ut
219 1975 278 1998 nec
298 1975 355 2009 per
374 1965 609 2002 Satisfaffionis
625 1965 782 2002 duritiam
802 1966 954 2011 praeberet
975 1968 1042 2004 illis

162 2014 247 2058 quid
257 2014 444 2050 occafionis.

266 2214 743 2281 CANON
817 2218 937 2282 XI·

160 2322 394 2464 QUI
429 2328 546 2374 enim
571 2325 759 2394 primum
784 2328 830 2375 in
853 2325 1048 2394 persecu-

342 2398 474 2444 tionis
500 2395 665 2446 fervore
687 2395 958 2464 prosilierunt
984 2401 1047 2461 ju-

343 2463 507 2513 dicium
519 2466 839 2515 circumstantes
851 2503 864 2526 ,
885 2471 928 2516 &
954 2465 1046 2514 san-

159 2536 249 2582 &os
272 2539 514 2602 Martyres,
550 2538 628 2602 qui
664 2535 720 2584 ad
756 2535 953 2585 bravium
983 2534 1045 2584 su-

159 2621 299 2671 pernae
332 2607 576 2654 vocationis
612 2605 866 2659 festinabant
887 2643 901 2666 ‚
936 2605 1046 2674 aspi-

158 2676 324 2723 cientes
334 2711 346 2734 ,
371 2674 547 2724 honesta
558 2676 832 2725 aemulatione
845 2678 1017 2725 incitati
1031 2714 1043 2736 ‚

158 2741 201 2792 se
224 2743 336 2812 ipsos
361 2743 417 2793 ad
440 2744 523 2794 hoc
538 2743 815 2802 tradiderunt
837 2784 850 2807 ,
887 2763 1043 2814 magna

157 2813 360 2863 libertate
381 2830 549 2864 utentes
571 2851 585 2874 ,
621 2815 807 2866 maxime
844 2815 1042 2866 videntes

156 2901 232 2933 eos
256 2886 334 2951 qui
353 2883 705 2937 subtrahebantur
729 2886 841 2946 labi,
866 2902 1043 2954 propter

156 2972 271 3020 quos
294 2954 473 3002 interius
508 2957 723 3016 excitati,
770 2961 814 3005 ὅτ,
848 2956 1041 3023 quodam

158 3025 295 3073 veluti
316 3022 420 3073 sono
445 3024 613 3091 impulsi
648 3024 704 3073 ad
736 3024 1041 3076 debellandum

160 3090 202 3142 se
223 3092 495 3154 efferentem,
520 3098 563 3142 &
588 3092 900 3155 adversarium,
927 3095 1041 3145 adid

158 3162 474 3224 comedebant,
509 3180 562 3212 ne
586 3163 701 3231 apud
726 3163 765 3214 se
785 3164 971 3233 prudens
981 3165 1043 3215 es-

162 3230 204 3280 se
221 3232 437 3283 videretur
470 3270 484 3293 ‚
528 3232 590 3282 ob
623 3251 674 3282 ea
699 3235 745 3282 in
771 3234 929 3301 quibus
953 3240 1042 3301 ejus

161 3301 401 3353 calliditate
436 3302 657 3352 inferiores
690 3302 771 3353 effe
807 3305 884 3353 visi
919 3304 1041 3366 sunt,

161 3371 511 3441 etiamfiseipsum
524 3376 643 3423 vinci
657 3373 714 3422 ab
734 3377 812 3434 iis,
847 3378 927 3442 qui
952 3374 1042 3425 scu-

1925 125 1992 156 ιιι

1103 178 1246 243 gladii=
1260 180 1422 238 aciem,
1456 183 1499 228 δε
1524 174 1640 242 ignis
1661 172 1988 244 ustulationem‚

1103 254 1146 299 &
1181 267 1388 317 aquarum
1425 248 1713 298 immersiones
1744 250 1992 301 constanter

1105 321 1294 368 tulerunt
1306 356 1319 380 ‚
1345 337 1443 368 eum
1457 320 1584 369 latuit
1600 339 1611 368 ε
1627 321 1685 369 Iis
1698 335 1876 386 quoque
1888 324 1992 384 qui,

1105 405 1152 437 ut
1177 407 1228 438 ex
1252 389 1336 438 fide
1359 407 1505 458 preces
1529 394 1572 439 δε
1606 391 1825 439 orationes
1861 386 1994 448 fiant,

1106 457 1414 526 persequuntur
1425 496 1440 520 ,
1464 460 1535 509 vel
1548 478 1628 527 pro
1641 461 1693 507 iis
1706 461 1784 526 qui
1798 461 1843 508 in
1856 455 1995 506 custo-

1106 528 1179 578 dia
1203 531 1348 597 puniti
1374 528 1496 590 sunt,
1532 534 1574 579 &
1601 528 1626 577 a
1642 530 1754 578 fame
1770 528 1996 578 &lititra-

1106 599 1191 648 diti
1215 598 1336 660 sunt,
1371 601 1442 649 vel
1466 617 1548 668 pro
1565 602 1618 648 iis
1632 602 1710 666 qui
1723 614 1842 648 extra
1857 597 1995 647 custo-

1107 668 1226 718 diam
1263 669 1435 719 scuticis
1471 674 1514 719 &
1550 670 1731 732 flagellis
1762 671 1807 716 in
1831 668 1996 733 judicio

1110 742 1216 788 torti
1242 738 1363 800 sunt,
1388 739 1533 809 postea
1558 736 1743 788 autema
1759 740 1996 787 carnisim-

1112 809 1350 859 becillitate
1373 812 1478 860 viffl
1503 809 1642 871 fuere,
1666 825 1836 876 aequum
1849 806 1909 857 est
1923 824 1998 855 an-

1110 896 1251 927 nuere.
1287 885 1402 931 Cum
1431 882 1484 928 iis
1509 883 1627 930 enim
1650 882 1729 948 qui
1754 880 1903 942 lugent
1919 914 1933 938 ,
1955 881 1998 925 &

1110 965 1293 998 moerent
1314 986 1328 1009 ‚
1363 967 1443 1017 pro
1478 952 1531 999 iis
1566 952 1644 1017 qui
1680 952 1726 999 in
1762 950 2000 998 certamine

1109 1021 1213 1067 vieti
1237 1017 1333 1067 sunt
1360 1018 1386 1067 a
1413 1022 1580 1082 magnis
1606 1021 1788 1083 maligni
1814 1017 2020 1072 Diaboli,

1109 1089 1295 1149 viribus,
1317 1088 1403 1137 five
1426 1106 1506 1156 pro
1530 1089 1805 1156 parentibus,
1830 1089 1901 1137 vel
1916 1087 2000 1135 fra-

1110 1157 1247 1207 tribus
1270 1195 1284 1218 ‚
1321 1159 1390 1208 vel
1415 1158 1561 1207 liberis
1587 1195 1601 1219 ,
1636 1156 1720 1206 una
1744 1157 1916 1217 dolere,
1955 1160 1999 1205 ὅτ.

1110 1228 1282 1276 tristitia
1306 1227 1419 1276 affici
1442 1230 1660 1277 neminem
1673 1230 1912 1294 quicquam
1926 1243 2000 1294 pe-

1111 1300 1224 1347 nitus
1249 1297 1380 1346 laedit.
1416 1301 1579 1347 Scimus
1599 1300 1716 1348 enim
1742 1300 1877 1347 etiam
1899 1314 2001 1364 pro-

1112 1384 1207 1435 pter
1239 1369 1420 1416 aliorum
1454 1367 1585 1417 fidem
1610 1405 1623 1428 ‚
1673 1367 1884 1435 quosdam
1917 1364 2001 1415 esse

1114 1442 1198 1487 Dei
1223 1438 1466 1486 bonitatem
1490 1437 1721 1497 affecutOS,
1758 1442 1800 1486 &
1826 1440 1872 1484 in
1930 1453 2001 1484 ec-

1110 1523 1306 1557 catorum
1326 1506 1589 1567 remissione,
1613 1511 1656 1555 &
1674 1509 1868 1574 corporis
1890 1455 2001 1553 iani-

1111 1593 1201 1627 t‘ate
1226 1614 1239 1637 ,
1286 1582 1329 1626 &
1377 1593 1648 1626 mortuorum
1684 1576 1998 1626 resurrectione.

1114 1654 1325 1700 Memores
1349 1649 1499 1714 itaque
1525 1648 1761 1696 multorum
1776 1646 1974 1696 laborum
1986 1682 1999 1706 ‚

1110 1723 1152 1767 &
1177 1716 1464 1778 miseriarum,
1499 1733 1608 1785 quas
1630 1736 1710 1785 pro
1734 1717 1895 1766 Christi
1916 1717 2001 1765 'no-

1111 1790 1226 1837 mine
1250 1787 1530 1836 sustinuerunt
1551 1824 1566 1848 ,
1613 1805 1712 1836 cum
1749 1787 1828 1855 ipsi
1862 1789 2000 1836 etiam

1112 1860 1419 1924 poenitentiam
1441 1859 1633 1920 egerint,
1669 1862 1711 1906 &
1737 1855 1859 1924 quod
1895 1856 1920 1905 a
1958 1855 2000 1906 se

1113 1927 1270 1976 saelum
1295 1926 1357 1975 est
1381 1943 1456 1994 per
1479 1925 1772 1995 proditionem
1786 1929 1831 1975 in
1844 1945 2001 1994 corpo-

1112 1999 1168 2045 ris
1195 1997 1400 2059 languore
1425 2001 1467 2045 &
1504 1996 1836 2046 mortificatione
1868 1996 2000 2046 defle-

1111 2068 1279 2125 verint,
1315 2070 1359 2114 &
1383 2064 1422 2114 se
1449 2082 1652 2133 praeterea
1687 2066 1916 2127 testentur,
1953 2070 2000 2116 in

1113 2139 1205 2186 vita
1234 2134 1305 2184 sua
1331 2133 1449 2185 fuisse
1476 2134 1501 2184 a
1527 2138 1710 2186 civitate
1734 2138 1922 2198 alie'nos,
1950 2137 2002 2186 fi-

1114 2207 1201 2256 mul
1226 2225 1423 2268 oremus,
1460 2211 1503 2256 &
1527 2207 1786 2276 postulemus
1823 2227 1902 2276 pro
1927 2225 2001 2258 eo-

1114 2295 1208 2327 rum
1245 2279 1598 2329 reconciliatione
1635 2297 1734 2327 cum
1774 2280 1870 2327 aliis
1906 2297 2005 2344 quae

1107 2348 1241 2399 decet
1267 2366 1343 2417 per
1368 2366 1468 2398 eum
1492 2351 1570 2416 qui
1595 2349 1656 2399 est
1691 2348 1815 2398 nobis
1851 2347 2005 2398 Advo-

1112 2435 1235 2467 catus
1260 2418 1376 2487 apud
1400 2422 1597 2480 Patrem,
1624 2417 1665 2468 se
1676 2419 1829 2467 nostris
1852 2436 2005 2486 pecca-

1112 2492 1169 2538 tis
1195 2491 1435 2557 propitium
1448 2488 1735 2538 exhibentem.
1763 2488 2004 2556 Etsrquis,

1112 2561 1258 2627 inquit
1272 2596 1285 2619 ,
1320 2562 1569 2627 peccaverit
1592 2595 1606 2619 ,
1656 2558 1862 2608 habemus
1911 2557 2005 2606 Ad-

1113 2645 1322 2679 vocatum
1372 2628 1487 2696 apud
1534 2633 1707 2678 Patrem
1757 2635 1790 2694 J
1805 2632 2003 2678 ESUM

1109 2700 1515 2749 CHRISTUM
1561 2699 1753 2763 justum:
1804 2699 1916 2746 &is
1941 2696 2003 2745 est

1108 2772 1373 2837 propitiatio
1397 2787 1477 2837 pro
1504 2772 1694 2837 peccatis
1720 2767 1885 2818 nostris.

1267 2910 1837 2959 SCHOLION.

1183 3017 1236 3052 An
1243 3020 1310 3052 stus
1321 3019 1435 3053 Petrus
1447 3019 1547 3053 edicit
1562 3018 1704 3052 caussam
1716 3029 1755 3052 ex
1766 3028 1830 3061 qua
1846 3017 1929 3052 olim
1941 3018 2000 3052 ah*-

1195 3069 1252 3112 qui
1276 3069 1476 3112 semet-ipsos
1492 3069 1664 3110 Tyrannis
1674 3067 1876 3102 obtulerunt.
1905 3068 1999 3115 Qia

1110 3118 1227 3161 nempe
1240 3117 1491 3152 circumstabant
1512 3117 1667 3160 Tyranni
1691 3117 1834 3152 tribunal
1853 3127 1908 3151 aut
1929 3119 1999 3162 sup-

1108 3167 1198 3211 plicii
1213 3167 1325 3202 locum
1338 3192 1348 3207 ‚
1370 3168 1403 3201 a&
1413 3166 1572 3211 quosdam
1583 3167 1651 3201 illic
1665 3168 1830 3210 Martyres
1842 3166 1997 3202 videbant

1107 3217 1410 3255 constantissimos,
1435 3216 1640 3260 quosdamin
1668 3217 1808 3261 Lapsurn
1830 3218 1998 3261 cespitare.

1107 3269 1199 3302 Hinc
1212 3266 1350 3310 quidam
1360 3265 1401 3301 ad
1412 3266 1487 3302 illos
1511 3267 1712 3307 imitandos,
1740 3268 1774 3301 ὅ(
1798 3269 1830 3301 se
1851 3267 1997 3310 ipsorum

1103 3318 1218 3363 gloriae
1228 3315 1401 3350 sociandos
1411 3341 1421 3355 ,
1439 3316 1573 3361 quidam
1586 3317 1626 3351 ad
1641 3315 1737 3351 hosce
1747 3316 1996 3352 confirmandos

1105 3367 1169 3402 sese
1188 3365 1381 3400 offerebant.
1409 3367 1447 3400 In
1470 3366 1520 3400 his
1542 3367 1681 3401 infirmis
1707 3367 1861 3402 videbant
1889 3366 1998 3400 valere

1105 3427 1305 3452 tentatorem
1318 3414 1500 3450 Diabolum
1512 3430 1524 3458 ;
1539 3429 1580 3451 ne
1590 3416 1763 3460 prevaleret
1775 3417 1996 3459 adjunxerunt

162 3443 344 3491 ticarum
365 3444 716 3513 flagellorumque
739 3460 979 3510 tormenta,
1001 3450 1054 3498 &⁴
1111 3468 1142 3503 se
1165 3467 1232 3506 istis
1251 3466 1408 3508 infirmis,
1435 3477 1533 3512 atque
1557 3468 1600 3503 ita
1619 3468 1784 3512 sperarunt
1804 3464 1995 3501 firmandos.

1889 3514 1998 3556 Spera«
