2346 3776
31 538 68 568 C.
86 545 130 568 ιο.

33 802 149 837 Lr-c.5.

32 918 168 951 Iahmzm

32 996 118 1035 Epist.
138 1005 187 1039 33.

29 1045 77 1070 ca2
84 1048 108 1066 1.

31 1149 146 1186 Act-1⁶..

29 1268 61 1302 L
72 1277 96 1296 ι.
110 1270 165 1302 6.,8.

28 1381 166 1422 Lan-§2311

560 144 872 202 ὃοΗοωιε,
899 159 978 196 n’r
1003 157 1194 194 noTrs
1220 146 1640 194 rttssus‘rRA‘i-r·

204 226 369 274 Legatum
381 250 392 268 ,
417 224 527 272 quiex
539 225 667 270 legibus
678 225 853 266 Romanis,
864 237 902 259 ac
911 225 975 268 jam
989 225 1082 260 distis

204 277 436 313 Romanorum
447 276 650 311 Pontificum
663 277 806 320 antiquis
820 275 974 319 Epistolis
998 277 1082 310 varia

205 319 348 373 capitula
370 326 539 373 collegerit
551 350 562 366 ,
586 326 804 371 detuleritque
828 325 870 360 ad
888 325 1082 369 synodum,

205 380 240 414 δε
260 378 334 412 licet
343 375 411 411 haec
423 376 566 420 probarit
576 377 644 411 sola
655 377 774 422 viginti
787 402 797 417 ,
821 376 982 419 pluraille
1004 376 1083 411 hinc

204 428 285 463 inde
296 427 454 472 vulgarit.
482 426 583 462 Hanc
593 428 788 472 opinionem
806 425 889 460 dicit
910 426 996 470 apud
1017 439 1080 461 ma⁴

203 478 289 524 jores
297 477 391 512 fuisse
402 477 640 512 nonincertarn
653 503 660 510 .
687 477 790 521 Cujus
803 477 848 511 rei
871 476 951 511 fides
975 477 1013 514 fit
1034 489 1084 522 pe-

205 540 263 568 nes
288 527 530 566 Hinctnarum.
559 527 733 578 Qidquid
758 528 816 568 fit,
841 538 882 560 ex
894 526 989 561 dictis
1015 528 1081 571 epi-

204 578 319 618 stolis,
344 587 459 622 utpote
473 578 572 623 longe
592 577 664 622 post
677 578 784 619 natis,
809 587 976 620 nequeunt
998 577 1084 621 capi-

203 628 272 668 tula
284 628 378 663 fuisse
405 629 541 663 collecia
554 653 561 661 .

256 678 509 722 Adstipulantur
521 678 616 712 nobis
624 678 725 712 etiam
734 677 911 721 Scriptores
922 678 1084 713 Hincma-

202 740 240 765 ro
251 729 471 772 antiquiores.
498 730 647 763 Socrates
658 728 846 771 fimpliciter
866 727 947 761 dicit
967 728 1083 763 Nicaeae

201 778 359 818 conditos
386 780 542 813 Canones
560 804 567 811 .
595 780 801 817 Zozomenus
826 789 882 813 eos
902 777 985 816 dicit
1009 776 1027 810 a
1054 778 1085 810 se

204 840 276 862 non
302 828 446 869 adduci,
472 828 564 872 quod
589 828 717 862 exstent
743 829 829 871 apud
855 827 980 872 plures,
1006 828 1041 863 ,δε
1066 827 1084 864 ὲ

206 879 323 922 quovis
349 877 447 912 facile
458 877 578 922 poffint
603 877 731 918 haberi.
760 878 808 914 At
834 879 913 912 vero
930 878 1084 911 Ruffinus

202 929 250 966 ait
262 928 355 967 fuisse
367 927 454 961 solos
481 927 717 972 vigintiduos,
744 928 855 968 idest,
883 928 1010 961 nostros
1037 927 1081 960 vi-

202 978 312 1022 ginti:
339 977 435 1011 Duos
447 977 536 1017 enim
551 1001 562 1017 ,
591 978 681 1022 quod
708 979 958 1015 &Hincmarus
979 977 1084 1011 adver-

201 1022 266 1069 tit,
292 1027 485 1071 bipartitur.
513 1028 581 1062 Eos
602 1028 688 1065 varie
697 1029 808 1072 partiri
831 1029 876 1063 est
888 1028 1083 1069 antiquum:

202 1078 244 1112 In
270 1078 408 1121 Synodo
434 1077 694 1116 Chalcedonensl
727 1079 828 1113 etiarn
854 1076 1084 1119 paschasinus,

202 1127 422 1171 Lilybetanus
445 1129 648 1172 Episcopus,
674 1140 712 1163 ac
733 1130 893 1167 Romanae
922 1127 1014 1168 Sedis
1025 1128 1082 1161 Le—

199 1189 320 1227 garus,
348 1180 476 1212 sextum
502 1190 540 1212 ac
567 1179 740 1222 septimum
766 1179 876 1224 jungit
901 1179 937 1212 in
961 1188 1082 1212 unum.

203 1228 346 1262 Alexius
358 1228 526 1262 Aristinus
539 1230 618 1267 facit
631 1229 749 1273 viginti
761 1235 906 1271 quatuor
915 1252 926 1274 ,
936 1229 1081 1271 Symeon

202 1276 394 1322 Logotheta
417 1279 539 1321 viginti
565 1279 599 1316 ,ἀ
627 1290 748 1312 unum.
776 1278 961 1317 Restiffime
972 1276 1084 1311 Theo-

200 1327 335 1366 doretus
348 1340 355 1359 :
382 1326 525 1373 Episcopi
539 1326 643 1370 rurfics
656 1334 688 1361 in
700 1330 864 1361 Concilium
876 1333 1083 1361 convenientes

200 1378 242 1413 de
250 1376 509 1418 administratione
519 1377 714 1419 Ecclesiastica
728 1382 865 1411 Canones
887 1384 999 1422 viginti
1021 1389 1084 1410 con-

197 1425 403 1470 scripserunt.
429 1427 535 1477 Qod
563 1429 669 1473 ipsum
694 1428 778 1471 dicit
791 1428 935 1470 Gelasius
948 1427 1084 1470 Cyzice-

201 1488 283 1511 nus.

252 1526 416 1566 Solvenda
441 1527 563 1561 restant
588 1536 781 1571 argumenta
813 1527 921 1562 Sansti
949 1526 1084 1567 Isidori,

201 1576 404 1620 Hispalensis
414 1576 593 1621 Episcopi,
611 1589 649 1611 ac
662 1577 803 1612 Domini
815 1577 1003 1612 Cardinalis
1017 1577 1082 1611 Cae-

202 1625 446 1667 sarisBaronii,
471 1628 709 1666 affirmantium
743 1627 836 1661 fuisse
847 1627 1004 1661 Canones
1016 1626 1082 1669 plu-

202 1686 274 1710 res.
300 1676 434 1715 Sanetus
446 1676 587 1716 Isidorus
612 1676 746 1711 adducit
771 1686 857 1717 tres,
883 1688 967 1720 quos
992 1686 1084 1724 putat

203 1736 276 1760 non
301 1726 365 1760 effe
388 1725 407 1759 ἐ
433 1726 550 1762 nostris
578 1727 696 1771 viginti
719 1751 726 1760 .
759 1725 890 1761 Primus
917 1728 962 1761 est
990 1751 1002 1767 ‚
1027 1727 1083 1770 qui

203 1786 473 1819 unamquamque
497 1777 662 1815 Dioecefin
676 1776 811 1816 mandat
832 1777 901 1821 regi
921 1777 939 1811 ὲ
953 1778 1012 1811 suo
1027 1776 1084 1815 Pa-

205 1824 371 1866 triarcha,
396 1825 632 1861 autPrimate:
659 1826 748 1867 Eum
768 1826 831 1860 effe
842 1827 1018 1861 Nicaenum
1039 1827 1073 1860 di

202 1875 285 1909 :ferte
307 1876 390 1915 dicit
411 1876 571 1910 secundus
593 1876 986 1919 Constantinopolitanus
999 1901 1006 1907 .
1033 1877 1085 1911 Se-

204 1925 334 1959 cundus
345 1925 389 1959 est
404 1924 445 1964 de
457 1925 615 1960 omnibus
628 1927 804 1965 Laicorurn
819 1951 830 1967 ,
854 1926 1062 1966 Clericorum
1075 1951 1085 1967 ,

204 1975 447 2023 Episcoporum
460 1976 562 2010 caufis
572 1976 787 2010 terminandis
806 1975 824 2009 a
836 1974 1017 2011 Provinciae
1027 1978 1087 2020 Sy-

203 2025 298 2066 nodo
311 2049 321 2065 ,
347 2025 577 2072 majorumque
587 2027 755 2068 causarum
766 2028 834 2066 fine
848 2026 1018 2062 referendo
1044 2026 1083 2061 ad

203 2074 322 2111 sedem
340 2073 592 2118 Apostolicam,
618 2087 717 2119 quem
740 2077 802 2112 effe
814 2075 990 2116 Nicaenum
1012 2077 1085 2111 scri—

202 2123 253 2159 bit
279 2124 415 2164 Sanetus
440 2125 654 2166 Innocentius
680 2126 803 2171 primus
827 2126 867 2162 ad
890 2127 1085 2166 Vistricium

202 2173 406 2218 Episcopum
417 2174 725 2221 Rothomagensem
740 2201 748 2209 .
774 2175 911 2210 Tertius
923 2177 968 2211 est
993 2176 1084 2211 deri·

201 2232 242 2258 tu
265 2223 301 2263 δε
328 2234 487 2268 computu
499 2224 670 2267 paschali,
697 2225 887 2268 circuloque
912 2226 1087 2261 decemno-

201 2272 295 2314 vali,
320 2285 420 2318 quem
441 2275 618 2310 Nicaenum
641 2277 702 2311 este
723 2275 834 2311 scribit
858 2276 992 2310 Sanctus
1008 2277 1086 2311 Am-

201 2323 329 2358 brosius
355 2324 389 2358 in
419 2324 537 2367 litteris
556 2326 597 2365 ad
622 2325 804 2376 Episcopos
830 2337 885 2376 per
905 2325 1084 2366 AEmiliam

203 2372 422 2410 constitutos.

255 2423 369 2459 Etiam
396 2425 583 2461 Cardinalis
609 2426 772 2467 Batonius
797 2426 932 2466 adducit
957 2427 1083 2462 varios.

202 2471 337 2508 Primus
347 2474 393 2508 est
404 2474 483 2516 ille,
508 2476 565 2519 qui
578 2475 739 2511 librorum
761 2476 1011 2512 canonicorum
1036 2489 1086 2511 ca-

201 2521 383 2567 thalogutn
393 2524 476 2561 texit
490 2549 501 2567 ‚
530 2525 571 2563 de
581 2536 647 2567 quo
660 2527 796 2564 Sanetus
806 2526 1036 2573 Hieronymus
1049 2528 1083 2560 in

203 2572 346 2617 prologo
359 2573 399 2608 ad
422 2573 543 2613 librum
556 2574 690 2618 Judith:
717 2581 804 2614 Hunc
824 2576 933 2613 librum
954 2577 1084 2616 synodus

205 2627 338 2656 Nicaena
349 2629 382 2656 in
395 2635 514 2658 numero
530 2623 708 2668 sandlamm
734 2628 957 2668 Scripturamm
977 2628 1084 2671 legitur

203 2674 376 2716 computaffe
387 2699 394 2706 .
420 2673 517 2708 Alter
527 2675 572 2714 est
585 2675 706 2713 Canon
725 2675 766 2713 de
779 2677 1017 2721 irregularitate
1031 2677 1082 2710 Bi-

204 2733 378 2767 gamorum
390 2747 401 2764 ,
427 2723 468 2761 de
483 2734 551 2768 quo
562 2725 697 2764 Sanctus
708 2725 900 2762 Ambrosius
909 2727 943 2760 in
957 2726 1082 2770 Episto-

203 2773 238 2806 la
247 2771 290 2806 ad
301 2772 477 2811 Ecclesiam
489 2774 731 2814 Vercellensem
745 2787 753 2809 :
780 2779 889 2810 Patres
899 2783 932 2809 in
953 2778 1083 2811 Concilio

204 2826 243 2859 N
245 2827 335 2855 icaeno
348 2822 497 2860 trac‘latus
507 2826 691 2861 addidesunt
701 2849 712 2865 ‚
736 2837 831 2871 neque
839 2827 974 2860 clericum
984 2839 1080 2869 quem-

204 2884 297 2915 quam
308 2872 410 2907 debere
421 2873 472 2916 effe
484 2898 494 2914 ,
519 2880 570 2919 qui
586 2873 716 2917 secunda
735 2875 1002 2924 conjuglasor‘n't'us
1019 2876 1077 2919 fit.

204 2922 343 2957 Tertius
352 2921 397 2955 est
409 2922 529 2961 Canon
549 2923 590 2959 de
602 2925 766 2963 Romanis
785 2926 1079 2969 appellationibus,

205 2972 248 3009 de
268 2984 336 3016 quo
347 2973 451 3015 Julius
471 2972 629 3008 Pontifex
641 2975 676 3011 in
689 2974 836 3018 Epistola
855 2975 896 3010 ad
906 2976 1079 3019 Synodum

205 3021 457 3056 Antiochenam
482 3024 633 3059 factionis
654 3025 844 3063 Eusebianae
867 3039 875 3059 ε
903 3025 1078 3073 Hujusmodi

204 3069 324 3112 Romae
346 3072 544 3116 appellandae
562 3072 734 3117 conficetudo
757 3076 825 3113 olim
837 3075 906 3117 fuit
925 3100 937 3117 ,
962 3076 1079 3120 ejusque

204 3128 346 3159 anemoria
368 3132 513 3157 renovata
536 3123 595 3167 est,
622 3125 656 3163 <5
670 3123 781 3172 scripto
791 3127 916 3168 prodita
926 3133 959 3163 ln
969 3139 1079 3175 magna

206 3173 313 3209 synodo
326 3197 337 3213 ‚
363 3173 477 3217 utique
500 3173 654 3208 Nicaena.
683 3174 826 3220 Qartus
838 3176 883 3209 est
897 3176 1017 3210 Canon
1038 3176 1078 3211 de

203 3222 368 3261 sacrificiis
395 3224 464 3267 post
492 3223 664 3267 prandium
690 3235 759 3262 non
781 3224 982 3263 celebrandis
1001 3250 1013 3271 ‚
1038 3225 1079 3263 de

204 3280 273 3311 quo
285 3271 434 3315 Synodus
446 3273 648 3318 Carthagine
655 3273 713 3307 nsis
725 3288 736 3311 ,.·
762 3274 869 3316 deside
881 3280 1002 3309 Nicaem·
1016 3285 1079 3310 erar

205 3320 307 3356 elatus
319 3324 491 3358 audivimus
502 3337 516 3367 ;
527 3316 648 3358 ”veram
672 3325 707 3358 (²5
727 3325 765 3358 de
770 3322 925 3368 sacrificiis
945 3325 1079 3364 inhiben-

206 3371 257 3405 dis
266 3369 329 3412 post
346 3374 510 3413 prandium
522 3398 532 3414 ,
558 3376 592 3412 1&
617 3384 706 3415 tunc,
733 3376 855 3411 &nunc
875 3375 1078 3417 confirmatum

204 3418 265 3460 est·
293 3419 374 3455 Haee
384 3421 478 3457 verba
503 3429 612 3464 Nunc,
636 3426 670 3458 (π
686 3434 756 3458 tunc
767 3425 838 3461 sunt
855 3425 963 3468 idem,
989 3426 1077 3470 quod

207 3470 425 3505 ErdNicaena
447 3475 572 3515 synodo,
601 3474 787 3515 (adnostrae.
815 3475 960 3523 Qattus
980 3476 1025 3509 est
1036 3475 1077 3510 de

207 3518 312 3559 modo
334 3519 508 3559 ‚scribendae
526 3523 680 3568 Epistolae
700 3526 844 3560 formatae
865 3525 906 3563 ad
926 3536 1077 3561 numeros

1855 161 1953 210 279

1149 223 1330 259 litterarum
1340 223 1524 258 Graecarum
1535 246 1546 263 ,
1555 233 1655 267 quem
1667 223 1730 257 effe
1746 221 1918 263 Nicaenum
1928 230 2021 265 testa-

1148 283 1201 308 tur
1223 274 1376 313 Atticus,
1403 272 1794 317 constantinopolitanus
1815 276 1996 321 Episcopus
2009 305 2020 321 ,
2041 300 2110 334 Dm·
2128 310 2160 338 ⁷3

1146 324 1181 357 in
1194 324 1310 358 litteris
1320 322 1522 361 exstantibus
1534 323 1620 367 apud
1633 323 1830 363 Gratianum
1842 350 1849 357 .
1876 328 2022 374 Qintus
2039 351 2063 373 ς,
2083 353 2107 372 1,
2131 322 2172 371 μ’

1145 374 1287 418 denique
1306 373 1352 412 est
1375 373 1494 411 Canon
1505 373 1640 414 firmans
1661 374 1830 412 Romanas
1851 375 2025 412 Evocatio-
2067 378 2071 379 ⁷

1147 435 1225 464 nes,
1249 435 1349 465 quem
1359 422 1535 463 Nicaenum
1547 425 1611 459 esse
1632 424 1745 464 scribit
1756 423 1991 465 Theodoretus
2013 451 2023 467 ,

1145 473 1187 508 de
1197 474 1286 518 Julio
1312 473 1475 511 Pontifice
1487 474 1707 517 appellantem
1719 474 1937 515 Athanasium
1949 500 1960 517 ,
1986 489 2023 511 ac

1146 523 1214 566 ejus
1224 523 1419 561 adversarios
1428 523 1553 566 judices
1565 524 1605 558 ad
1618 525 1711 558 suum
1723 525 1867 561 tribunal
1886 537 2026 566 evocan-

1146 585 1178 613 te
1188 573 1320 612 dicens:
1348 576 1470 611 Secutus
1481 573 1519 619 est
1531 573 1666 616 Ecclest'ae
1676 579 1828 614 (lunonem
1840 602 1847 608 .

1197 623 1271 658 Nec
1280 623 1396 662 desunt
1406 634 1601 669 argumenta
1613 624 1693 659 alia.
1725 625 1859 662 Etenim
1883 623 2024 664 secunda

1145 674 1300 716 Synodus
1310 673 1508 715 Arelatensis
1517 675 1692 714 confirmat
1704 675 1878 711 Canonem
1897 689 2026 724 magnae

1146 724 1271 766 Synodi
1284 749 1295 765 ,
1323 724 1486 768 quisalsos
1495 724 1632 759 fratrum
1644 726 1846 760 accusatores
1870 729 1971 772 usque
1982 718 2030 767 a&

1145 774 1271 808 exitum
1282 774 1743 818 suspenditacommunione.
1771 776 1898 821 Magna
1919 772 2028 820 Syno-

1145 823 1206 857 dus
1216 825 1260 858 est
1272 824 1426 868 Synodus
1439 824 1593 860 Nicaena:
1621 824 1682 859 Ille
1695 824 1740 859 est
1763 825 1832 869 ejus
1855 826 2026 863 familiaris

1146 874 1281 908 titulus.
1309 874 1524 915 Innocentius
1534 876 1658 918 primus
1679 875 1720 909 ad
1734 875 1909 919 Synodum
1923 876 2028 911 Tole-
2084 914 2090 921 ‚

1146 933 1258 959 tanam
1271 924 1380 962 scribit
1391 936 1447 964 eos
1459 950 1469 965 ,
1495 925 1554 969 qui
1575 924 1648 969 post
1663 924 1819 968 baptisma
1829 923 2004 961 militarint
2013 950 2026 967 ,
2042 913 2123 955 ¹39¹st·
2133 924 2178 953 23'

1146 975 1256 1008 causas
1274 975 1403 1019 egerint
1421 1000 1432 1017 ,
1458 975 1609 1010 coronati
1631 976 1751 1010 fuerint
1767 1000 1779 1017 ,
1806 976 2027 1016 sacerdotium

1146 1023 1358 1059 sustinuerint
1377 1049 1388 1066 ,
1427 1024 1591 1059 editiones
1625 1025 1773 1069 publicas
1809 1025 2026 1069 celebrarint,

1148 1073 1293 1118 itemque
1304 1086 1420 1110 omnes
1430 1075 1567 1109 curiales
1578 1099 1589 1115 ‚
1614 1075 1797 1113 ex'Nicaeni
1811 1077 1960 1116 ,Concilii
1971 1076 2028 1111 de-

1146 1134 1235 1158 creto
1247 1125 1311 1158 effe
1330 1124 1521 1169 irregulares
1530 1149 1537 1156 .
1567 1123 1801 1163 Theodosium
1815 1125 2003 1171 Augustum
2015 1151 2027 1167 ,

1146 1183 1183 1207 ut
1208 1173 1358 1208 Flaviani
1384 1174 1753 1219 Constantinopolitani
1792 1176 1948 1221 Episcopi
1970 1200 1980 1216 ‚
2007 1177 2028 1210 ὲ

1148 1223 1341 1259 Latrocinio
1369 1223 1536 1268 Ephesino
1562 1224 1712 1263 damnari
1733 1251 1744 1268 ‚
1769 1226 2027 1271 appellationem

1147 1273 1265 1311 Romae
1290 1276 1561 1320 tetrastarifinat,
1587 1285 1682 1321 urget
1702 1276 1837 1317 Sanstus
1863 1277 1935 1312 Leo
1963 1288 2030 1311 ma-

1147 1335 1232 1367 gnus
1244 1349 1254 1364 ,
1284 1324 1382 1368 idque
1403 1337 1444 1360 ex
1470 1326 1613 1366 Canone
1625 1327 1766 1366 Nicaeno
1777 1351 1790 1367 ,
1815 1339 1914 1371 quem
1927 1326 2029 1362 hodie

1148 1384 1216 1407 non
1244 1373 1402 1413 habemus
1417 1400 1424 1407 .
1449 1375 1685 1416 Theodosius,
1712 1375 1863 1414 Ecclefiae
1883 1378 2030 1412 Alexan·
2048 1374 2184 1415 Epist-24·

1146 1423 1247 1457 drinae
1257 1425 1430 1459 Diaconus
1441 1449 1452 1464 ‚
1473 1426 1508 1459 in
1521 1425 1660 1469 Synodo
1672 1423 1936 1464 Chalcedonenfi
1947 1427 2031 1461 Dio·

1149 1474 1276 1508 scorum
1298 1474 1499 1518 Episcopum
1523 1476 1616 1509 suum
1638 1476 1769 1509 accusat
1790 1476 1832 1510 de
1852 1477 2033 1520 praevarica-
2050 1491 2146 1528 Agm,

1149 1523 1242 1558 tione
1263 1525 1428 1557 variorum
1439 1523 1651 1558 Nicaenorum
1679 1524 1860 1560 Canonum
1873 1551 1884 1567 ,
1909 1528 2033 1570 praeset-

1149 1573 1209 1607 tim
1224 1573 1314 1617 qudd
1329 1574 1361 1606 in
1375 1574 1526 1609 Leonem
1538 1575 1663 1618 Papam
1684 1576 1780 1609 ausus
1791 1576 1830 1610 sit
1843 1576 1957 1611 latrare
1977 1589 2033 1611 ex-

1148 1624 1508 1658 communicationem.
1538 1624 1634 1659 Galla
1646 1625 1795 1660 Placidia
1820 1625 1971 1671 Augusta
1998 1628 2033 1661 in

1149 1672 1264 1706 litteris
1283 1673 1324 1708 ad
1337 1673 1566 1714 Theodosium
1589 1674 1779 1718 Augustum
1795 1701 1805 1717 ‚
1830 1677 2034 1711 exstantibus

1149 1723 1182 1760 in
1208 1723 1311 1766 prima
1332 1734 1422 1767 parte
1450 1724 1598 1763 Concilii
1623 1724 1927 1768 Chalcedonensis,
1952 1727 2036 1762 dicit

1148 1772 1239 1806 Sedis
1254 1772 1454 1816 Apostolicae.
1465 1774 1609 1819 Legatos
1619 1774 1724 1813 adesse
1746 1775 1863 1811 debere
1891 1777 2036 1821 Synodis

1149 1822 1378 1866 generalibus,
1404 1824 1504 1868 idque
1524 1837 1566 1858 ex
1580 1825 1722 1860 Canone
1743 1826 1906 1861 Nicaeno.
1935 1828 2038 1861 Nico-

1151 1873 1220 1906 laus
1245 1873 1369 1916 primus
1389 1874 1425 1907 in
1451 1874 1568 1910 litteris
1589 1875 1631 1909 ad
1644 1875 1826 1920 Episcopos
1841 1877 2037 1912 Gallicanos

1148 1922 1253 1959 asserit
1265 1921 1504 1971 ‚Episcoporum
1528 1925 1638 1959 causas
1648 1926 1712 1959 esse
1732 1925 1774 1960 de
1799 1926 1949 1962 Ecclefiae
1972 1939 2040 1962 rna-

1147 1972 1270 2015 joribus
1281 1997 1291 2013 ,
1320 1973 1461 2017 ideoque
1473 1975 1539 2008 sine
1551 1976 1665 2018 praevia
1677 1975 1719 2015 ad
1730 1975 1848 2016 Sedena
1866 1978 2039 2021 Apostoli-

1148 2033 1221 2056 cam
1242 2022 1400 2057 relatione
1422 2025 1545 2067 deponi
1577 2036 1646 2058 non
1676 2027 1766 2069 posse
1789 2026 1992 2071 Episcopum
2017 2030 2037 2063 a

1150 2072 1335 2110 Provinciae
1353 2074 1513 2116 Synodo,
1540 2084 1638 2116 atque
1659 2075 1704 2112 ita
1729 2075 1829 2110 statui
1853 2078 1871 2110 a
1896 2078 2037 2120 Synodo

1149 2121 1287 2157 Nicaena
1308 2147 1315 2155 .
1343 2123 1498 2166 Synodus
1518 2123 1740 2165 Narbonensis
1764 2125 1822 2160 sub
1844 2126 2036 2163 Richaredo

1150 2173 1243 2217 Rege
1261 2173 1306 2207 ait
1319 2173 1561 2216 conciliabula,
1586 2175 1857 2219 conjurationes,
1886 2180 2036 2220 quemvis

1150 2223 1353 2266 superiorum
1374 2233 1604 2268 contemptum
1623 2225 1641 2258 a
1655 2225 1781 2259 Sinodo
1793 2227 1930 2261 Nicaena
1944 2229 2035 2262 dam-

1151 2273 1217 2313 nari
1227 2298 1234 2305 .
1262 2273 1333 2323 Qi
1344 2285 1459 2308 omnes
1468 2275 1623 2316 Canones
1634 2286 1703 2310 non
1718 2276 1791 2310 sunt
1805 2277 1890 2312 inter
1902 2277 2029 2314 nostros

1151 2334 1182 2362 vl
1211 2332 1271 2361 intr
1286 2347 1295 2356 .

1183 2335 1356 2411 gSimiliter
1367 2375 1501 2413 Saucius
1516 2376 1697 2421 Gregorius
1707 2401 1730 2418 ,.
1744 2377 1948 2416 Turonensis
1960 2379 2039 2424 Epi·

1150 2424 1285 2468 scopus,
1305 2424 1438 2458 adducit
1452 2426 1628 2460 Canonem
1642 2427 1818 2466 Nicaenurn
1829 2453 1840 2468 ,
1868 2429 2036 2465 dicentem

1147 2472 1322 2512 anathema
1332 2475 1461 2512 mulieri
1473 2499 1483 2515 ‚
1510 2476 1670 2511 intrandae
1677 2477 1850 2521 religionis
1858 2490 2012 2522 praetextu
2022 2505 2035 2522 ,

1147 2523 1345 2568 relinquenti
1373 2525 1479 2561 virum
1506 2550 1512 2557 .
1549 2526 1663 2560 Caroli
1702 2529 1818 2572 magni
1854 2530 2034 2573 capitulare

1148 2573 1410 2619 Aquisgranense
1423 2575 1509 2618 apud
1524 2575 1685 2624 Jacobum
1696 2577 1909 2614 Sirmondum
1928 2580 2034 2615 adfert

1147 2624 1323 2664 Canonern
1332 2624 1526 2671 Nic-tenum,
1555 2627 1792 2671 praecipientem
1805 2628 1958 2663 sacerdoti
1971 2653 1982 2669 ‚
1995 2639 2033 2664 ut

1145 2674 1309 2709 celebrans
1334 2673 1608 2711 communionem
1624 2689 1692 2712 non
1705 2680 1856 2714 omittat.
1884 2678 2032 2721 Synoda-

1146 2725 1184 2759 lis
1206 2725 1353 2769 Epistola
1374 2725 1521 2760 secundae
1542 2727 1669 2770 Synodi
1691 2727 1902 2766 Duziacensis
1926 2728 2032 2763 adfert

1145 2775 1318 2810 Canonem
1328 2773 1557 2820 prohibentem
1567 2778 1887 2821 consanguineorum
1900 2779 2031 2822 nuptias

1144 2826 1243 2868 usque
1253 2826 1295 2861 ad
1306 2826 1482 2869 septimum
1493 2826 1646 2870 gradum.
1679 2828 1813 2860 sanetus
1828 2827 1943 2865 Petrus
1961 2829 2029 2863 Da·

1144 2876 1246 2915 miani
1258 2877 1293 2914 in
1306 2875 1451 2919 Epistola
1467 2876 1508 2909 ad
1521 2875 1719 2920 Capelianos
1730 2876 1906 2911 Godefridi
1919 2879 2026 2913 Ducis

1143 2925 1366 2970 Lotharingiae
1375 2926 1496 2969 profert
1509 2925 1682 2961 Canonem
1694 2951 1704 2967 ,
1731 2926 1787 2970 qui
1800 2927 1874 2961 solis
1885 2928 2029 2963 Lestori-

1144 2976 1202 3010 bus
1212 2976 1342 3021 nuptias
1351 2976 1511 3019 permittit
1521 3001 1528 3008 .
1549 2975 1717 3020 Ejusmodi
1728 2976 1975 3020 pluresadducit
1989 2979 2027 3019 in

1141 3025 1272 3063 decreto
1286 3027 1344 3060 suo
1358 3026 1553 3063 Gratianus.
1729 3023 1732 3026 ⁴

1193 3075 1386 3113 Enodandis
1395 3074 1482 3114 hisce
1492 3075 1734 3118 obJeffionibus
1742 3078 1801 3122 figi
1813 3088 1944 3122 oportet
1954 3078 2023 3119 duo

1141 3126 1355 3160 fundamenta
1376 3150 1383 3158 .
1412 3125 1561 3162 Primum
1582 3126 1627 3159 est
1650 3127 1828 3164 Hincmari
1855 3128 2023 3170 Remensis
2042 3136 2123 3175 Epist.
2142 3151 2189 3183 33,

1142 3176 1308 3223 Episcopi:
1318 3180 1354 3207 N
1356 3180 1480 3208 icaenum
1491 3177 1652 3213 Concilium
1663 3175 1904 3221 moresuoplures
1916 3178 2021 3223 causas
2040 3187 2061 3208 c·
2072 3189 2083 3215 5
2095 3190 2118 3208 1.

1140 3238 1194 3258 uno
1204 3227 1330 3272 capitulo
1350 3225 1589 3266 comprehendit.
1616 3227 1669 3262 Ex
1686 3238 1754 3274 quo
1780 3228 1836 3267 ille
1848 3230 1946 3268 infert
1958 3229 2022 3264 Xe-

1142 3277 1194 3309 nia
1208 3299 1217 3317 ‚
1244 3274 1363 3321 quibus
1384 3274 1534 3309 Clericos
1557 3275 1592 3309 δε
1611 3276 1732 3312 Laicos
1755 3280 1843 3313 avari
1865 3279 2021 3322 Episcopi

1139 3334 1275 3370 gravant
1302 3349 1313 3365 ,
1339 3324 1488 3363 damnari
1515 3324 1655 3364 Canone
1687 3327 1817 3366 decimo
1857 3329 2020 3372 septimo,

1140 3385 1253 3418 utpote
1263 3376 1320 3420 qui
1350 3375 1570 3418 principaliter
1579 3376 1714 3416 damnet
1726 3378 1809 3416 solas
1827 3379 2020 3417 clericorum

1141 3426 1267 3469 usum,
1294 3434 1327 3461 at
1339 3424 1435 3462 fimul
1457 3426 1557 3461 etiam
1578 3428 1698 3469 quaevis
1708 3428 1888 3467 eorundem
1912 3429 2019 3470 turpia

1142 3476 1227 3509 lucra
1249 3499 1255 3506 .
1283 3473 1387 3513 Aliud
1410 3475 1606 3519 principium
1627 3476 1672 3511 est
1696 3477 1816 3516 Gelafii
1838 3477 2019 3519 Cyziceni,

1140 3524 1287 3560 testantis
1308 3525 1369 3560 ase
1384 3524 1507 3568 visum,
1534 3525 1675 3571 Icelum,
1701 3526 1864 3563 redactum
1877 3527 1910 3559 in
1931 3536 2019 3563 corn·

1890 3584 1967 3623 pen·

2041 572 2071 600 L.
2078 579 2157 606 1.c.4.

2060 1834 2192 1874 Epist.42.

2057 2417 2190 2458 L-9.C·33.
