2346 3776
344 105 394 143 92
800 73 1244 126 DissERTATio
1293 73 1720 129 Pnoasnmms.

320 157 547 198 lconoclaffia
573 157 624 194 Ita
636 155 872 201 responderunt
891 154 1084 199 Apostolica
1105 154 1211 198 Lega-

319 212 369 247 tio
380 234 392 252 ,
418 209 554 246 Basilius
565 207 709 252 Ancyrae
720 205 941 250 Metropolita
953 230 964 247 ,
991 202 1209 248 Christopho-

319 272 375 296 rus
385 261 496 295 sanllae
518 259 669 303 Cyrianae
690 257 893 299 Episcopus,
918 267 955 289 ac
976 254 1126 288 universa
1148 253 1209 296 Sy-

318 310 428 347 nodus
457 323 467 352 ;
502 311 537 344 &
560 306 824 343 demonstrarunt
834 317 877 342 ex
893 306 1010 339 octavo
1032 304 1123 338 istius
1142 303 1210 338 Eu-

318 361 397 396 sebii
421 360 463 396 ad
485 357 746 403 Euphrationem
765 355 868 392 Libro
890 381 901 397 ‚
935 367 974 389 ac
999 365 1041 387 ex
1065 353 1203 397 Scriptis

319 410 491 457 Antipatri
511 405 806 450 Archi-Episcopi
829 405 1015 441 Bostrensis.
1052 403 1206 447 Ejusdem

318 462 366 496 rei
376 459 528 496 meminit
540 458 575 491 in
587 457 694 502 primo
706 455 858 491 adversus
871 454 1091 491 Iconoclastas
1102 453 1205 488 Libro

318 511 443 547 sanstus
463 506 672 552 Nicephorus
692 505 881 541 Patriarcha
899 503 1207 547 Constantinopoli-

316 570 414 594 tanus
427 583 437 599 ‚
462 557 586 593 &inde
606 556 778 592 concludit
797 557 882 600 ipsos
905 554 1094 598 delinquere
1106 553 1205 587 etiam

305 606 353 645 iu
364 608 539 656 Synodum
550 607 745 649 Nicaenam3
775 606 868 650 quod
882 617 1001 649 nempe
1021 603 1156 638 laudent
1172 603 1205 637 ὅ(

316 660 354 695 in
377 659 494 694 testem
512 657 678 693 adducant
701 656 881 693 Eusebium
891 655 1085 690 damnatum
1099 653 1133 687 in
1146 652 1204 686 ista

316 708 457 755 Synodo
469 734 479 750 ,
506 708 542 742 ὃς
562 707 630 752 ejus
650 707 801 752 profana-s
817 706 944 741 Literas
964 702 1005 737 ad
1018 701 1204 747 Augustam

316 759 559 797 Constantiam.
587 758 631 794 Et
642 757 683 793 de
694 754 898 801 Imaginibus
920 753 1045 797 quasin
1067 752 1205 788 Xerolo-

314 808 384 855 pho
404 834 415 852 ,
440 810 495 845 seu
518 809 591 843 foro
611 806 847 842 Theodofiano
872 802 991 839 habuit
1011 802 1095 838 olim
1116 803 1205 838 Con-

314 858 548 904 stantinopolis
561 882 572 900 ‚
600 856 708 891 scribit
729 855 764 889 in
785 853 888 890 Libro
908 852 951 889 de
969 852 1038 897 ejus
1057 854 1205 898 Origini·

314 909 376 946 bus
398 909 563 952 Georgius
585 906 736 940 Codinus
757 917 763 937 :
801 908 952 950 Imagines
973 903 1202 945 Metropbam's,

315 960 484 993 Alexandri
503 958 538 991 (δ’
558 956 647 991 Pauli
669 979 679 994 ‚
717 956 900 989 sanstorum
928 954 1000 989 istic
1024 954 1204 998 Episcopo-

311 1019 387 1043 rum
407 1032 417 1050 ‚
454 1009 475 1041 ἃ
493 1005 684 1046 Constantino
706 1008 815 1050 Magno
832 1005 946 1039 tabulis
971 1006 1077 1049 ligneis
1097 1003 1203 1047 incisae

311 1067 424 1099 erant,
449 1058 484 1092 (5
504 1059 647 1092 collocatae
664 1053 761 1098 ficpra
778 1067 921 1101 magnam
940 1056 1106 1089 columnam
1131 1057 1204 1088 Por-

303 1108 491 1153 pimenem
511 1108 556 1141 ad
570 1110 741 1146 Orientem,
768 1117 847 1148 quas
864 1109 972 1139 Ariani
993 1114 1095 1139 rerum
1111 1110 1204 1147 potiti

308 1164 345 1192 in
366 1158 508 1193 Milltario
526 1167 615 1191 aureo
650 1155 860 1199 combusserunt
885 1157 947 1190 una
972 1166 1040 1189 cum
1065 1159 1202 1199 Imagine

305 1206 424 1254 sanaae
444 1210 609 1250 vespam,
635 1207 670 1240 e·
691 1204 780 1247 ,Μαι
799 1208 952 1252 Jesv
974 1207 1221 1239 cuiusn-

308 1256 452 1300 z‘nfantis.
480 1258 525 1293 Et
546 1255 631 1292 istud
654 1254 770 1300 probat
791 1264 833 1289 ex
853 1254 986 1291 decimo
1007 1254 1113 1290 Libro
1131 1254 1200 1289 An-

307 1309 425 1352 cyrani
449 1304 703 1353 Chronographi
723 1330 735 1346 ,
769 1305 803 1339 δε
825 1303 1009 1340 Anastasio.
1036 1304 1199 1340 Attamen

307 1369 426 1394 omnes
450 1357 517 1392 istae
538 1357 706 1401 Imagines
730 1365 900 1400 nequeunt
921 1355 994 1391 istic
1015 1354 1111 1390 fuisse
1121 1355 1200 1400 posi-

306 1416 347 1442 tae
366 1419 422 1452 per
441 1407 608 1452 Magnum
631 1405 895 1440 Constantinum
917 1420 928 1440 :
964 1405 1102 1440 Etenim
1129 1407 1196 1439 san-

306 1459 376 1492 erus
399 1456 587 1493 Alexander
606 1455 655 1490 illi
678 1456 883 1499 supervixit,
908 1457 942 1490 ὃς
967 1457 1092 1490 sanetus
1116 1455 1200 1490 Pau-

306 1508 359 1542 lus
380 1519 450 1542 non
471 1506 530 1543 nisi
552 1505 623 1550 post
644 1504 712 1548 ejus
749 1515 892 1540 mortem
929 1505 975 1540 est
1003 1507 1105 1541 factus
1127 1506 1199 1540 illic

307 1558 500 1603 Episcopus.
527 1556 633 1592 Porro
652 1565 722 1591 tam
743 1556 777 1591 in
797 1556 935 1601 antiqua
955 1555 1055 1600 quam
1081 1556 1117 1590 in
1140 1568 1199 1591 no-

305 1617 347 1642 va
368 1609 479 1643 Roma
500 1607 650 1643 Aureum
672 1605 872 1640 Milliarium
891 1616 959 1641 erat
984 1607 1019 1640 in
1029 1606 1112 1640 Fori
1131 1617 1199 1639 me-

309 1659 369 1693 dio
379 1658 532 1694 deaurata
546 1656 715 1692 Columna
725 1680 735 1696 ,
746 1656 866 1691 incisas
877 1656 936 1691 fibi
949 1654 1072 1690 habens
1081 1667 1198 1690 omnes

305 1708 502 1753 principales
512 1709 580 1742 vias
593 1732 602 1747 ,
626 1707 660 1741 &
681 1707 699 1740 a
718 1718 782 1750 qua
803 1707 944 1750 ipsarum
955 1706 1115 1740 Milliaria
1140 1717 1198 1739 nu-

305 1758 524 1795 merabantur.
554 1757 666 1805 Quare
685 1757 765 1791 dum
788 1758 865 1801 quis
887 1757 980 1792 locus
999 1756 1120 1802 legitur
1142 1765 1194 1790 tot

304 1809 357 1844 vel
379 1808 527 1854 passuum
550 1807 697 1843 millibus
720 1806 876 1842 distaffea
887 1807 1018 1846 Roma,
1044 1817 1112 1840 non
1126 1806 1195 1839 Ro-

304 1870 420 1894 manas
432 1858 550 1893 Portas
560 1857 659 1892 debes
679 1857 847 1900 accipere,
873 1855 1022 1890 sedillud
1046 1855 1195 1888 Aureum

303 1909 510 1946 Milliarium.
553 1908 653 1943 Istum
671 1907 707 1942 in
731 1906 833 1940 finem
852 1906 948 1940 fuerit
961 1903 1057 1939 isthic
1077 1906 1195 1944 fixum,

304 1960 365 1994 suo
385 1959 463 1995 loco
496 1958 594 1993 latius
614 1964 805 2002 exponetur.
846 1956 942 1990 Hinc
953 1955 1084 1989 interim
1106 1955 1196 1989 vides

302 2011 415 2044 Sacras
426 2009 595 2055 Imagines
605 2019 674 2041 non
694 2006 867 2041 dumtaxat
880 2006 975 2041 fuisse
997 2004 1195 2048 Improbatas

302 2059 345 2094 ab
357 2059 492 2094 Arianis
503 2083 514 2100 ,
541 2057 593 2092 sed
605 2058 639 2092 δε
650 2055 792 2099 dejectas.

353 2108 411 2144 Ab
423 2108 545 2142 eisdem
558 2107 681 2152 prodiit
699 2106 911 2149 contemptus
934 2106 1094 2139 sacrarum
1107 2103 1196 2137 Reli-

303 2160 464 2203 quiarum.
491 2158 628 2193 Etenim
643 2158 677 2190 in
690 2156 874 2190 sanctorum
886 2155 1076 2197 Martyrum
1090 2153 1197 2188 Enco-

301 2210 375 2245 mio
395 2210 522 2243 sanstus
540 2206 688 2243 Asterius
701 2206 888 2240 Amasaenus
901 2205 1101 2249 Episcopus,
1127 2203 1196 2237 He-

301 2258 479 2304 lenoponti
492 2258 711 2302 Metropolita
724 2280 734 2296 ,
762 2255 898 2291 istorum
911 2255 1064 2290 Heroum
1076 2254 1195 2297 Digni-

301 2303 450 2344 tatem&
461 2309 576 2343 merita
590 2307 762 2352 insigniter
773 2305 923 2351 praedicat
939 2329 950 2345 ,
975 2315 1074 2348 atque
1082 2303 1194 2346 adjun-

302 2359 374 2404 git:
387 2360 496 2394 Plures
508 2357 637 2401 ipsorum
643 2356 859 2402 subterraneas
872 2360 1028 2389 memorias
1033 2352 1193 2398 spernunt,

304 2419 404 2443 eorum
414 2411 567 2443 elevantes
579 2420 613 2441 ac
623 2407 845 2449 vilipendentes
857 2407 1046 2450 dignitatem.
1060 2407 1170 2436 Nonne
1184 2427 1194 2443 ‚

302 2463 446 2501 inquiunt
460 2482 470 2498 ‚
495 2458 544 2491 ille
554 2458 636 2490 homo
655 2457 693 2498 est
705 2458 722 2488 ?
759 2457 870 2490 Nonne
891 2465 996 2498 corpus
1019 2454 1194 2498 assumptum

304 2507 343 2550 est
357 2509 373 2540 ,ἕ
396 2512 507 2541 Nonne
516 2519 613 2541 eorum
623 2512 804 2540 memoriam
809 2507 949 2548 pauculis
961 2506 1107 2547 Reliquit's
1119 2528 1129 2543 ,
1142 2502 1196 2546 eis-

304 2569 362 2602 que
369 2556 496 2601 sepultis
508 2556 669 2600 estpost'ta?
692 2561 764 2590 Haec
772 2557 866 2597 plane
878 2556 1013 2589 Gentiles
1024 2554 1172 2595 abjiciunt
1183 2577 1192 2592 ,

304 2620 339 2641 ac
353 2611 543 2641 Eunomtam.
572 2607 615 2641 Et
627 2607 711 2640 infra
722 2606 763 2640 ad
777 2605 1008 2640 Eunomianos
1019 2603 1190 2639 declamat:

305 2662 409 2693 Novae
429 2657 583 2692 Fac‘Iionis
601 2658 716 2702 Judaei
731 2680 741 2696 ,
766 2657 844 2698 quid
863 2661 973 2688 mirum
992 2663 1027 2687 ut
1046 2657 1191 2691 Martyres

302 2707 484 2741 inhonoretis
500 2731 510 2747 ‚
521 2713 572 2749 qui
584 2705 888 2750 christumspernms
902 2731 912 2746 ,
922 2703 1083 2747 vestrisque
1095 2701 1192 2745 ipsum

304 2759 490 2794 Sermonibus
502 2760 522 2790 ἃ
534 2761 668 2792 Paterna
694 2757 867 2799 ‘equalitate
880 2754 1035 2799 separatis
1047 2777 1058 2793 ,
1085 2758 1192 2795 quique

305 2811 386 2851 loca,
412 2808 519 2852 qulbus
529 2814 739 2850 requieverunt
748 2805 839 2848 sacra
851 2809 983 2847 Corpora
1000 2828 1011 2844 ,
1037 2805 1120 2837 velut
1125 2811 1193 2844 pro-

302 2858 384 2901 fana
395 2861 429 2892 (τ
439 2859 593 2891 immunda
603 2863 737 2892 caveam
747 2858 763 2890 ¹?
789 2860 885 2904 EJnt'm
907 2858 979 2889 vero
991 2860 1042 2897 qui
1055 2865 1111 2886 non
1121 2858 1193 2896 cogi-

308 2914 383 2942 tatis
397 2932 407 2948 ,
432 2910 511 2950 quod
519 2916 613 2950 operae
621 2913 754 2950 pretium
765 2906 803 2947 est
813 2931 824 2947 ‚
850 2911 955 2939 timere
966 2902 1130 2944 Christiani
1139 2910 1192 2943 ap-

308 2958 498 3000 pellationem
513 2982 522 2997 ,
534 2964 585 3000 qui
596 2959 660 2991 cizm
672 2956 839 2990 Gentilibus
852 2959 1000 2996 Martyres
1013 2954 1077 2987 odio
1087 2953 1192 2986 habea·
1212 2983 1214 2985 ,

308 3012 360 3040 tis.
388 3007 432 3041 Et
455 3007 571 3041 iterum
597 3021 604 3040 ι
630 3012 814 3041 Ειιηονηὶαηι·
836 3009 933 3040 Deum
957 3003 1166 3048 blasphemant
1181 3026 1191 3042 ‚

310 3060 369 3090 Dei
379 3055 523 3089 hominem
528 3059 635 3097 probro
648 3058 777 3098 afficiunt
788 3081 798 3097 ,
810 3054 962 3100 magisque
973 3056 1034 3089 loca
1046 3051 1144 3096 avers
1139 3064 1193 3085 an-

311 3115 380 3144 tur,
408 3105 512 3147 quibus
522 3106 813 3150 Sanllz'requiefcunt
827 3131 837 3146 ,
859 3103 1048 3149 qudmsobrii
1059 3103 1191 3136 hommes

311 3156 431 3189 Altaria
441 3178 451 3194 ‚
471 3166 505 3201 ae
513 3154 645 3196 profana
659 3150 880 3197 &piemonum
888 3157 988 3189 sacris
994 3155 1112 3197 polluta
1124 3154 1190 3187 loca.

311 3203 415 3254 Qod
429 3204 532 3246 ipsum
543 3204 583 3237 de
596 3205 923 3240 Eunomio'vaffirmat
944 3206 980 3240 in
1004 3204 1106 3250 Libro
1116 3213 1189 3237 con·

313 3264 361 3289 tra
387 3252 610 3297 Vigilantium
629 3255 752 3288 sanstus
774 3255 1027 3300 Hieronymus;
1054 3253 1192 3289 affirmat

315 3303 540 3347 Vigilantiam
552 3303 593 3336 ab
614 3302 783 3338 Eunomio
804 3303 937 3340 hausisse
958 3306 1033 3340 istas
1049 3301 1192 3347 blasphe-

315 3355 409 3388 mias.
446 3352 632 3386 Eunomius
653 3353 818 3397 resumpsit
834 3365 1079 3398 purum-putum
1100 3352 1193 3387 Aria-

314 3405 537 3447 nismum,quo
548 3401 605 3436 alii
617 3400 732 3436 Ariani
745 3412 823 3436 tunc
833 3402 944 3446 paffim
954 3402 1190 3440 erubescebant.

315 3454 360 3490 Et
382 3453 471 3489 hunc
492 3463 631 3487 errorem
650 3464 692 3487 an
714 3463 755 3487 ex
775 3452 860 3487 Ario
882 3451 999 3488 biberit
1019 3480 1030 3496 ,
1063 3456 1190 3499 ignoro.

1276 150 1372 209 Nihil
1382 156 1511 199 possum
1519 157 1691 194 affirmare.
1718 158 1822 207 Qod
1840 158 2069 196 Alexandrini·
2082 162 2156 197 No·

1274 205 1541 240 vatienfiesetiam
1553 208 1728 251 spreverint
1741 210 1932 254 Reliquias,
1959 212 2096 246 affirmat
2119 213 2155 246 in

1274 249 1387 288 Photii
1411 254 1619 291 Bibliotheca
1638 259 1763 294 sanstus
1784 260 1947 306 Eulogius
1966 260 2156 300 patriarcha
2174 253 2293 286 [fib-¹⁸2

1273 300 1523 339 Alexandrinus.
1559 306 1604 341 Et
1625 308 1720 342 addit
1745 310 1844 344 istum
1869 324 2013 346 errorem
2043 313 2156 346 forsan
2178 299 2242 326 ²8⁰·

1274 351 1366 407 suiffe
1376 354 1476 389 solius
1487 355 1580 390 istius
1590 357 1717 399 Frusti,
1742 362 1922 396 nontotius
1934 362 2082 396 Haerefis.
2108 362 2156 397 Et

1273 410 1318 458 ita
1328 405 1469 439 omnino
1480 407 1552 440 fuit.
1579 407 1852 451 Hocipsumeffe
1863 414 1957 454 poffit
1980 414 2014 446 in
2028 414 2158 455 praesen.

1271 461 1297 484 tl
1307 455 1429 495 punsto
1440 468 1451 490 :
1471 456 1571 490 Error
1580 457 1640 491 iste
1651 457 1779 494 videtur
1787 461 1882 495 fnisse
1893 463 1992 497 solius
2004 462 2157 497 factionis

1270 501 1493 540 Eunomianae.
1532 505 1661 542 Eadem
1686 508 1822 544 audacia
1859 511 2081 558 Evangelicos
2116 524 2157 547 ac

1271 550 1482 594 Apostolicos
1495 556 1652 601 Baptismi
1665 558 1746 591 ritus
1756 559 1938 596 demutavit
1950 563 2156 597 Eunomius:

1267 601 1380 649 Qam
1401 604 1459 638 alii
1480 617 1597 642 omnes
1617 632 1628 648 ,
1663 604 1911 654 licet‘plerique
1927 612 2131 656 rebaptizent
2144 637 2157 655 ,

1266 652 1386 686 Ariani
1399 654 1626 699 improbarunt
1634 670 1672 692 ac
1683 658 1894 694 damnarunt.

1314 702 1368 735 Ex
1381 704 1515 740 Arianis
1524 707 1649 751 prodiit
1671 709 1774 744 etiam
1793 709 2004 746 lamentabile
2023 712 2155 748 Graeco.

1263 762 1338 785 rum
1349 752 1495 790 Schisma
1509 779 1520 797 ,
1546 757 1743 793 inchoatum
1755 760 1796 795 ab
1814 759 1982 795 Eunucho
2004 761 2131 796 Photio
2141 787 2154 804 ,

1264 812 1302 835 ac
1323 804 1526 849 resumptum
1544 807 1563 841 a
1585 808 1753 844 Michaele
1773 810 1945 846 Cerulario
1959 835 1969 851 ‚
1995 813 2030 846 &
2050 813 2155 856 usque

1265 849 1330 908 huc
1339 852 1460 889 durans
1470 856 1530 891 sub
1541 857 1688 895 Turcica
1697 861 1896 904 captivitate.
1934 861 2072 897 Etenim
2083 873 2153 897 ma·

1264 912 1325 946 gni
1337 900 1506 940 Athanasii
1519 931 1530 948 ‚
1555 909 1655 944 sansti
1666 909 1763 944 Pauli
1775 911 2156 956 constantinopolitani,

1264 951 1631 1000 Marcelli‹Ancyrani,
1658 960 1996 1005 AsclepaezGazenfis‚
2022 962 2158 997 acalio-

1264 1013 1336 1059 rum
1349 1004 1573 1042 Orientalium
1594 1009 1856 1055 Episcoporum,
1883 1022 1968 1056 quos
1989 1012 2031 1046 ab
2055 1012 2156 1046 Ense*

1265 1051 1362 1086 brana
1370 1052 1725 1095 Arianorum'faetione
1732 1061 1971 1097 latrocinaliter
1979 1062 2157 1098 damnatus

1267 1102 1418 1138 Romana
1437 1104 1583 1140 Ecclesia
1603 1108 1645 1141 ad
1665 1109 1757 1145 suam
1780 1111 2011 1154 Apostolicam
2035 1111 2159 1148 Cathe-

1264 1152 1355 1186 dram
1366 1155 1568 1198 appellantes
1579 1157 1759 1202 susceperat
1770 1183 1781 1200 ‚
1806 1159 1826 1192 a
1837 1160 1949 1195 samo
1960 1161 2049 1204 Julio
2069 1162 2160 1196 Pon·

1264 1203 1352 1238 tifice
1369 1206 1489 1239 fastam
1498 1203 1739 1250 'reparationem
1749 1209 1942 1255 decoquere·
1949 1220 2007 1246 aut
2015 1212 2167 1255 em&-

1264 1264 1333 1287 non
1356 1254 1469 1288 valens
1486 1255 1545 1290 ista
1567 1257 1668 1292 factio
1689 1284 1699 1299 ‚
1732 1260 1834 1302 coepit
1852 1260 2003 1295 adversus
2024 1256 2156 1296 Divina

1262 1304 1364 1338 sansti
1387 1305 1476 1339 Petri
1502 1305 1657 1349 Apostoli
1677 1307 1856 1354 Privilegia
1877 1311 2002 1355 erigere
2021 1310 2157 1353 cristas,

1264 1354 1421 1389 blaterare
1433 1354 1555 1399 palam,
1564 1368 1601 1390 ac
1613 1357 1762 1393 insanire.
1789 1358 1997 1395 Blaterarunt
2009 1361 2155 1405 Ecclesie

1262 1404 1495 1440 Hierarchiam
1505 1418 1548 1441 ex
1561 1406 1686 1442 Christi
1701 1410 1844 1444 Domini
1858 1409 2015 1444 Instituto
2026 1421 2096 1445 non
2109 1412 2157 1446 es·

1263 1455 1295 1488 se
1306 1455 1559 1490 Monarchicam
1570 1482 1580 1498 ,
1594 1458 1648 1492 sed
1662 1458 1944 1501 Aristocraticam,
1954 1461 2071 1504 aequali
2082 1460 2156 1504 Jure

1262 1504 1468 1541 distributam
1479 1507 1514 1540 in
1526 1516 1590 1541 tres
1610 1508 1854 1544 Patriarchatus
1875 1522 1913 1545 ac
1933 1521 1996 1545 tres
2015 1511 2155 1545 Patriar·

1262 1553 1361 1597 chas,
1388 1567 1530 1601 quorum
1555 1558 1668 1593 nullus
1687 1560 1790 1594 valeat
1813 1561 1849 1595 in
1868 1560 2001 1595 alterius
2015 1561 2156 1596 Dioeeesi

1261 1605 1442 1650 quidquam
1462 1604 1643 1651 disponere.
1679 1609 1885 1645 Blaterarunt
1898 1610 1962 1645 hoc
1985 1609 2152 1646 Divinum

1252 1657 1316 1700 ‘Jus
1327 1658 1390 1690 effe
1401 1657 1566 1691 firmatum
1577 1660 1596 1692 a
1606 1660 1700 1694 sexto
1712 1660 1853 1696 Canone
1866 1661 1899 1695 N
1904 1662 2014 1696 icaeno.
2054 1659 2151 1696 Hlnc

1259 1706 1410 1742 laudatos
1431 1708 1615 1751 Episcopos
1633 1710 1696 1743 esse
1717 1711 1803 1745 male
1824 1723 1862 1745 ac
1874 1711 1956 1745 vane
1966 1719 2153 1754 reparatum

1260 1758 1384 1801 Julium
1395 1758 1649 1801 praevaricatorie
1670 1761 1841 1794 attentasse
1862 1770 1976 1794 contra
1998 1759 2156 1803 quintum

1260 1807 1294 1840 N
1297 1808 1449 1846 icaenum,
1460 1806 1696 1851 Apostolicum
1705 1833 1715 1850 ‚
1726 1820 1826 1853 atque
1838 1810 2079 1855 Evangelicum
2090 1809 2154 1845 Ca-

1260 1867 1383 1892 nonem
1395 1881 1407 1898 ‚
1433 1855 1619 1901 ideoque&
1641 1859 1845 1893 maculatum
1861 1860 2023 1904 contagio
2031 1859 2152 1901 istius,

1258 1916 1358 1950 quam
1370 1907 1538 1951 perperam
1549 1917 1727 1953 attentarat
1737 1909 1859 1943 solvere
1876 1933 1887 1949 ,
1912 1909 2150 1944 damnationis.

1259 1958 1421 2001 Etipsum
1434 1958 1469 1990 in
1494 1957 1554 1991 suo
1565 1955 1874 2002 Philippopolitano
1897 1958 2151 1995 Conventiculo

1258 2005 1466 2051 impudorate
1476 2005 1645 2041 damnavit
1656 2008 1807 2044 scelerata
1819 2010 1847 2045 F
1847 2010 1940 2044 actio.
1969 2010 2085 2045 Patrio
2105 2009 2151 2044 vi·

1235 2086 1237 2088 .
1257 2057 1306 2091 dit
1319 2058 1353 2091 se
1363 2056 1591 2102 impingerein
1615 2057 1796 2094 Unitatem
1822 2060 1982 2094 Ecclefiae.
2011 2060 2150 2094 Etenim

1258 2108 1357 2142 unius
1367 2106 1525 2150 Corporis
1535 2118 1704 2151 nequeunt
1715 2109 1777 2144 esse
1800 2110 1892 2153 plura
1905 2110 2062 2153 Suprema
2083 2108 2148 2143 Ca-

1258 2159 1333 2201 pita,
1360 2156 1454 2191 Hinc
1465 2157 1573 2192 sordes
1582 2157 1709 2193 addidit
1721 2159 1878 2194 sordibus.
1904 2160 2021 2194 Edixit
2031 2160 2151 2204 'Augu-

1259 2207 1343 2241 stum
1363 2206 1553 2251 Principem
1573 2208 1637 2241 esse
1657 2209 1806 2244 Ecclefiae
1826 2219 1927 2254 caput
1939 2233 1950 2250 ,
1976 2220 2076 2254 atque
2100 2210 2149 2245 ita

1259 2259 1488 2302 Imperatorem
1498 2257 1734 2293 Constantium
1748 2284 1758 2299 ,
1783 2259 1961 2294 hominem
1981 2257 2150 2294 Catechw

1259 2319 1394 2342 menum
1402 2333 1414 2349 ‚
1424 2309 1488 2343 effe
1498 2308 1699 2353 Episcopum
1713 2310 1963 2353 Episcoporum.
1977 2311 2059 2344 Haec
2075 2309 2149 2343 om'·

1258 2359 1312 2391 nia
1323 2358 1587 2403 suislocislatiUs
1597 2370 1769 2403 exponam.
1796 2360 1935 2394 Interim
1961 2358 2147 2404 Anglicum

1258 2406 1405 2443 Schisma
1414 2407 1470 2444 hic
1481 2409 1570 2444 videt
1581 2410 1637 2444 fua
1647 2408 1733 2445 foeda
1743 2409 1879 2444 exordia
1895 2421 1933 2444 ac
1950 2409 2147 2443 fundamen-

1255 2469 1296 2492 ta.
1334 2458 1448 2494 Plures
1458 2459 1587 2504 insuper
1597 2470 1719 2494 errores
1729 2459 1930 2494 ebullierunt
1941 2470 1984 2493 ex
1996 2458 2146 2494 Arianisa

1255 2509 1299 2542 Et
1312 2509 1381 2553 ipsa
1392 2509 1504 2544 fabula
1513 2510 1572 2544 sibi
1585 2521 1653 2543 non
1665 2508 1804 2543 cohaesit.
1835 2509 1972 2544 Etenim
1993 2509 2016 2542 si
2026 2508 2147 2552 omnes
2202 2551 2217 2555 -

1254 2558 1294 2593 ab
1305 2559 1455 2594 Exordio
1477 2569 1553 2595 ante
1576 2570 1723 2603 tempora
1744 2569 1858 2595 creatae
1880 2559 2011 2594 Mentes
2022 2559 2147 2594 suerint

1255 2609 1400 2652 ejusdem
1410 2610 1600 2644 nominis&
1611 2620 1730 2644 naturae
1742 2634 1754 2650 ‚
1778 2607 1950 2654 quomodo
1969 2620 2036 2642 una
2061 2607 2147 2644 cras

1255 2660 1300 2693 vit
1322 2670 1439 2694 omnes
1461 2660 1564 2693 alias?
1589 2658 1774 2708 Qiomodd
1786 2670 1852 2693 una
1876 2659 1944 2693 sola
1966 2659 2030 2693 fuit
2052 2659 2147 2694 Deus

1257 2708 1429 2748 Verbum?
1466 2709 1614 2744 Creatrix
1637 2710 1743 2744 caussa
1769 2720 1839 2743 non
1863 2708 1966 2753 potest
1990 2720 2061 2744 non
2081 2710 2144 2743 effi!

1256 2759 1442 2803 aequivoca,
1468 2759 1651 2806 ideoque&
1673 2759 1802 2794 diversae
1819 2769 1941 2794 naturae
1961 2759 2025 2794 esse
2039 2759 2059 2793 ὲ
2076 2758 2142 2792 suis

1256 2809 1431 2844 Creaturis.

1370 2967 1615 3013 PRIMA
1669 2964 2030 3012 SYNODUS

1290 3074 1422 3122 samili
1445 3078 1549 3122 Petri
1573 3071 1824 3122 Alexandrini
1845 3067 2021 3139 Epifiopi
2044 3073 2102 3117 <9⁴
2158 3113 2161 3116 Α

1590 3147 1801 3208 Martyris.

1392 3257 1451 3320 C
1481 3254 1559 3324 ,A
1597 3255 1668 3319 N
1700 3253 1764 3316 O
1800 3252 1871 3316 N
1930 3252 1992 3316 I,

1259 3363 1604 3505 QUoniam
1629 3378 1774 3410 autem
1799 3375 2002 3428 quartum
2039 3359 2137 3409 Pas-

1434 3434 1517 3484 cha
1533 3430 1870 3502 persecutionem
1883 3435 1971 3499 jam
1984 3448 2139 3538 ahlngc-

2044 3513 2066 3536 n
2091 3509 2137 3542 it,
