2346 3776
572 111 879 160 ScHomts,
907 115 984 150 ET
1012 114 1728 155 N0T181LLUs-TRATUM.

125 242 130 248 ¹
160 242 165 247 Ι
242 226 247 231 ,
301 199 405 248 Qod
424 199 528 244 ipsum
547 196 670 237 semper
689 190 816 226 censuit
827 189 947 224 Latina
959 188 1117 247 Ecclesia.

75 239 165 281 59¹⁰·
186 246 231 277 ⁷⁶·
248 242 745 286 Etenim&Novatianenses&
768 252 827 274 nos
838 237 1056 274 orthodoxos
1083 251 1117 273 sn

249 302 368 337 eodem
377 297 535 341 baptizare
544 292 705 338 Symbolo
715 293 835 327 fatetur
855 290 890 323 in
917 289 1052 333 epistola
1076 289 1116 324 ad

1878 114 1977 161 181

2006 166 2039 176 σ-

1187 198 1244 224 mo
1254 195 1370 227 ottavo
1378 193 1469 235 super
1479 190 1587 226 Sansti
1598 191 1734 236 Ioannis
1745 197 1963 245 Evangelium
1974 204 2058 240 Tra.

1187 239 1272 273 statu
1293 242 1404 279 laudat
1416 238 1610 284 Apostolica
1630 243 1674 279 ad
1685 245 1842 282 Hebraeos
1862 253 1981 288 verba:
2005 259 2057 289 In-

1185 297 1382 327 termittentes
1403 290 1598 326 inchoationis
1619 294 1732 337 Christi
1749 298 1916 333 Sermonem
1939 305 2057 346 πάρα,
2075 286 2147 324 C²P·
2165 290 2191 315 6-

248 351 414 396 Magnum
425 347 558 381 Sanetus
571 345 780 389 Cyprianus,
807 338 941 383 &addit
953 339 1020 382 ejus
1046 340 1120 373 arti·
1177 337 1339 380 ,temonem
1356 342 1522 384 feramur,
1546 354 1605 377 non
1630 345 1749 390 rursum
1763 349 1919 389 jacientes
1939 352 2057 392 fund&

247 401 344 436 culos
351 397 413 441 effe
419 397 461 432 de
472 397 549 430 Deo
563 395 659 429 Patre
670 418 682 434 ‚
691 394 733 428 de
744 391 845 431 Filio,
858 390 900 425 de
911 390 1030 433 Spiritu
1041 390 1119 424 San-

248 452 302 485 eto
311 473 323 490 ,
346 448 388 483 de
396 446 582 483 remiffione
604 453 810 490 peccatorum
820 465 831 481 ,
856 441 898 474 de
922 440 1036 473 saneta
1059 440 1119 474 Ec-

246 499 342 535 clefia
351 508 365 539 ·‚
389 498 432 532 de
457 498 523 531 vita
549 506 666 530 aeterna
678 519 685 526 .
714 490 817 539 Qod
839 491 945 534 ipsum
957 490 1073 533 repetit
1083 491 1117 523 in

71 550 163 591 Epist.
184 562 229 589 70.
246 549 363 586 litteris
373 548 412 582 ad
424 548 615 591 Januarium
627 544 792 579 Numidiae
805 540 982 575 Primatem
992 567 999 574 .
1027 538 1116 574 Istud

245 609 356 634 autem
377 597 547 633 manifeste
572 597 616 631 est
637 593 875 638 Apostolorum
902 589 1097 633 Symbolum
1110 615 1116 621 .

246 650 286 684 In
312 649 398 684 libro
418 648 460 682 ad
481 649 712 691 Imperatorem
739 643 973 679 Constantium
985 642 1118 676 Sanstus

246 699 399 735 Hilarius
424 697 633 733 Pistavienfis
659 695 842 738 Episcopus
867 694 902 727 in
939 692 1025 726 varia
1063 702 1118 735 per

247 750 452 784 Arianorum
473 748 576 782 varias
598 744 750 790 Synodos
767 744 910 778 conflata
922 766 933 782 ‚
958 740 1116 785 Symbola

246 801 389 845 graviter
414 796 580 833 invehitur
601 821 612 837 ‚
653 805 750 837 atque
778 792 945 838 subjungit
965 806 973 825 :
1008 793 1117 832 Tutiffi-

247 862 329 884 mum
353 849 438 883 nobis
459 847 498 883 eR
508 872 519 887 ,
539 852 674 889 primam
694 847 728 879 (5
744 843 840 887 solam
851 847 882 876 E
885 844 1071 886 vangelicam
1081 841 1120 883 fi-

247 901 316 933 dem
335 897 488 941 confeffam
509 902 541 929 in
552 893 745 938 Baptismate
755 919 765 935 ‚
791 893 1028 935 intellectamque
1039 892 1120 925 ’reti-

245 959 314 982 nere
321 973 333 989 ,
360 959 411 982 nec
421 949 573 981 demutare
584 947 665 989 quod
665 943 761 988 solum
773 952 922 986 acceptum
935 952 1024 986 atque
1034 943 1119 974 audi-

245 1008 311 1033 tum
329 991 426 1031 'babeo
446 998 518 1030 bene
537 997 672 1030 credere:
701 1007 759 1028 non
783 1003 816 1028 ut
836 1006 873 1028 ea
884 1019 894 1035 ‚
920 1004 989 1036 quae
1009 992 1118 1031 synodo

244 1052 375 1084 Patrum
385 1047 541 1087 nostrorum
550 1052 737 1080 continentur
748 1070 758 1086 ,
786 1054 942 1087 tamquam
962 1042 1119 1086 irreligiose*

243 1106 300 1132 aut
325 1099 417 1140 impie
436 1096 553 1141 scripta
574 1097 753 1129 damnanda
761 1094 843 1137 fint,
865 1093 924 1138 sed
932 1099 1002 1136 quia
1009 1100 1066 1135 per
1077 1100 1118 1124 te-

251 1153 420 1181 meritatem
444 1147 609 1180 humanam
634 1144 820 1190 usurpantur
844 1146 888 1177 ad
919 1141 1120 1178 contradidim-

246 1209 316 1231 nem
328 1222 340 1238 ,
363 1198 444 1240 quod
462 1197 496 1230 ob
517 1195 568 1230 hoe
589 1194 649 1239 sub
669 1201 787 1230 nomine
798 1199 834 1228 N
836 1199 964 1228 ovitatis
979 1196 1119 1236 Evange-

248 1249 324 1282 lium
331 1255 489 1291 negaretur
501 1247 701 1289 imperuulose
714 1269 726 1285 ‚
752 1254 908 1286 tamquam
917 1242 975 1287 sub
985 1243 1120 1277 emenda-

247 1302 329 1331 tione
348 1303 511 1330 innovetur
522 1320 530 1327 .
556 1297 584 1329 F
585 1297 654 1333 asta
675 1305 731 1337 per
755 1293 926 1327 Nicaenam
947 1291 1121 1336 Synodum

245 1345 486 1381 Additamenta
494 1345 636 1378 omnino
647 1342 765 1388 probat
774 1367 786 1384 ,
812 1341 1032 1377 nihilominus
1043 1342 1125 1377 anti·

244 1406 351 1440 quum
362 1394 558 1439 Symbolum
566 1395 674 1429 censet
685 1395 718 1428 in
731 1393 894 1437 baptismo
905 1392 1125 1433 retinendum,

249 1445 423 1490 ipsumque
443 1444 594 1480 adfirmat
602 1444 665 1479 esse
675 1444 776 1478 fidem
787 1443 925 1487 primam
937 1467 949 1484 ‚
969 1444 1003 1477 δε
1017 1443 1124 1477 Evan-

246 1495 397 1542 gelicam.
423 1495 469 1529 Et
479 1495 515 1529 in
527 1495 641 1529 litteris
651 1519 663 1534 ,
673 1505 741 1540 quae
748 1494 766 1528 a
777 1494 893 1528 Sancto
904 1492 1035 1537 Cyrillo
1046 1491 1126 1527 Ale-

245 1544 391 1586 xandriae
399 1569 411 1586 ,
435 1546 471 1579 ἀ
491 1545 618 1589 joanne
641 1542 834 1580 Antiochia:
851 1541 1038 1578 Patriarcha
1065 1542 1127 1576 ini-

245 1604 316 1630 tam
325 1606 439 1640 pacem
451 1596 702 1636 confirmarunt,
711 1594 834 1629 Xixtus
842 1594 956 1628 tertius
966 1592 1125 1628 Pontifex

245 1645 359 1681 scribit
368 1671 379 1687 ,
390 1645 515 1685 symbolo
532 1646 666 1688 primum
686 1650 764 1678 inter
775 1644 917 1687 Apostolos
928 1644 1042 1676 tradito
1054 1655 1125 1677 non

247 1695 338 1739 poffe
347 1695 498 1740 derogari
509 1722 516 1728 .
544 1697 590 1730 Et
612 1695 696 1730 fidus
709 1695 815 1729 San-sti
837 1694 972 1738 Joannis
983 1691 1126 1736 Chryso-

247 1744 350 1779 stomi
359 1744 536 1789 discipulus
549 1746 690 1789 Joannes
701 1744 870 1779 Caffianus
892 1743 1002 1778 scribit
1012 1743 1047 1777 in
1059 1743 1126 1777 len·

245 1803 287 1829 to
299 1794 384 1829 libro
395 1795 544 1829 adversus
554 1795 746 1830 Nestorium
759 1809 770 1828 :
797 1794 957 1834 symbolum
967 1818 978 1833 ‚
1005 1802 1039 1826 ut
1051 1791 1126 1836 scis,

249 1856 290 1883 ex
310 1846 461 1879 collatione
480 1856 583 1878 nomen
593 1850 721 1886 accepit.
748 1845 1030 1887 ‚Quodenimgraece
1050 1844 1125 1881 Sym-

248 1894 333 1928 bolon
354 1896 462 1927 dicitur
484 1918 495 1934 ‚
521 1896 616 1928 latine*
634 1895 748 1928 collatio
769 1898 939 1926 nominatur
949 1915 957 1924 .
998 1893 1125 1927 collatio

250 1952 354 1977 autem
372 1946 458 1983 ideo,
483 1950 555 1986 quia
581 1949 614 1977 in
638 1956 728 1977 unum
738 1944 848 1976 collata
859 1944 898 1976 ab
911 1941 1054 1985 apostolis
1067 1945 1124 1975 Do-

250 2000 328 2028 mini
338 2000 427 2026 totius
441 1993 604 2027 Catholicae
617 1995 688 2038 legis
695 1993 758 2035 fide
769 2017 780 2032 ,
805 1994 966 2035 quidquid
977 2000 1035 2034 per
1059 1998 1124 2025 uni-

251 2041 371 2087 versum
382 2047 562 2077 Divinarum
574 2044 755 2077 voluminum
766 2051 869 2084 corpus
891 2040 1034 2085 immensa
1049 2040 1124 2083 fun-

252 2094 340 2126 ditur
346 2098 429 2135 copia
441 2117 451 2132 ‚
462 2103 556 2126 totum
565 2099 598 2126 in
610 2093 731 2132 Symboli
742 2093 886 2135 colligitur
897 2093 1048 2126 brevitate
1053 2100 1123 2133 per-

243 2142 332 2185 febla
338 2168 349 2183 ,
358 2141 521 2186 secundum
527 2145 605 2176 illud
612 2143 734 2185 Apostoli
748 2156 759 2176 .-
771 2142 896 2176 verbum
906 2141 1122 2186 consummans,

251 2193 287 2227 ὑ
297 2192 443 2226 brevians
455 2199 488 2226 in
500 2199 642 2236 aequitate
653 2219 660 2225 .
689 2193 732 2226 Et
743 2193 779 2226 in
787 2193 935 2235 sequenti
944 2192 1064 2235 capite.-
1076 2197 1123 2224 vi-

251 2243 307 2275 des
326 2247 359 2276 in
370 2242 496 2281 symbolo
512 2243 717 2277 auc‘loritatem
728 2246 785 2277 Dei
796 2243 848 2287 effe
860 2268 867 2275 .
895 2242 1024 2276 Verbum
1045 2247 1124 2274 enim

253 2291 423 2326 breviatum
422 2292 522 2334 faciet
532 2297 678 2327 Dominus
679 2291 771 2336 ficper
779 2303 900 2326 terram.
909 2294 929 2324 5
930 2294 969 2325 ed
973 2291 1122 2325 hominum

246 2341 372 2386 fortaffe
381 2348 492 2385 quaeris
505 2356 511 2375 :
523 2355 559 2377 ne
569 2345 606 2376 id
615 2346 734 2386 quidem
745 2343 818 2383 deest
822 2356 828 2374 ;
835 2352 892 2384 per
902 2342 1033 2375 homines
1042 2347 1124 2375 enim

253 2392 291 2424 id
298 2395 379 2426 Deus
383 2392 460 2434 fecit
471 2418 479 2425 .
504 2396 585 2426 Sicut
595 2399 672 2426 enim
683 2392 858 2436 immensam
872 2394 956 2426 illam
962 2391 1124 2434 scriptura-

252 2451 322 2474 rum
331 2444 352 2474 5
353 2453 490 2475 acrarum
499 2449 611 2485 copiam
618 2451 674 2485 per
686 2442 885 2476 Patriarcbas
910 2444 944 2476 Θ
957 2441 1124 2483 Prophetas

253 2493 388 2525 maxime
407 2490 476 2534 suos
490 2494 624 2525 condidit
636 2517 647 2533 ,
673 2498 719 2525 ita
734 2493 893 2532 Symbolum
899 2500 956 2534 per
978 2490 1123 2533 Apostolos

250 2537 322 2584 suos
333 2565 344 2580 ‚
355 2540 579 2585 sacerdotesque
588 2542 734 2582 constituit
744 2567 751 2575 .
779 2546 825 2575 Et
837 2543 913 2584 quid
919 2542 996 2584 quid
1002 2542 1061 2575 illic
1066 2548 1124 2583 per

249 2587 321 2633 suot
331 2591 420 2635 larga
432 2593 466 2625 ἐν
477 2593 660 2625 redundanti
668 2598 753 2634 copla
763 2593 809 2626 dil
810 2593 1006 2631 atavit,idem
1015 2590 1064 2625 hic
1064 2599 1123 2634 per

248 2637 318 2682 suos
325 2641 491 2682 pleniffima
501 2641 652 2676 brevitate
660 2641 797 2684 conclusit.
810 2640 973 2676 Adfirmat
991 2639 1126 2684 Symbo-

252 2688 323 2723 lum
329 2688 498 2734 Apostolis
505 2691 729 2727 effedfflatum
735 2693 753 2725 a
761 2692 881 2736 Spiritu
891 2690 1128 2733 Sancto,ide0q;

255 2738 380 2782 pollere
391 2740 504 2776 divina
525 2743 559 2776 &
570 2743 731 2777 canonica
741 2743 933 2777 auctoritate
943 2767 954 2783 ‚
980 2743 1014 2776 δε
1026 2741 1108 2775 reste
1119 2766 1126 2773 .

307 2790 452 2825 Eosdem
463 2791 614 2837 Symboli
639 2793 776 2827 Natales
801 2794 988 2837 frequenter
1009 2792 1127 2827 confir-

74 780 128 814 fol.
158 790 226 820 309-

72 1807 147 1845 Cap.
162 1806 194 1842 3.·

81 2786 169 2827 Epist.
192 2795 240 2824 57·

257 2849 327 2874 mat
347 2840 709 2887 SanetusAugustinus.
736 2844 846 2887 Ipsum
867 2842 978 2878 laudat
999 2843 1036 2876 in
1062 2842 1128 2886 epi-

257 2889 340 2924 stola
350 2889 392 2924 ad
405 2890 597 2926 Dardanum
611 2906 622 2925 .-
649 2896 820 2927 Memoriter
830 2895 932 2933 recole,
944 2895 978 2927 (θ’
995 2892 1126 2934 fideliter

255 2938 326 2974 tene
345 2939 546 2981 christianam
569 2941 759 2983 confeffionem
780 2968 790 2983 ‚
817 2949 954 2986 quoniam
981 2945 1127 2976 Dominus

258 2989 421 3034 resurrexit
442 2992 462 3023 ἃ
487 2994 634 3032 Mortuis,
659 2990 792 3035 ascendit
817 2995 869 3026 ad·
879 2994 1015 3032 Caelum,
1038 2991 1123 3036 sedet

258 3041 306 3074 ad
313 3041 469 3074 dexteram
480 3043 586 3074 Patris
598 3066 613 3082 ,
634 3053 686 3076 nec
696 3044 816 3076 aliunde
825 3045 917 3085 quam
941 3044 1013 3076 inde
1020 3052 1126 3076 ventu-

132 3128 140 3134 ·
260 3102 314 3124 rus
325 3091 363 3130 est
375 3092 420 3123 ad
434 3096 524 3125 vivos
535 3086 718 3134 mortuosque
719 3094 906 3133 judicandos
917 3118 924 3126 .
951 3093 996 3126 Et
1006 3092 1047 3127 de
1059 3093 1126 3136 ipso

86 3126 245 3167 EP¹st⁴⁷⁸⁸
261 3140 411 3185 adjungit
421 3141 454 3174 in
466 3140 688 3185 disputatione
697 3153 773 3176 cum
785 3142 919 3177 Comite
931 3142 1104 3177 Pascentio
1115 3156 1125 3175 .-

262 3195 335 3224 Non
352 3197 386 3224 in
412 3190 535 3232 Africa,
557 3201 610 3226 aut
636 3196 670 3224 in
695 3192 800 3225 cuncqa
824 3193 999 3234 Barbaria,
1019 3191 1077 3235 sed
1093 3198 1125 3224 in

260 3242 342 3279 smae
354 3264 366 3281 ,
391 3242 444 3275 vel
451 3244 570 3275 Graecia
579 3267 590 3283 ,
613 3242 667 3276 ubi
678 3242 713 3275 (9⁶
732 3240 799 3284 ipsa
808 3253 875 3275 caro
885 3244 983 3276 voluit
1007 3243 1044 3275 de
1058 3246 1125 3275 Vir-

256 3295 328 3333 gine
339 3289 420 3335 nasei
429 3293 586 3326 Dominica
594 3317 605 3334 ,
631 3293 729 3325 decuit
739 3293 791 3325 vel
798 3298 924 3334 oportuit
937 3291 1030 3325 verba
1050 3292 1124 3335 fidei

260 3342 460 3381 compendiose
464 3341 589 3384 firmare
599 3366 610 3383 ,
638 3353 754 3385 nempe
767 3352 822 3390 per
833 3341 1059 3386 Apostolicam
1071 3343 1127 3384 Sy-

259 3388 408 3424 nodum.-
435 3403 513 3426 nam
533 3404 602 3427 non
623 3392 752 3426 tantum
772 3393 872 3435 usque
893 3391 935 3427 ad
946 3390 1123 3436 Augustini

258 3446 425 3481 tempora,
449 3441 504 3477 sed
529 3454 590 3478 nec
614 3444 715 3484 usque
742 3441 842 3476 hodie
866 3441 960 3485 Syria
983 3441 1069 3486 apud
1096 3443 1128 3476 se

254 3486 344 3522 -vidit
363 3489 464 3525 ullam
483 3492 667 3537 generalem
678 3492 870 3536 Synodum.
898 3491 937 3526 In
960 3492 1127 3538 nonagefi-

1182 401 1316 426 mentum
1329 397 1515 435 poemtentiae
1535 393 1575 425 ab
1593 396 1731 437 operibus
1754 402 1881 441 mortuis
1897 423 1908 439 ‚
1933 401 1967 433 (v
1983 402 2057 442 fidei

1168 440 1228 471 'ad
1238 445 1336 476 Deum
1345 440 1575 487 Baptismatum
1584 445 1730 481 doartnae
1741 471 1753 488 ‚
1779 447 1969 491 impositionis
1989 462 2054 493 quo-

1181 500 1236 531 que
1248 504 1391 526 manuum
1403 516 1413 531 ,
1423 493 1459 526 (θ’
1468 491 1688 536 reficrrec‘lionis
1698 507 1882 532 mortuorum
1890 523 1902 540 ,
1927 501 2053 541 &judi-

1180 547 1219 576 tii
1234 543 1361 582 aeterni,
1387 542 1696 580 &commentatur:
1714 552 1787 582 Hae
1802 548 1841 589 est
1871 549 1961 584 laetis
1973 552 2057 584 uber-

1181 603 1250 634 tas,
1270 592 1333 635 fine
1342 604 1399 635 quo
1408 603 1467 625 non
1477 598 1614 635 vivunt,
1640 601 1692 637 qui
1705 599 1778 639 jam
1797 600 1917 640 quidem
1944 607 2060 634 ratione

1179 653 1305 677 utuntur
1314 652 1349 676 ut
1362 642 1467 685 poffint
1484 643 1602 677 credere
1622 668 1634 685 ,
1654 642 1715 689 sed
1730 647 1839 681 bonum
1858 650 1880 681 ἃ
1899 651 1977 683 malo
2002 662 2062 684 non

1179 694 1322 727 credendo
1339 693 1459 726 tantum
1470 717 1481 733 ,
1507 694 1612 727 verum
1632 701 1726 729 etiam
1742 698 1935 742 intelligendo
1946 723 1957 739 ,
1982 702 2065 742 quod

1175 749 1307 786 pertinet
1333 744 1378 775 ad
1396 741 1525 785 solidum
1542 744 1651 786 cibum,
1669 744 1818 789 separare
1843 760 1903 782 non
1924 751 2040 792 poffunt
2053 776 2061 783 .

1180 795 1275 837 ,Quod
1283 802 1382 826 autem
1392 792 1538 835 Apostolus
1551 799 1584 827 in
1602 795 1692 829 labiis
1711 804 1977 832 commemoratione
2009 808 2064 841 po-

1175 843 1237 887 suit
1249 844 1283 876 &
1294 842 1471 882 dominam,
1486 842 1552 886 ipsa
1562 844 1601 885 est
1612 857 1680 889 quae
1685 855 1744 889 per
1753 848 1915 888 symbolum
1926 850 2063 882 traditur

1182 895 1385 927 &orationem
1398 895 1601 927 Dominicam·
1629 895 1756 932 Lucide
1766 898 1950 939 adseverat,
1970 898 2062 943 quod

1183 954 1237 986 per
1258 941 1455 975 Inchoatienis
1479 945 1645 978 Sermonem
1655 945 1838 991 Apostolus
1862 948 2063 984 intellexerit

1182 992 1398 1035 Symbolum:
1425 993 1539 1037 utique
1563 995 1736 1031 conditum
1757 997 1799 1032 ab
1821 997 2011 1042 Apostolis.

1231 1042 1375 1076 inlibris
1391 1052 1507 1077 contra
1518 1043 1790 1088 Euthychianam
1812 1047 1953 1083 haerefim
1965 1048 2062 1094 Vigi·
2104 1086 2109 1092 ⁶

1183 1094 1247 1127 lius
1257 1116 1268 1132 ‚
1295 1092 1406 1126 nescio
1417 1091 1509 1135 cujus
1520 1093 1666 1129 Ecclefiae
1676 1097 1711 1131 in
1723 1097 1837 1132 Africa
1857 1099 2039 1143 Episcopus
2050 1123 2061 1140 ,
2081 1085 2139 1116 ω’·
2167 1089 2193 1123 4'.

1183 1141 1295 1177 laudat
1306 1142 1454 1190 nostrum
1464 1142 1908 1192 Symbolum,&adjungit:
1935 1153 2060 1190 Romae,
2079 1136 2141 1165 cap·
2167 1136 2190 1155 ¹‘

1184 1195 1391 1235 &antequam
1401 1196 1534 1228 Nicaena
1541 1195 1673 1234 synodus
1692 1203 1886 1238 conveniret,
1912 1199 1933 1231 ἃ
1952 1206 2060 1241 tempo-

1184 1243 1269 1277 ribus
1281 1241 1475 1286 fipostolorum
1484 1242 1575 1287 usque
1585 1246 1631 1278 ad
1639 1257 1739 1287 nunc,
1765 1248 1800 1282 (9·
1813 1246 1873 1290 sub
1894 1247 1990 1283 beatae
2002 1260 2060 1282 me-

1186 1298 1287 1327 moriae
1298 1291 1453 1339 Caelestino
1463 1317 1474 1334 ,
1485 1299 1533 1327 cui
1551 1294 1602 1335 iste
1613 1319 1624 1336 ,
1650 1297 1761 1331 nescio
1783 1298 1857 1342 quis
1868 1297 2061 1333 Euthichia-

1188 1355 1270 1384 nus,
1296 1342 1461 1384 ret‘laefidei
1470 1343 1663 1384 testimonium
1673 1348 1811 1381 reddidit
1819 1345 1837 1389 ,'
1856 1353 1903 1381 ita
1917 1347 2060 1391 fidelibus

1187 1394 1348 1433 Symbolum
1360 1394 1494 1427 traditur
1505 1418 1512 1425 .
1538 1395 1584 1428 Et
1596 1395 1631 1428 in
1645 1397 1835 1439 praefatione
1844 1397 1887 1431 ad
1908 1397 2009 1432 libros
2019 1398 2062 1436 de

1188 1443 1308 1488 Spiritu
1321 1443 1439 1478 Sancto
1449 1443 1633 1479 Paschasius
1644 1445 1807 1480 Romanae
1826 1447 1975 1481 Ecclefiae
1985 1448 2063 1482 Dia-

1188 1505 1292 1528 conus
1304 1505 1311 1525 :
1332 1492 1519 1528 catholicam
1524 1493 1621 1536 fidem
1633 1496 1789 1538 apostolica
1795 1495 1961 1540 sollicitudo
1972 1508 2063 1541 atque

1184 1543 1328 1587 perfellio
1343 1567 1354 1583 ,
1371 1542 1447 1586 ficut
1466 1552 1526 1587 per
1544 1543 1673 1578 sanetas
1695 1548 1833 1592 Paginas
1854 1548 2063 1590 dilataverat,

1189 1600 1234 1628 ita
1255 1601 1312 1636 per
1333 1594 1494 1633 Symbolum
1507 1592 1644 1638 salutare
1664 1602 1743 1630 mira
1764 1597 1916 1632 brevitate
1928 1599 2063 1642 collegit,

1190 1646 1391 1686 &tamquam
1396 1652 1453 1686 per
1464 1643 1604 1688 diversas
1622 1648 1816 1681 remediorum
1833 1646 1948 1691 species
1968 1647 2064 1692 dispo-

1185 1692 1249 1738 suit
1269 1699 1302 1726 in
1323 1701 1426 1736 corpus
1448 1706 1561 1736 unum,
1587 1707 1624 1729 ac
1644 1698 1728 1731 velut
1742 1709 1781 1731 ex
1807 1703 1973 1732 innumeris
1998 1710 2064 1731 aro-

1189 1743 1323 1778 matibus
1344 1742 1507 1787 pretiosum
1529 1745 1654 1788 confecit
1678 1757 1863 1792 unguentum
1890 1774 1897 1780 .
1926 1748 1971 1783 Et
1997 1746 2064 1782 hoc

1191 1795 1297 1838 ipsum
1317 1794 1354 1827 in
1374 1794 1519 1829 secundo
1540 1795 1582 1830 de
1593 1796 1824 1832 Ecclefiasticis
1834 1798 1952 1833 officiis
1976 1798 2063 1832 libro

1180 1843 1289 1878 -rradit
1313 1844 1448 1877 Sanctus
1467 1844 1714 1888 Hispalenfium
1735 1847 1882 1883 Antistes
1905 1847 2062 1883 lfidorus:

1191 1892 1346 1936 Disceffuri
1365 1892 1405 1926 ab
1427 1899 1558 1927 invicem
1577 1896 1724 1938 Apostoli,
1751 1910 1886 1931 normam
1900 1904 1992 1941 prius
2008 1898 2065 1941 fibi

1181 1943 1303 1985 futurae
1317 1944 1546 1985 pradicationis
1566 1950 1599 1977 in
1621 1957 1770 1981 commune
1789 1947 1966 1988 constituunt
1990 1973 2002 1990 ,
2027 1961 2065 1984 ne

1188 1994 1318 2027 localiter
1342 1993 1381 2025 ab
1408 1998 1537 2027 invicem
1557 1993 1802 2038 discedentibus,
1829 1997 1983 2042 diversum
2008 2001 2065 2033 ali-

1188 2044 1268 2086 quid
1274 2051 1326 2075 aut
1337 2043 1477 2085 dissimum
1483 2045 1691 2085 predicantur
1701 2046 1814 2089 bis‚qui
1825 2050 1868 2080 ad
1873 2048 1964 2090 fidem
1976 2049 2066 2082 Chri·

1181 2093 1223 2133 sti
1247 2092 1460 2125 invitabantur
1485 2117 1493 2124 .
1521 2097 1630 2128 Omnes
1652 2107 1718 2139 ergo
1744 2102 1777 2129 in
1802 2109 1860 2130 uno
1880 2098 1967 2141 positi
1994 2123 2004 2139 ,
2031 2101 2066 2133 <9⁹

1189 2145 1305 2184 Spiritu
1329 2142 1438 2175 santio
1462 2144 1566 2185 repleti
1590 2169 1601 2185 ,
1638 2145 1729 2179 breve
1758 2145 1815 2189 fibi
1834 2150 2065 2190 praedicationis

1188 2193 1331 2225 indicium
1355 2216 1366 2233 ‚
1391 2191 1564 2234 conferendo
1597 2200 1634 2239 in.
1662 2207 1755 2229 unum
1775 2192 1857 2240 quod
1868 2196 2064 2241 sentiebant,

1189 2250 1375 2284 componunt,
1386 2251 1476 2285 atque
1485 2242 1564 2276 hanc
1569 2245 1761 2279 credentibus
1772 2248 1907 2280 dandam
1918 2249 1970 2291 effe
1981 2260 2067 2293 regu-

1189 2291 1447 2332 lamconstituunt.
1476 2291 1531 2328 Ad
1545 2294 1652 2328 firmat
1674 2296 1798 2330 titulari
1812 2297 2009 2340 Symbolum
2018 2299 2066 2332 ob

1190 2352 1254 2376 tres
1263 2343 1390 2376 causas:
1418 2344 1675 2386 propterfactam
1688 2346 1735 2379 sui
1748 2347 1878 2381 articuli
1897 2348 1916 2381 ὲ.
1928 2348 2066 2393 lingulis

1191 2391 1361 2435 Apostolis
1387 2392 1624 2435 collationem,
1651 2405 1687 2429 ut
1708 2396 1804 2430 nobis
1820 2398 1896 2431 esset
1915 2399 2067 2432 militaris

1192 2442 1323 2482 tessera,
1349 2441 1546 2476 &discretio
1556 2444 1704 2479 fidelium
1722 2446 1763 2479 ab
1774 2446 1978 2481 infidelibus.
2006 2448 2070 2482 Pa-

1193 2491 1259 2525 lam
1270 2491 1417 2535 loquitur
1436 2504 1479 2526 ex
1496 2495 1702 2537 expofitione
1719 2495 1870 2539 Symboli
1887 2509 1944 2540 per
1964 2498 2068 2532 Rusfi-

1194 2553 1274 2576 num
1285 2540 1530 2585 Presbyterum.
1559 2543 1684 2578 Eadem
1695 2546 1871 2581 confirmat
1887 2548 1923 2581 in
1950 2548 2067 2582 litteris

1192 2591 1234 2626 ad
1262 2591 1442 2626 Claudium
1463 2592 1611 2627 Ducem.
1640 2594 1688 2629 At
1709 2593 1891 2631 Photianas
1910 2597 1951 2631 de
1971 2599 2067 2641 Sym-

1195 2641 1264 2676 boli
1285 2641 1512 2676 additamento
1538 2655 1642 2689 nugas
1667 2656 1828 2680 memorat
1849 2657 1946 2690 atque
1962 2647 2068 2691 impu·

1195 2702 1277 2736 gnat
1298 2691 1358 2726 ista
1381 2692 1527 2735 Epistola
1554 2718 1565 2734 ‚
1591 2705 1690 2738 atque
1712 2695 1757 2729 ita
1777 2695 1925 2729 altiffime
1944 2697 2067 2731 clamat

1193 2743 1225 2775 se
1251 2742 1314 2777 effe
1338 2743 1573 2786 supposititiam
1601 2768 1612 2784 ,
1637 2744 1757 2779 lfidoro
1783 2745 1885 2790 longe
1910 2746 2068 2789 posterio-

1193 2803 1281 2826 rem.
1308 2792 1425 2827 Sansto
1452 2792 1575 2827 Isidoro
1596 2796 1754 2828 consonat
1781 2795 1975 2830 Mansuetus
1995 2796 2068 2831 Me·

1191 2841 1387 2876 diolanenfis
1406 2841 1679 2887 Archiepiscopus
1698 2845 1734 2878 in
1755 2844 1871 2879 litteris
1896 2845 1938 2880 ad
1964 2845 2068 2890 Impe-

1192 2903 1331 2926 ratorem
1342 2891 1599 2926 Constantinum
1611 2906 1622 2926 .-
1649 2893 1777 2927 Verbum
1786 2895 1956 2928 breviatum
1965 2895 2065 2937 faciet

1194 2945 1338 2974 Dominus
1345 2940 1436 2984 fiiper
1445 2945 1587 2982 Terram,
1615 2944 1696 2984 quod
1706 2951 1764 2985 per
1780 2944 1904 2977 sanllos
1918 2945 2062 2988 Apostolos

1191 2993 1325 3024 vidimus
1345 2993 1497 3033 impletum
1525 3016 1531 3023 .
1558 2993 1649 3035 ,Quid
1666 2999 1746 3026 enim
1772 2993 1895 3028 brevius
1920 3019 1932 3036 ,
1971 2998 2064 3038 quum

1185 3040 1312 3096 simplex
1329 3041 1405 3083 fidei
1415 3041 1574 3080 symbolum
1596 3041 1635 3074 ab
1655 3042 1793 3084 Apostolis
1815 3043 2004 3086 institutum,
2030 3051 2063 3078 in

1191 3103 1246 3133 quo
1267 3090 1408 3131 mysticum
1421 3093 1606 3124 sacramenti
1615 3098 1779 3127 continetur
1790 3096 1963 3129 Arcanum?

1240 3140 1322 3174 Non
1350 3141 1451 3175 solius
1477 3141 1666 3182 Mansueti,
1693 3142 1747 3177 sed
1773 3143 1874 3178 totius
1899 3143 2066 3179 Mediola-

1193 3190 1294 3224 nenfis
1306 3190 1434 3233 Synodi
1452 3190 1515 3225 fuit
1534 3190 1593 3224 ista
1605 3191 1771 3236 Epistola:
1800 3194 1878 3237 Ejus
1900 3195 1995 3229 sextae
2005 3196 2063 3238 Sy-

1192 3239 1281 3274 nodo
1290 3240 1506 3274 transmissum
1516 3265 1526 3281 ‚
1536 3240 1677 3283 ejusdem
1689 3241 1781 3277 Astis
1791 3244 1962 3285 insertum,
1974 3245 2062 3279 ideo-

1191 3301 1253 3334 que
1273 3290 1307 3323 &
1327 3289 1369 3323 ab
1388 3290 1454 3333 ipsa
1482 3290 1654 3333 probatum
1665 3292 1853 3338 suffiagium
1866 3319 1873 3326 .
1901 3294 2011 3329 Etiam
2026 3295 2062 3327 in

1193 3340 1296 3384 primo
1311 3338 1461 3374 adversus
1473 3341 1977 3389 Elipandum'Archiepiscopum
1989 3344 2060 3378 To-

1192 3391 1336 3424 letanum
1355 3389 1440 3424 libro
1453 3389 1607 3425 Etherius
1631 3403 1669 3426 ac
1682 3392 1802 3428 Beatus
1825 3395 1966 3428 referunt
1978 3394 2059 3427 inte-

1191 3440 1245 3483 gre
1271 3438 1417 3473 nostrum
1451 3439 1670 3483 Symbolum,
1694 3443 1727 3476 δι
1750 3443 1956 3488 adjungunt:
1982 3446 2059 3475 Ecce

1186 3490 1278 3532 fidem
1299 3488 1503 3532 Apostolicam,
1515 3497 1547 3525 in
1569 3502 1630 3537 qua
1647 3492 1797 3535 baptizati
1811 3492 1916 3537 sumus
1930 3515 1941 3531 ‚
1968 3502 2058 3532 quam

1920 3541 2010 3575 σιώ·-
2064 3573 2076 3593 a

2085 1926 2160 1966 cap·
2180 1936 2191 1946 c
2214 1937 2239 1954 κ
