2346 3776
328 149 376 194 88

325 220 379 258 qut
400 213 571 257 existimant
580 226 666 257 eum,
692 216 937 258 quemadmodum
945 212 1053 257 priscis
1073 217 1208 254 tempori-

322 265 381 298 bus
402 270 436 299 in
455 277 689 311 unumquemque
709 267 725 299 ἑ
743 264 861 298 sanctis
884 262 1034 307 descendit
1052 287 1063 303 ‚
1088 268 1134 295 ita
1143 271 1207 295 tum

321 327 436 360 quoque
466 322 500 351 t'n
530 320 640 351 Μανία
657 317 769 351 Filium
787 313 971 358 defiendffi,
997 322 1031 349 ut
1051 323 1118 346 eum
1134 314 1208 345 San-

321 365 467 408 dlificaret
495 390 507 407 ,
532 368 567 402 Θ
600 372 633 399 in
662 377 694 400 oo
719 363 753 408 se
774 364 933 404 ostenderet
948 389 958 405 ,
984 373 1018 399 ut
1037 368 1070 396 in
1088 367 1206 396 caeteris

321 415 522 453 sanatoribus
544 415 709 451 bominibus
713 413 798 456 fecit.
826 415 906 448 Hoc
929 415 1036 458 ipsum
1047 412 1156 447 scribit
1167 412 1202 445 in

319 462 441 504 Literis
461 465 503 499 ad
531 463 731 508 Adelphium
740 464 939 509 Episcopum
952 488 962 504 ‚
988 462 1023 499 in
1037 463 1156 497 Literis
1166 461 1206 497 ad

316 514 508 551 Maximum
518 513 757 560 Philosophum
770 539 780 555 ‚
809 515 844 561 in
864 514 984 550 Literis
1006 513 1047 548 ad
1063 513 1207 555 Serapio-

316 576 397 602 nem
409 565 610 609 Episcopum
621 589 633 605 ,
657 565 693 603 in
705 564 825 600 Literis
832 564 873 599 ad
886 562 1134 600 Antiochenam
1147 561 1207 595 Ec-

316 614 447 652 clesiam
458 639 470 659 ,
496 615 532 651 in
553 615 673 651 Literis
693 614 734 649 ad
753 615 938 658 Epictetum
952 611 1206 648 Corinthiorum

315 665 522 709 Episcopum
535 690 545 706 ,
557 666 593 699 in
605 664 707 701 Libro
719 664 761 702 de
771 665 1000 699 incarnatione
1012 661 1116 696 Verbi
1127 672 1206 695 con-

314 725 365 749 tra
376 715 519 754 Paulum
530 716 798 755 samosatensem,
808 715 886 750 &in
896 713 999 749 Libro
1010 712 1052 746 de
1062 712 1205 754 suscepta

312 776 373 810 per
395 765 623 811 Unigenitum
635 764 779 799 humana
791 774 905 799 natura
916 772 1031 797 contra
1039 760 1184 796 Arianos
1195 786 1205 802 ,

312 813 352 854 in
372 815 476 855 Libro
499 816 541 854 de
554 816 696 852 Domini
708 814 938 849 incarnatione
948 811 1206 856 contra-Apolli-

312 865 466 906 narium,
492 877 531 902 ac
551 866 587 899 in
609 865 683 900 aliis
705 865 795 899 locis.
822 863 895 898 Istis
905 862 1062 900 omnibus
1077 861 1206 899 inlocis

312 914 532 956 nervosiffime
552 915 754 951 demonstrat
771 914 885 957 Deum
895 912 1044 949 Verbum
1054 913 1147 947 fuisse
1157 922 1206 947 ve-

312 968 432 1000 raciter
454 965 661 1008 incarnatum
672 964 706 1000 in
718 975 820 1001 unam
830 962 906 1000 cum
918 964 1029 998 nostra
1043 963 1140 1007 plena
1152 974 1207 997 na-

311 1023 386 1052 tura
406 1014 617 1059 Hypostasim
638 1027 674 1050 ac
686 1015 862 1051 Personam
874 1040 885 1056 ‚
911 1026 981 1048 non
993 1013 1107 1048 contra
1123 1011 1206 1046 Pau·

312 1064 384 1098 lum
395 1065 649 1102 Samosatensem
661 1065 834 1100 dumtaxat
845 1089 856 1105 ‚
882 1064 936 1101 sed
949 1064 1129 1108 insuper&
1136 1063 1206 1107 qui-

310 1113 390 1165 dem
392 1115 622 1165 principaliter
631 1127 744 1150 contra
758 1114 888 1150 Arium.

364 1165 520 1201 Eundem
551 1178 693 1201 errorem
723 1166 807 1202 Ario
820 1163 974 1199 adscribit
986 1165 1022 1199 in
1033 1164 1152 1199 Literis
1164 1163 1204 1197 ad

311 1213 511 1256 Archibium
539 1215 768 1259 Presbyterum
779 1216 904 1249 finctus
914 1213 1051 1249 Isidorus
1064 1214 1206 1248 Pelusio-

177 1258 253 1338 1}ng
261 1270 296 1329 ἑὲ
311 1275 361 1300 tes
383 1278 390 1298 τ
425 1268 519 1310 ,Quod
530 1266 562 1308 fi
577 1265 747 1305 Christus,
774 1274 808 1298 ut
827 1266 916 1305 ajant
937 1263 1078 1306 Ariani,
1104 1265 1203 1298 nudas

302 1316 373 1362 fuit
394 1316 476 1350 homo
498 1341 508 1357 ,
535 1318 646 1351 divina
661 1322 769 1361 gratia
791 1316 970 1355 decoratus,
995 1325 1087 1357 quare
1102 1315 1204 1355 „iudei

309 1378 376 1400 cum
406 1369 475 1401 nam
504 1368 612 1400 multos
645 1374 730 1401 viros
757 1365 880 1399 Sane‘los
895 1363 1070 1409 sustiderint
1091 1389 1102 1405 ,
1129 1362 1207 1397 nibil

309 1426 413 1452 tamen
432 1415 575 1460 ejufinodi
595 1429 728 1459 unquam
742 1413 818 1458 sunt
835 1414 871 1447 ab
887 1417 924 1449 id
935 1416 1058 1457 perpeffi
1069 1415 1085 1445 ?
1112 1414 1157 1448 Et
1168 1414 1203 1448 in

309 1467 456 1502 carmine
476 1466 517 1502 de
541 1468 596 1502 sua
617 1467 684 1501 vita
705 1467 832 1501 sanstus
853 1465 1034 1509 Gregorius
1061 1464 1204 1498 Nazian-

309 1529 409 1556 zenus
424 1511 519 1552 ‘mter
539 1517 646 1551 varios
666 1528 708 1550 ex
727 1513 811 1549 Ario
822 1523 918 1550 natos
931 1526 1055 1549 errores
1063 1515 1202 1557 ponit&

310 1565 402 1604 hunc
430 1581 441 1601 .·
468 1566 523 1607 Est
533 1573 586 1609 qui
593 1565 758 1609 secundum
769 1565 907 1606 Filium,
932 1566 1038 1606 nempe*
1048 1563 1179 1605 inferum
1191 1589 1202 1605 ‚

309 1619 443 1653 inducat.
473 1617 516 1652 Et
537 1618 573 1652 in
585 1617 781 1651 Sermonum
793 1615 927 1649 suorum
938 1614 1121 1659 Fragmetis
1131 1614 1203 1649 scri-

310 1667 359 1704 bit
382 1669 507 1702 sanctus
519 1666 746 1712 Augustinus:
760 1666 907 1701 Procedat
924 1668 1058 1698 Artanus
1081 1689 1093 1706 ‚
1113 1665 1202 1706 prius

305 1720 450 1761 procedat
463 1717 662 1751 Photinianus
678 1742 689 1758 ‚
702 1721 845 1750 Haeretici
856 1722 909 1758 qui
925 1719 1084 1749 Dominum
1087 1718 1120 1760 J
1122 1714 1201 1759 esum

308 1767 368 1810 nist
384 1768 530 1802 hominem
551 1770 669 1801 omnine
688 1779 745 1801 non
772 1774 931 1800 noverunt.
961 1764 1201 1805 nomunciomstae

308 1821 451 1853 dicuntur
466 1818 516 1862 ιμζβῗὶ
538 1823 686 1852 Haeretici.
714 1816 976 1857 Homunciomstae‚
1001 1822 1075 1858 qnia
1088 1827 1145 1848 non
1154 1826 1202 1847 no-

308 1879 419 1902 verunt
440 1868 589 1908 Christum
600 1891 611 1907 ‚
637 1867 694 1909 m'fi
710 1867 863 1901 hominem.
898 1866 941 1899 Et
966 1865 1001 1899 in
1022 1863 1201 1899 decimode

308 1919 484 1955 Saetiffima
499 1917 670 1951 Trinitate
683 1916 786 1951 Libro
798 1914 907 1950 scribit
918 1915 1042 1948 sanstus
1051 1913 1200 1948 Hilarius

308 1968 517 2004 Pictavienfis
538 1967 720 2011 Episcopus
732 1980 739 1999 :
750 1964 907 2001 Haeretici
917 1965 1051 1998 volentes
1063 1968 1199 2008 UnIgeni-

307 2029 375 2054 tum
396 2023 511 2059 Deum,
537 2024 589 2062 qui
611 2023 644 2050 in
667 2019 817 2059 Principio
833 2016 919 2058 apud
927 2018 1023 2048 Deum
1033 2023 1099 2048 erat
1116 2018 1198 2047 Deus

307 2070 461 2110 Verbum,
485 2080 542 2102 non
561 2066 781 2111 substantivum
804 2066 902 2099 Deum
924 2064 994 2108 effe,
1016 2062 1076 2107 sed
1091 2067 1200 2097 sermo-

306 2132 377 2156 nem
398 2125 478 2153 vocis
494 2118 601 2162 emiffae
614 2142 625 2158 ‚
651 2128 685 2152 ut
704 2118 785 2160 quod
791 2114 976 2159 loquentibus
989 2114 1027 2155 est
1034 2113 1123 2157 suum
1133 2125 1204 2147 ver-

308 2171 379 2206 bum
397 2194 408 2210 ‚
433 2169 484 2203 hoc
499 2167 539 2212 fit
568 2171 658 2202 Patri
678 2171 739 2202 Deo
761 2168 861 2200 Filius
884 2190 896 2206 ,
921 2166 1026 2209 argute*
1039 2163 1198 2207 subrepere

309 2222 418 2255 volunt
436 2244 446 2260 ,
473 2231 509 2253 ne
529 2217 684 2262 subfistens
721 2217 851 2252 Verbum
877 2219 959 2249 Deus
979 2239 991 2256 ,
1015 2216 1050 2248 (ν
1070 2226 1196 2248 manens

309 2277 343 2307 in
364 2270 470 2313 forma
500 2272 558 2303 Dei
581 2294 592 2310 ‚
617 2267 753 2309 cbristus
781 2267 864 2300 homo
896 2275 988 2299 natus
1010 2264 1049 2306 fit
1065 2273 1115 2299 :ut
1133 2265 1197 2297 cum

309 2321 457 2356 hominem
478 2321 561 2353 illum
571 2319 710 2353 bumanae
717 2319 819 2360 potius
832 2322 955 2360 originis
963 2317 1058 2358 cauffa
1070 2340 1081 2356 ‚
1105 2315 1197 2357 quam

272 2412 274 2414 v
312 2372 486 2413 spiritualis
518 2376 712 2412 conceptionis
745 2370 972 2404 sacramentum
990 2371 1196 2406 animaverit,-

310 2432 371 2455 mn
401 2425 483 2454 Deus
514 2420 643 2453 Verbum
664 2419 809 2452 bominem
826 2417 912 2462 seex
940 2424 1036 2457 partu
1066 2419 1197 2458 Virginis

310 2471 435 2513 efficiens
475 2469 619 2506 exstiterit
648 2492 659 2508 ,
702 2467 760 2511 sed
787 2478 822 2502 ut
853 2474 887 2502 in
918 2465 1077 2507 Prophetis
1109 2459 1217 2506 spiri-l

311 2529 363 2554 tus
399 2518 568 2561 Prophetiae
594 2544 605 2560 ‚
630 2524 677 2551 ita
703 2524 736 2551 in
763 2516 847 2563 Jesu
868 2516 996 2552 Verbum
1020 2518 1077 2549 Dei·
1090 2514 1197 2556 fuerit.

312 2568 469 2605 Omnino
491 2578 588 2606 notat
609 2567 776 2608 Arianos,
802 2566 837 2601 hi
855 2567 946 2602 enim
966 2565 1051 2600 duos
1068 2565 1134 2599 Dei
1148 2564 1198 2600 Fi-

312 2620 378 2655 lios
398 2643 408 2659 ‚
435 2619 470 2654 &
501 2618 624 2662 duplex
659 2617 880 2653 distinxerunt
900 2617 1012 2652 Deum
1030 2614 1197 2651 Verbum:

314 2670 535 2706 intrinsecum
558 2669 592 2704 &
611 2667 900 2704 Consubstantiale
915 2691 925 2707 ‚
951 2677 1049 2708 atque
1067 2666 1199 2700 Extrin-

314 2721 425 2755 secum
454 2730 493 2754 ac
517 2716 695 2754 substantia
725 2718 897 2753 diversum.
926 2717 969 2751 Et
990 2714 1055 2749 hoc
1075 2715 1119 2749 est
1144 2715 1198 2748 illa

316 2769 470 2812 Suprema
497 2779 535 2802 ac
559 2769 697 2803 immota
719 2767 827 2802 Mens.
853 2769 954 2802 Hanc
976 2765 1080 2801 solam
1099 2763 1200 2798 Arius

317 2819 402 2854 dixit
422 2819 611 2854 Dominicae
622 2818 769 2853 Personas
780 2818 1036 2852 constitutivam.
1064 2814 1199 2849 Extrin-

319 2870 430 2903 secum
450 2892 461 2908 ‚
486 2868 578 2912 quod
591 2867 762 2902 dumtaxat
774 2868 979 2911 prolatitium
992 2891 1001 2906 ,
1028 2866 1096 2899 Dei
1122 2865 1202 2900 Ver-

320 2918 402 2952 bum
424 2917 508 2952 dixit
530 2919 564 2951 in
586 2918 676 2961 ipso,
702 2928 739 2952 ut
761 2918 796 2951 in
809 2916 1003 2960 Prophetis,
1029 2915 1200 2949 dumtaxat

321 2966 477 3003 habitasse
487 2991 498 3008 ,
524 2967 664 3011 ideoque
677 2968 772 3002 illum
786 2979 855 3001 non
867 2968 960 3002 fuisse
975 2991 985 3006 ,
1011 2965 1069 2998 nini
1084 2976 1201 3007 purum

322 3016 502 3057 hominem.
528 3017 681 3051 Eundem
702 3029 844 3052 errorem
864 3017 951 3061 large
962 3013 1093 3051 discutit
1106 3015 1203 3054 infra,

323 3066 359 3099 &
380 3065 528 3099 adfirmat
551 3077 592 3099 ex
615 3067 685 3108 ipso
706 3067 920 3112 dogmatizari
942 3065 1043 3100 varia.
1068 3063 1201 3103 Primo,

323 3114 414 3158 quod
436 3113 584 3147 Christus
602 3115 767 3151 Dominus
789 3127 865 3151 ante
889 3117 1034 3152 Mariam
1056 3126 1125 3148 non
1139 3116 1204 3148 fue-

324 3165 377 3199 rit.
403 3163 535 3196 Deinde
557 3187 568 3204 ,
614 3164 703 3206 quod
724 3177 791 3199 non
823 3167 960 3210 Propria
991 3167 1049 3199 suae
1066 3164 1204 3202 animae,

325 3213 383 3251 sed
404 3212 509 3247 aliena
531 3211 744 3247 inhabitantis
759 3216 861 3249 Verbi
873 3218 991 3250 virtute
1002 3215 1135 3259 patrarit
1146 3214 1201 3247 mi.

326 3261 448 3299 racula.
474 3260 594 3294 Tertio
613 3286 624 3302 ,
649 3263 738 3305 quod
757 3264 798 3296 ab
818 3265 880 3299 isto
900 3266 1013 3300 Verbo
1035 3265 1070 3297 in
1089 3263 1207 3297 Paffio-

327 3324 371 3351 ne
392 3310 489 3347 fuerit
506 3309 646 3344 desertus
658 3335 669 3350 ‚
694 3321 791 3354 atque
810 3313 855 3346 ita
865 3314 1019 3349 deficiens
1029 3313 1182 3347 clamavit
1196 3326 1206 3345 .-

329 3364 429 3398 Deus!
461 3363 543 3394 Deus
554 3371 635 3392 meus
659 3362 671 3394 .'
694 3372 786 3402 quare
795 3373 840 3394 me
850 3364 1025 3406 dereliquisti
1040 3364 1055 3395 ‚2
1084 3362 1140 3396 Est
1152 3374 1208 3396 an-

327 3413 420 3456 tiqua
441 3408 594 3443 Cerinthi
614 3420 652 3443 ac
675 3409 813 3444 Ebionis
834 3434 844 3450 ‚
871 3413 926 3454 qui
938 3414 1033 3455 primi
1055 3412 1208 3447 Domini-

330 3473 374 3498 cae
383 3459 672 3497 Inhumanationis
690 3459 932 3494 Sacramentum
947 3463 1208 3506 praesumpserunt

330 3512 464 3560 ntietffire
475 3534 486 3552 2
513 3507 644 3555 Iudaica
657 3508 869 3555 blasphemia,
891 3512 1049 3556 resumpta
1059 3512 1100 3547 ab
1113 3512 1210 3553 Ario,

782 130 1229 184 DlssERTATlo
1279 126 1692 184 Pnooemmms.

1270 220 1308 244 ac
1336 210 1435 246 etiam
1465 212 1485 246 a
1517 213 1673 249 Photino.
1702 213 1770 249 Uti
1806 214 1868 249 hos
1888 213 2002 249 ambos
2021 215 2147 253 sanetus

1271 259 1475 305 Augustinus
1495 263 1692 306 conjunxit,
1717 266 1762 299 ita
1781 266 1816 299 δε
1835 265 2007 301 in'ambos
2029 291 2041 307 ,
2066 267 2146 303 licet

1270 320 1340 344 non
1358 312 1538 356 exprimat,
1563 313 1672 348 scribit
1693 315 1818 349 sanstus
1836 315 2004 350 Hilarius.
2122 320 2127 325 ‘

1322 359 1423 407 Quod
1446 362 1580 405 quidam
1601 363 1720 397 Ariani
1729 365 1823 408 plene
1833 365 1909 401 cum
1921 366 2069 402 Photino
2079 368 2147 402 sena

1269 409 1389 452 serint,
1413 411 1529 447 diserte
1540 412 1637 447 tradit
1649 413 1773 448 sanstus
1786 413 1984 451 Athanasius
1995 418 2030 451 in
2043 417 2148 454 Libro
2211 446 2214 448 v

1269 460 1323 494 seu
1342 459 1487 504 Epistola
1509 462 1551 497 de
1572 460 1664 497 Actis
1683 462 1824 499 Nicaeiiae
1840 466 2148 511 SynodizEusi-bius

1267 521 1304 542 ex
1325 509 1476 553 Caesaerqa
1493 512 1650 554 Palestinae
1660 511 1747 556 miser
1753 516 1877 556 prorsus
1888 522 1921 549 in
1931 528 1963 550 eo
1964 516 2033 559 fuit
2044 541 2055 557 ‚
2066 518 2148 560 quod

1266 568 1300 592 ut
1318 557 1352 602 se
1373 563 1460 602 apud
1475 566 1637 597 Nicaenam
1646 565 1959 610 synodumpurgaret,
1983 566 2144 610 coat‘lusfit

1268 612 1395 642 Arianos
1419 610 1579 655 accusare,
1604 615 1684 656 quod
1691 615 1734 648 illi
1743 616 1891 655 scriptum
1899 618 2073 661 reliquissent
2084 629 2143 651 non

1262 658 1352 703 futffe
1373 662 1505 703 Filium,
1529 673 1691 707 antequam
1701 671 1875 708 gigneretur
1886 689 1898 705 ,
1923 678 1960 699 ac
1977 668 2048 700 inde
2058 674 2150 701 ratio·

1264 714 1359 742 cinari
1381 712 1493 745 vellent
1512 724 1579 746 eum
1597 725 1649 748 nec
1668 725 1740 747 ante
1756 721 1858 747 carnis
1869 716 1989 757 quidem
1999 723 2147 750 nativita-

1265 767 1324 792 tem
1344 759 1494 805 exstitiffe.
1521 766 1567 796 Et
1585 763 1636 797 boc
1653 762 1749 807 ipsmn
1766 764 1824 808 scit
1847 764 1982 799 Eusebii
2002 766 2037 799 in
2049 766 2151 800 Caesa·
2189 797 2198 801 ,,

1264 810 1411 844 raeensem
1422 810 1621 848 Cathedram
1634 814 1804 858 proximus
1825 814 1992 849 successor
2011 816 2149 857 Aeacius,

1265 857 1322 900 nili
1348 860 1383 893 6·
1403 861 1452 894 ille
1480 874 1593 906 quoque
1625 875 1703 898 nunc
1730 874 1811 898 metu
1839 873 2004 907 temporum
2023 867 2148 907 dzffimu-

1264 908 1389 942 landum
1411 918 1521 954 putet,
1547 914 1583 947 6*
1607 922 1770 948 veritatem
1789 916 1866 950 velit
1885 916 2014 959 inficiari
2040 928 2047 948 :
2075 915 2150 951 Bla-

1265 968 1367 992 terare
1397 961 1487 1004 quod
1517 961 1666 999 Christus
1695 965 1866 1000 Dominus
1896 976 1973 1000 ante
2001 966 2148 1001 Mariam

1265 1008 1407 1043 Matrem
1420 1021 1490 1045 non
1502 1013 1600 1048 fuerit
1611 1038 1623 1053 ,
1641 1014 1688 1049 est
1697 1015 1915 1059 Purus-putus
1930 1015 2025 1050 Pauli
2037 1016 2152 1050 Samo-

1266 1059 1350 1092 saten
1356 1059 1394 1093 fis
1411 1070 1449 1093 ac
1459 1059 1599 1096 Photini
1610 1074 1720 1110 error,
1732 1065 1766 1099 δε
1777 1063 1853 1099 Arii
1862 1065 2070 1110 blesphemiis
2081 1066 2152 1101 nul-

1266 1108 1392 1143 latenus
1402 1110 1571 1146 consonat.
1598 1111 1736 1146 Etenim
1744 1116 1939 1158 generosam
1951 1116 2042 1151 illam
2055 1117 2152 1151 Men-

1266 1169 1330 1192 tem
1346 1183 1356 1198 ,
1378 1170 1447 1203 quae
1459 1171 1521 1204 pro
1531 1161 1718 1205 reparandis
1729 1161 1802 1196 allis
1813 1163 2018 1207 semetipsam
2027 1166 2153 1200 dimisit

1266 1219 1300 1242 ut
1312 1210 1389 1243 esset
1401 1209 1524 1250 anima,
1537 1210 1638 1245 Arius
1648 1211 1734 1249 dixit
1747 1211 1874 1247 dudum
1884 1214 1979 1248 fuisse
1990 1223 2068 1249 ante
2077 1214 2156 1249 Vir·
2171 1230 2173 1232 ·

1263 1259 1377 1304 ginem
1393 1259 1540 1294 Matrem
1552 1282 1560 1292 .
1586 1260 1632 1294 Et
1644 1272 1751 1304 neque
1762 1261 1868 1296 Paulo
1882 1276 1989 1307 neque
2002 1263 2154 1305 Photino

1265 1309 1454 1353 placuerunt
1464 1308 1524 1344 ista
1531 1309 1705 1344 Platonica
1716 1312 1873 1356 Origenis
1882 1314 2021 1349 somnia.
2051 1315 2155 1350 Uter-

1263 1370 1327 1403 que
1349 1358 1437 1394 dixit
1458 1358 1628 1394 Christum
1649 1361 2034 1407 Dominumessepurum
2046 1362 2154 1399 homi-

1265 1420 1341 1443 nem
1353 1433 1363 1449 ,
1390 1409 1425 1443 ὅ(
1445 1408 1481 1443 in
1491 1421 1627 1454 corpore
1638 1410 1672 1445 ὅ(
1684 1411 1718 1444 in
1729 1412 1841 1446 anima
1852 1422 1963 1447 ortum
1975 1425 2018 1447 ex
2030 1414 2152 1448 Matre.

1265 1459 1379 1505 Qare
1397 1456 1564 1493 Photinus
1584 1471 1654 1494 non
1675 1460 1781 1504 ipsum
1806 1461 1925 1496 Arium
1937 1463 2073 1498 sectatus
2083 1463 2153 1506 estss,

1263 1509 1318 1543 sed
1338 1508 1449 1542 nescio
1473 1519 1555 1553 quos
1576 1508 1729 1543 Arianos.
1757 1511 1800 1545 Et
1812 1510 1892 1547 hinc
1903 1512 1993 1548 vides
2003 1512 2153 1548 Arianos

1263 1557 1350 1594 circa
1365 1556 1454 1592 hunc
1464 1558 1643 1594 articulum
1654 1560 1748 1595 fuisse
1758 1562 1864 1599 varios
1873 1587 1884 1604 ,
1910 1563 1945 1598 δε
1956 1563 2117 1607 quosdam
2131 1563 2151 1598 ἢ

1263 1609 1323 1642 suo
1342 1606 1529 1652 Coryphaeo
1550 1608 1728 1649 discesiiss‘e.
1754 1611 1888 1648 Nam&
1899 1622 1979 1648 tunc
1990 1614 2150 1659 Origenis

1266 1658 1292 1692 F
1296 1657 1446 1702 figmenta
1454 1658 1585 1702 pessime
1596 1659 1749 1694 faetebant
1761 1662 1848 1705 apud
1858 1674 1975 1698 omnes
1985 1664 2152 1698 Ecclefias.

1313 1707 1453 1743 Istorum
1463 1710 1668 1745 Arianorum
1678 1710 1808 1746 sensum
1819 1713 1944 1748 sanstus
1954 1712 2157 1749 Athanasius

1262 1759 1401 1803 exponit
1423 1759 1459 1792 in
1479 1760 1664 1800 Oratione,
1691 1772 1756 1804 qua
1768 1761 1970 1797 demonstrat
1980 1761 2154 1801 Christum

1264 1809 1455 1842 Dominum
1486 1810 1550 1843 effe
1570 1818 1676 1846 unum
1698 1823 1710 1842 .·
1730 1810 1780 1851 Isti
1790 1810 2003 1856 progreffisunt
2012 1813 2155 1847 adincre-

1262 1856 1422 1894 dtditatem
1436 1881 1447 1897 ‚
1471 1857 1769 1894 &lababantunem
1782 1870 1842 1903 pro
1858 1867 2067 1896 Incarnatione
2087 1866 2151 1896 Fa-

1262 1905 1370 1940 bricati
1407 1905 1483 1950 sunt
1505 1931 1517 1949 ,
1541 1909 1576 1942 (tt
1594 1916 1653 1950 pro
1672 1915 1803 1944 unitione
1831 1913 1866 1945 (ν’
1883 1911 2077 1954 compofitlone
2094 1915 2153 1947 Del

1260 1967 1326 1989 cum
1356 1955 1472 1991 bomine
1502 1958 1634 1993 Indolem
1648 1969 1684 1991 ac
1704 1959 1884 2000 Industriam
1902 1961 2066 1996 humanam
2085 1986 2097 2003 ,
2117 1963 2154 1997 θ

1255 2015 1315 2049 pro
1329 2018 1393 2040 una
1410 2005 1594 2048 Subfflentia
1606 2011 1726 2041 Domini
1740 2009 1827 2050 nostri
1829 2015 1860 2056 J
1864 2010 1914 2055 efu
1929 2012 2063 2053 Christi,
2073 2013 2152 2046 duas

1260 2055 1461 2097 Subsfientias
1493 2057 1528 2091 <v
1548 2058 1626 2090 duas
1647 2057 1794 2102 Personas
1808 2084 1820 2099 ,
1845 2062 1880 2095 &
1896 2070 1954 2104 pro
1964 2062 2077 2096 SanHa
2087 2065 2153 2095 Trh-

1253 2111 1361 2140 -m’tate
1378 2112 1613 2149 quaternitatem
1626 2131 1636 2147 ‚
1661 2111 1762 2151 inepte
1768 2108 1860 2151 fimul
1876 2123 1913 2144 ac
1923 2110 2154 2155 impte‘sentien-

1260 2165 1316 2190 tes·
1341 2158 1446 2198 Inepte
1458 2180 1468 2197 ‚
1493 2159 1574 2200 quod
1593 2161 1654 2191 Deo
1666 2158 1812 2192 hominem
1822 2171 1988 2204 co-aequane
1999 2186 2011 2203 ,
2035 2164 2070 2196 &
2080 2173 2152 2205 quae

1254 2204 1342 2249 servi
1353 2203 1450 2249 sunt,
1474 2218 1540 2240 cum
1557 2211 1682 2242 Domino
1703 2216 1736 2242 in
1755 2211 1856 2244 eodem
1871 2213 1974 2255 gradu
1994 2213 2030 2246 ὑ
2051 2222 2154 2246 nusnae·

1260 2268 1291 2289 ro
1320 2257 1458 2290 collocant
1478 2281 1488 2297 ‚
1516 2258 1550 2292 &
1581 2258 1732 2292 conditam
1752 2259 1912 2304 personam
1932 2273 2000 2295 cum
2019 2263 2153 2296 incondi-

1259 2312 1303 2339 tis
1308 2304 1443 2350 perfhnis
1453 2306 1640 2350 construunt,·
1666 2312 1761 2351 Impie
1771 2313 1844 2344 vera
1855 2335 1866 2351 ,
1875 2313 1956 2353 quod
1964 2323 2057 2346 unam
2067 2311 2142 2346 Sub*

1259 2354 1415 2401 fistentiam
1443 2362 1636 2402 peregrinam
1664 2362 1779 2393 omnim)
1798 2361 1834 2394 (r
1852 2363 2052 2405 alienigenam
2079 2385 2091 2403 ,
2102 2376 2103 2379 ¹
2115 2362 2156 2397 6*

1260 2418 1298 2440 ex
1329 2405 1463 2440 omnibus
1494 2407 1689 2442 rationalibus
1722 2413 1868 2443 creaturis
1891 2412 2073 2446 ulmum&
2092 2416 2149 2443 mi*

1261 2462 1393 2497 nimam,
1419 2456 1755 2502 Trinitati,admiscent.
1781 2461 1877 2503 ‚Quod
1888 2459 1920 2502 fi
1937 2461 2148 2496 denarie-vaae
2176 2456 2178 2461 ’
2198 2459 2202 2462 ’

1259 2507 1489 2540 animadvertas
1527 2531 1539 2551 ,
1565 2508 1600 2542 Θ
1619 2508 1707 2542 rebus
1730 2508 1798 2551 iplis
1820 2511 1917 2543 oculos.
1936 2512 2152 2545 intenderem-

1258 2558 1298 2589 lis
1321 2581 1333 2597 ‚
1356 2555 1560 2598 deprehendes
1593 2568 1641 2590 eos
1657 2568 1748 2591 extra
1765 2562 1948 2595 Trinitatem
1963 2558 2150 2604 summoperl

1262 2611 1421 2640 Dominum
1437 2606 1558 2647 noshum
1573 2605 1687 2652 Jefhm
1707 2608 1876 2650 Christum,
1902 2620 1936 2643 ut
1945 2617 2151 2652 mancipium,

1260 2667 1294 2690 ut
1320 2655 1468 2689 bominem
1495 2657 1711 2697 inadorabilem
1735 2683 1746 2699 ,
1772 2670 1807 2692 ac
1823 2665 1926 2701 potius
1945 2662 2150 2701 adorantem,

1261 2709 1295 2741 ⁴&
1316 2707 1378 2740 una
1398 2717 1465 2738 cum
1486 2713 1603 2739 caeteris
1624 2708 1758 2741 omnibus
1774 2708 1986 2754 inservientem
2003 2735 2015 2750 ‚
2041 2712 2077 2745 δ’
2096 2708 2151 2754 su·

1260 2756 1388 2798 bjec‘lum
1413 2756 1530 2789 saneta
1555 2759 1700 2791 Trinitati
1729 2782 1740 2798 ,
1764 2767 1799 2791 ut
1825 2761 1985 2793 Marcellus
2011 2762 2047 2795 θ
2069 2762 2150 2793 Pau·

1259 2809 1307 2840 lus
1325 2803 1554 2849 Samosatenfis,
1580 2806 1738 2848 Apostolica
1751 2806 1868 2851 scripta
1890 2811 1934 2843 ad
1944 2808 2032 2853 fitam
2051 2810 2150 2843 detar-

1263 2865 1386 2899 quentes
1417 2853 1600 2899 fintentiam
1620 2881 1631 2897 ‚
1657 2863 1898 2900 interpretentur.
1934 2858 2036 2907 Quod
2059 2858 2148 2892 hanc

1262 2906 1379 2942 Oratio
1387 2917 1463 2939 nem
1482 2905 1554 2950 post
1576 2906 1655 2950 Julii
1678 2907 1853 2943 Pontificis
1866 2908 1907 2943 de
1919 2908 2122 2952 seJudicium
2137 2933 2148 2948 ,

1263 2954 1407 2990 immo&
1417 2957 1486 3000 post
1500 2955 1720 2992 Sardicensem
1733 2958 1905 3001 Synodum
1914 2959 2037 2992 sanstus
2045 2956 2149 2992 Atha-

1264 3007 1367 3041 nasius
1378 3006 1536 3049 scripserit
1546 3030 1558 3047 ,
1575 3007 1700 3041 evincit
1710 3008 1861 3043 Marcelli
1870 3007 2041 3051 Ancyrani
2054 3008 2149 3051 Epis-

1263 3057 1340 3101 copi
1350 3057 1524 3091 accusatio.
1546 3056 1650 3104 Quod
1660 3057 1748 3092 enim
1760 3058 1865 3102 ipsum
1875 3058 1952 3092 &in
1965 3057 2022 3091 ista
2033 3058 2066 3091 &
2077 3058 2148 3101 post

1265 3107 1360 3140 issam
1381 3105 1558 3149 Synodum
1578 3106 1691 3151 aliquo
1708 3118 1854 3151 tempore
1867 3108 1988 3142 sanstus
1999 3106 2151 3141 Athana-

1265 3158 1327 3190 sius
1339 3156 1535 3191 Marcellum
1548 3168 1606 3200 pro
1616 3157 1711 3202 plene
1721 3156 1921 3193 Orthodoxo
1930 3157 2070 3191 coluerit
2082 3181 2093 3197 ‚
2101 3157 2149 3191 est

1265 3206 1420 3240 omnibus
1442 3206 1656 3250 exploratum.
1683 3206 1963 3247 EtissiErrones,
1989 3207 2151 3241 licetSan-

1266 3259 1350 3291 stam
1372 3257 1575 3292 Trinitatem
1587 3257 1831 3300 profiterentur,
1857 3254 2020 3292 &Christi
2032 3257 2151 3292 Domi-

1267 3307 1302 3341 ni
1332 3307 1478 3341 animam
1505 3308 1524 3341 ὲ
1547 3307 1667 3340 Divini
1690 3305 1793 3341 Verbi
1815 3315 1931 3340 natura
1948 3318 1987 3340 ac
2008 3307 2153 3341 Persona

1267 3356 1443 3400 plurimum
1472 3355 1730 3401 distinguerent,
1754 3364 1846 3390 etant
1866 3366 1977 3391 tamen
2007 3356 2126 3392 Ariani
2139 3380 2162 3397 ,γ

1268 3407 1369 3440 fucati
1395 3415 1506 3441 tamen
1540 3407 1574 3440 ἀ
1593 3405 1750 3450 mitigati.
1778 3405 1955 3440 Variarum
1971 3407 2154 3441 factionum

1270 3456 1363 3489 fucos
1374 3457 1408 3490 δε
1418 3456 1514 3492 dolos
1524 3457 1598 3489 suus
1608 3457 1719 3490 Locus
1729 3466 1880 3498 exponet.
1904 3455 2071 3492 Adversus
2083 3456 2156 3490 Do·

1271 3505 1400 3540 minicae
1411 3505 1654 3542 incarnationis
1661 3505 1904 3543 Sacramentum
1919 3506 1972 3541 isti
1981 3506 2157 3588 utebanhur

2088 3567 2101 3591 ι
2130 3565 2158 3589 is
