2346 3776
639 136 1084 189 DisSERTA-rio

193 232 282 268 copus
306 215 646 266 Constantinopolitanus
660 224 692 265 J
695 220 814 253 udaeum
845 219 994 260 quendam
1019 221 1077 251 Pa-

192 277 344 315 ralyticum
362 283 485 307 monens
497 296 508 312 ‚
527 269 662 313 suadens
676 294 687 309 ,
712 279 802 312 atque
823 268 983 310 baptizans
995 292 1005 308 ‚
1026 267 1076 311 sa-

192 338 263 359 num
280 337 318 360 ex
339 327 478 357 Lavacro
497 323 610 354 eduxit.
637 319 741 368 Qod
754 320 858 362 ipsum
874 317 983 352 scribit
1007 319 1076 352 san-

52 373 109 403 F01·
127 378 171 410 36.
189 378 259 410 Eius
280 375 410 416 Martyr
431 366 669 414 Theophanes.
708 368 856 403 Plurima
877 368 951 401 sunt
974 368 1075 401 istius-

50 413 111 444 FOI·
125 425 172 449 70·
189 425 281 459 modi
304 421 463 466 exempla.
502 421 593 455 Nam
616 421 789 454 &sandius
799 417 922 451 Paulus
934 416 1075 461 Aposto-

187 475 238 509 lus
256 475 274 507 ὲ
295 472 441 507 caecitate
462 471 526 505 fuit
546 471 584 505 in
607 470 778 515 Baptismo
800 467 953 501 liberatus
977 480 1014 503 ac
1035 467 1075 501 il-

186 523 377 558 luminat-us.
795 529 797 533 ’

237 573 281 607 Et
292 572 370 607 hinc
382 573 568 616 frequenter
578 571 699 606 fastum
707 567 753 603 est
765 592 776 608 ,
802 577 839 602 ut
851 567 983 612 quidam
1004 579 1072 601 non

184 635 225 657 ex
245 623 330 657 casta
347 634 385 657 ac
414 623 509 666 plena
530 634 614 656 verae
633 619 760 668 justitiae
769 629 807 652 ac
818 619 1016 661 sempiternae
1029 617 1075 650 vi-

185 683 224 707 tae
245 673 423 707 dile-stione
437 697 448 713 ‚
473 671 528 706 sed
549 683 590 706 ex
607 669 730 705 carnali
751 669 931 711 corporalis
958 668 1074 701 sanita-

183 724 227 757 tis
251 722 432 766 cupiditate
451 722 648 765 susceperint
669 719 842 763 Baptisma.
872 716 1075 751 Aliiutram-

179 784 249 817 que
260 773 469 808 voluntatem
493 770 674 806 miscebant
695 793 707 810 ,
731 778 829 812 atque
846 767 891 801 ita
913 767 1075 811 impinge-

184 822 266 857 bant
285 824 321 857 in
342 821 538 857 Christianae
556 819 765 864 perfeetionis
790 817 954 862 Regulam
980 831 990 850 .·
1027 828 1074 849 ne-

180 871 261 919 sciat
272 871 390 915 finistra
411 880 465 904 tua
488 895 499 911 ‚
529 872 606 913 quid
613 869 714 912 faciat
733 877 787 902 tua
807 870 927 902 dextra.
965 867 1015 900 lta
1032 865 1072 900 ad
1100 900 1104 918 ·.

1131 915 1190 948 diti
1204 913 1279 956 sunt
1290 940 1300 955 ‚
1326 919 1468 958 quoniam
1483 916 1568 957 testes
1586 928 1644 950 non
1662 916 1854 950 adducebant
1866 941 1877 956 ‚
1903 923 1955 959 qui
1965 915 2016 949 boc

182 923 319 957 extremi
333 921 554 955 tertii-decimi
576 919 684 954 saeculi
704 929 829 953 annum
850 917 958 951 scribit
979 915 1073 950 Tho-

182 983 254 1007 mas
279 970 566 1015 Walfingamenfis
578 983 589 1003 .-
616 971 696 1003 Hoc
707 980 786 1002 anno
796 973 864 1002 Rex
874 971 1072 999 Tartarorum

182 1022 224 1055 ab
245 1022 322 1055 Urbe
343 1019 540 1064 Hierofhlyma
558 1021 674 1062 expulit
695 1022 867 1052 saracenos.
896 1022 1009 1051 Frater
1019 1015 1072 1049 hu-

177 1074 234 1114 jus
245 1075 336 1116 Regis
348 1074 545 1105 Tartarorum
558 1082 597 1104 ex
609 1071 693 1103 Filia
706 1073 795 1113 Regis
808 1073 956 1101 Armeniae
961 1071 1067 1111 genuit

179 1120 276 1164 flium
301 1119 454 1164 hispidum
463 1119 633 1163 &pilosum
643 1143 653 1159 ,
678 1131 765 1162 quem
776 1129 840 1151 cum
851 1121 945 1151 Pater
961 1126 1071 1149 crema-

181 1178 212 1205 ri
226 1172 350 1213 juberet
363 1195 374 1210 ,
402 1174 503 1202 Mater
521 1169 576 1211 fibi
597 1171 666 1202 dari
678 1168 832 1209 bffantem
847 1173 960 1209 petiit,
985 1176 1070 1208 quem

173 1221 254 1264 fecit
277 1222 352 1254 illico
375 1221 396 1252 ἃ
416 1216 601 1258 Presbyteris
622 1218 782 1264 baptizaris
808 1219 879 1259 ‚Quo
895 1216 1071 1257 baptizato,

179 1272 285 1305 cecidit
297 1269 404 1310 statim
419 1278 483 1302 tota
507 1266 648 1308 villofitas
681 1289 693 1306 ,
720 1267 755 1299 6*
771 1267 849 1307 puer
865 1271 1010 1306 apparuit
1032 1265 1072 1298 Ie-

182 1327 244 1361 ,ηις
256 1330 292 1352 ac
309 1317 444 1360 pulcher.
473 1316 568 1360 ,Quod
584 1315 762 1348 Miraculum
782 1326 849 1347 eum
866 1316 960 1347 Pater
976 1312 1071 1357 vidis-

175 1369 225 1414 set
245 1392 256 1409 ,
281 1368 410 1403 credidit
432 1364 494 1409 ipse
512 1367 553 1400 ,ἐν
570 1365 674 1398 domus
698 1366 765 1406 ejus
785 1373 862 1398 tota.
896 1363 1009 1409 Pergit
1029 1363 1069 1398 ad

172 1421 334 1455 >octavum
354 1416 516 1461 sequentis
533 1414 647 1450 Saeculi
667 1426 814 1449 annum:
840 1418 953 1448 Frater
964 1418 1069 1458 Magni

127 1464 129 1466 ’
183 1473 275 1514 Regis
296 1471 492 1500 Tartarorum
503 1466 650 1505 Caffiam,
675 1476 740 1497 cum
749 1465 815 1507 effet
826 1467 971 1507 Paganus
983 1488 993 1503 ,
1015 1464 1070 1496 ad-

180 1524 302 1552 amavit
312 1520 426 1551 Filiam
437 1520 527 1560 Regis
551 1519 699 1548 Armeniae
718 1513 921 1554 christianam
941 1537 952 1553 ,
977 1525 1070 1556 quam

179 1572 317 1602 aei'Patre
332 1565 389 1609 fibi
406 1572 499 1608 petiit
519 1571 553 1598 in
573 1566 737 1609 coniugem
762 1565 842 1597 dari.
879 1568 947 1596 Rex
969 1572 1069 1596 autem

180 1623 332 1653 Armeniae
355 1618 449 1650 noluit
470 1614 668 1658 acquiescere,
694 1612 753 1656 ²¹1st
763 1614 849 1657 fieret
870 1613 1066 1653 Christianus.

182 1674 223 1703 At
245 1670 294 1702 ille
308 1667 488 1709 praevalens
509 1665 626 1699 viribus
638 1665 816 1706 &potentia
827 1689 837 1704 ‚
864 1670 890 1697 ei
900 1664 1003 1696 intulit
1014 1669 1068 1695 mi-

168 1727 241 1752 'nas
264 1718 341 1751 belli.
368 1718 504 1749 Tandem
524 1719 591 1748 Rex
614 1722 731 1756 accepto
757 1714 889 1755 confilio,
914 1715 995 1756 quod
1011 1725 1068 1746 me-

181 1770 269 1803 liores
284 1765 346 1809 fint
360 1767 483 1808 ‘nuptia‘
502 1767 593 1808 quam
609 1773 722 1808 pugnae
742 1789 752 1804 ‚
778 1771 887 1798 annuit
902 1763 1066 1806 postulatis.

182 1818 302 1851 Deinde
318 1814 464 1859 suft'itata
480 1816 563 1857 prole
573 1812 728 1857 masculini
733 1813 826 1857 sexus
840 1819 918 1847 inter
928 1825 975 1847 eos
988 1837 999 1853 ‚
1025 1819 1069 1846 in-

180 1878 293 1902 ventus
311 1865 350 1903 est
365 1864 478 1909 pilosus
498 1866 532 1899 <it
556 1862 692 1907 hispidus
713 1888 724 1903 ‚
750 1864 834 1897 velut
859 1861 961 1905 Ursus.
998 1865 1069 1905 ,Quo

180 1920 272 1952 Patri
294 1912 391 1949 oblato
405 1939 417 1955 ‚
430 1955 431 1958 Ἴ
443 1916 526 1948 dixit
544 1925 602 1947 non
621 1914 673 1957 effe
689 1912 780 1956 ficum
791 1937 802 1954 ,
827 1914 863 1947 <it
876 1912 1067 1954 statimjufflt

179 1974 249 2012 igne
268 1971 403 2000 cremari.
431 1968 531 1998 Mater
548 1966 620 1997 verb
642 1964 844 1996 contradicens
865 1987 877 2003 ,
902 1968 996 2004 petiit
1010 1961 1067 2003 fibi

181 2019 252 2051 dari
271 2015 429 2059 infantem.
456 2017 526 2059 ,Quo
545 2020 660 2055 accepto
679 2038 690 2055 ,
708 2013 796 2054 J'uffit
815 2024 882 2046 eum
903 2011 1064 2054 baptizari.

179 2070 229 2101 Et
244 2066 349 2108 statim
363 2064 426 2108 post
449 2071 562 2098 trinam
581 2061 787 2105 immerfionem
807 2068 839 2096 in
860 2060 945 2106 sacro
969 2066 1066 2096 Fonte

163 2117 285 2151 *cecidit
304 2122 400 2149 omnis
410 2114 543 2158 pilqlt‘tas
561 2116 600 2148 de
620 2114 741 2156 infante
753 2138 764 2155 ‚
790 2115 825 2148 <9⁶
835 2119 979 2156 apparuit
989 2115 1064 2147 lenis

164 2168 215 2201 ’Θ
227 2165 445 2209 pulcherrimus
457 2173 625 2208 puerorum.
654 2169 715 2197 Hoc
732 2162 798 2207 viso
819 2184 830 2204 ‚
856 2165 984 2197 credidit
1007 2166 1064 2197 Pa-

181 2226 231 2250 ter
242 2241 253 2257 ‚
279 2218 313 2250 Θ
332 2217 435 2249 domus
445 2215 514 2259 ejus
525 2224 597 2248 tota.
626 2214 775 2248 Eandem
788 2213 957 2249 historiam
969 2215 1062 2248 refert

178 2267 307 2300 sancius
319 2263 521 2299 Antoninus.
544 2264 697 2299 Affirmat
718 2264 859 2299 Caffiam
878 2264 974 2299 fuisse
992 2276 1060 2297 non

175 2317 308 2351 fratrem
330 2339 340 2355 ‚
375 2316 428 2350 sed
450 2316 557 2358 ipsum
579 2314 809 2359 Imperatorem
833 2315 1060 2348 Tartarorurn.

173 2366 221 2400 Et
236 2365 277 2399 ab
290 2366 359 2409 ipso
371 2377 440 2399 non
451 2366 557 2399 solum
570 2366 731 2399 infantem
743 2389 754 2405 ‚
779 2364 834 2399 sed
850 2365 883 2398 ὅ(
895 2365 1040 2398 Matrem
1050 2388 1061 2404 ‚

174 2416 226 2449 uti
238 2415 419 2450 adulteram
431 2440 443 2456 ‚
469 2415 562 2449 fuisse
572 2414 761 2449 damnatam
770 2414 810 2448 ad
822 2425 969 2448 mortem.
998 2414 1059 2448 Pia

172 2465 301 2499 Mulier
320 2464 365 2499 ob
387 2466 552 2508 utriusque
569 2463 716 2499 hominis
727 2465 864 2498 salutem
875 2465 908 2498 ὃς
919 2466 1058 2498 formam

176 2514 264 2558 jussit
275 2511 556 2558 baptizari-lilium.
595 2515 639 2549 Et
652 2513 740 2549 haud
751 2513 849 2548 dubie
861 2514 923 2548 fuit
935 2523 1027 2549 mota
1039 2515 1057 2548 a

174 2564 299 2608 Spiritu
311 2565 437 2599 Sansto.

224 2613 271 2649 At
292 2613 369 2648 vero
390 2614 433 2649 de
450 2614 572 2648 Turcis
582 2615 615 2648 ὅ(
627 2614 791 2660 Agarenis
802 2613 910 2648 scribit
922 2613 956 2648 in
968 2617 1058 2649 osto-

169 2664 404 2709 gefimi-quarti
415 2664 571 2713 Trullani
583 2665 732 2699 Canonis
745 2689 754 2704 ‚
763 2666 819 2708 qui
831 2664 922 2698 dubii
937 2665 1055 2708 Raptis

169 2714 218 2748 mi
230 2713 383 2748 homines
394 2714 528 2749 mandat
539 2714 607 2749 fine
619 2714 771 2758 scrupulo
781 2714 947 2758 baptizari,
958 2714 1054 2749 Scho-

170 2764 219 2799 lio
240 2763 442 2798 Theodorus
461 2765 655 2799 Balsamon:
681 2769 735 2798 Ea
745 2766 782 2798 de
791 2776 824 2798 re
829 2763 911 2808 saepe
921 2767 1056 2803 synodice

168 2812 364 2854 controversia
387 2823 490 2847 exorta
512 2813 560 2855 est.
586 2818 664 2847 cum
675 2821 754 2849 enim
769 2814 904 2857 infantes
916 2826 954 2848 ex
966 2814 1053 2848 Chri-

161 2863 331 2904 stianorum
352 2869 466 2907 regione
476 2866 496 2896 ἃ
507 2863 616 2903 schytis
630 2866 664 2898 (τ
677 2869 822 2909 Agarenis
835 2866 906 2899 bello
921 2871 1001 2907 capti
1012 2863 1053 2908 eJ2

166 2912 235 2957 sent
246 2938 257 2954 ‚
283 2914 317 2947 (tt
327 2919 419 2955 empti
430 2915 449 2945 ἃ
463 2917 604 2946 Romanis
617 2938 628 2954 ‚
653 2915 822 2951 dubitatum
834 2916 871 2956 est
885 2940 895 2955 ‚
922 2923 1052 2957 anopor-

170 2972 236 2999 teat
257 2965 455 2996 venumdatos
478 2963 690 3004 rebaptizari?
731 2967 873 2999 Dicebant
895 2973 974 2999 enim
984 2978 1051 2998 non-

168 3014 264 3053 nulli,
289 3019 430 3055 quoniam
440 3014 456 3046 e
468 3016 494 3046 C
497 3011 639 3052 hristiana
650 3021 764 3058 regione
773 3023 854 3057 capti
860 3015 933 3059 sunt
944 3040 954 3055 ,
971 3025 1051 3057 prae-

166 3060 294 3105 sumptio
304 3062 341 3103 est
353 3074 401 3096 eos
406 3062 495 3106 fuiffe
507 3062 683 3104 baptizatos.
711 3067 759 3098 Εό
769 3067 848 3108 quod
857 3065 887 3098 hi
901 3065 1031 3109 nesciant
1040 3091 1049 3107 ,

168 3123 212 3144 an
222 3118 254 3145 in
263 3112 397 3154 infantia
417 3113 565 3154 baptizati
579 3111 701 3153 fuerint
713 3138 724 3156 ‚
750 3126 802 3148 nec
824 3117 880 3149 ulli·
894 3122 1049 3149 invenian-

170 3170 222 3194 tur
233 3186 244 3201 ‚
269 3168 323 3204 qui
343 3162 535 3206 Baptismum
546 3163 701 3204 affirment.
730 3167 775 3198 De
785 3171 823 3197 iis
834 3190 844 3205 ‚
871 3171 970 3207 quiex
982 3168 1049 3209 Infi-

167 3211 277 3243 delium
288 3218 402 3255 regione
421 3219 579 3254 capiuntur
591 3237 601 3252 ‚
627 3224 674 3245 eos
693 3213 743 3257 effe
764 3213 961 3256 baptizandos
973 3217 1046 3248 indi-

161 3259 268 3301 stinc‘i'e
281 3261 428 3302 statutum
448 3262 485 3303 est
502 3287 514 3303 ‚
540 3261 596 3304 nisi
609 3261 692 3302 testes
711 3263 909 3305 profiteantur
925 3276 973 3298 eos
984 3265 1047 3307 post

167 3316 376 3352 captivitatem
389 3312 478 3355 fuisse
502 3313 679 3354 baptizatos.
708 3316 847 3355 Tempore
865 3324 964 3347 autem
975 3317 1047 3348 San-

166 3360 277 3400 c‘lifflmi
299 3361 486 3395 Patriarchae
508 3366 628 3395 Domini
650 3366 760 3404 Lucae,
785 3364 919 3402 synodice
940 3365 1046 3406 adfue-

167 3419 239 3443 runt
251 3413 396 3452 Agareni:
423 3415 470 3444 Et
478 3423 544 3445 cum
553 3412 592 3445 ab
603 3418 645 3446 eis
654 3412 850 3454 postularetur
868 3428 879 3453 ‘‚
905 3423 938 3447 ut
948 3414 1045 3456 bapti-

166 3468 309 3492 zarentur
320 3483 331 3499 ,
356 3461 498 3495 dixerunt
510 3486 520 3501 ,
546 3464 625 3504 quod
633 3469 664 3495 in
680 3461 746 3505 suis
766 3463 931 3507 regionibus
952 3473 1043 3499 antea

165 3509 315 3553 baptizati
330 3508 467 3550 fuerant.
505 3515 550 3544 Et
568 3517 740 3559 interrqati
761 3539 772 3558 ,
806 3512 1038 3559 resporderunt,

265 3559 381 3604 Differt.
391 3561 513 3598 Procem.
526 3564 603 3599 Tom.
615 3566 639 3598 Ι.

1135 130 1553 187 PaoliALiS.
1946 162 2022 202 139

1137 218 1188 260 effie
1208 215 1442 261 consuetudinem
1455 241 1466 257 ‚
1493 225 1527 250 ut
1545 227 1645 250 omnes
1663 214 1865 260 'egarenoru'm
1881 221 2020 264 infantes

1137 267 1176 300 ab
1197 266 1378 301 orthodoxis
1397 267 1605 300 sacerdotibus
1628 267 1856 309 baptizarentur
1869 295 1880 310 ‚
1905 284 1962 305 non
1973 281 2021 306 ta-

1137 329 1204 350 men
1215 319 1327 358 admiffi
1329 317 1469 359 fuerunt.
1498 319 1664 350 Audieram
1673 322 1752 351 enim
1762 342 1774 358 ,
1799 319 1880 360 quod
1897 321 2017 363 Baptifi

1136 379 1203 399 mus
1216 391 1226 406 ,
1247 379 1333 410 quem
1345 367 1485 410 Infideles
1495 369 1515 399 ἃ
1528 367 1709 407 Christianis
1717 375 1829 409 petunt
1841 392 1852 408 ‚
1874 379 1931 400 non
1942 369 2019 403 bon'a

1135 417 1287 457 affeci'ione
1297 419 1332 451 o·
1346 416 1516 450 Orthodoxo
1519 416 1661 459 proposito
1665 425 1792 459 petatur
1802 442 1814 458 ‚
1831 416 2019 461 sedpropter

1133 468 1310 508 corporalem
1331 468 1518 500 medicinam.
1547 466 1722 511 Perficaficm
1733 467 1771 508 est
1780 464 1860 502 enim
1871 470 2018 512 Agarent's

1126 516 1197 557 fore
1219 525 1253 549 ut
1268 514 1319 559 sui
1338 516 1442 550 Liberi
1451 519 1472 549 ἃ
1482 520 1613 558 ῡςηιοηε
1624 527 1774 551 vexentur
1788 542 1797 557 ‚
1825 519 1859 552 &
1870 528 2018 561 tanquam

1133 577 1218 599 canes
1229 568 1308 600 male
1318 570 1414 600 oleant
1436 566 1494 608 nist?
1511 566 1705 610 Baptismum
1727 567 1928 607 Christianum
1948 568 2018 611 assit-

1134 626 1291 658 quantur.··
1312 619 1416 660 ,Quam
1437 617 1471 650 ob
1491 628 1554 650 rem
1576 629 1633 649 non
1645 626 1679 649 ut
1689 624 1817 650 omnium
1828 625 1939 651 animae
1952 616 2018 660 sor·-

1133 668 1216 699 dium
1237 668 1448 700 Mundatorem
1468 692 1479 708 ,
1506 671 1689 709 Divinaeque
1705 668 1780 699 lucis
1797 679 1833 699 ac
1848 666 2018 710 sandliffia-

1133 722 1221 748 tionis
1235 740 1246 756 ,
1266 716 1459 758 praebitorem
1479 715 1672 759 Baptismum
1679 716 1852 758 postulant,
1872 715 1932 759 sed
1950 727 2017 750 tan-

1132 777 1222 807 quam
1243 767 1471 809 veneficium'&
1489 773 1728 800 incantationem.
1757 768 1896 810 ‚Quidam
1915 776 2016 800 autem
2069 812 2072 815 Ι

1132 826 1229 848 eorum
1252 817 1393 849 dicebant
1407 815 1442 859 se
1461 827 1573 851 matres
1585 816 1693 851 babere
1704 815 1896 851 orthodoxas
1903 841 1915 857 ‚
1940 818 1975 850 &
1981 814 2017 859 se

1132 876 1234 898 earum
1255 877 1325 898 cura
1337 866 1565 910 &studiofuiffe
1577 866 1747 908 baptizatos
1763 877 1774 908 ς
1796 865 1855 910 scd
1864 878 1917 900 nec
1925 868 2017 900 exau'·

1131 962 1227 1006 ipsum
1243 973 1302 1006 pro
1321 965 1479 1005 testimonio
1497 968 1637 1001 dicerent.
1672 969 1766 1000 Immo
1771 968 1873 1009 potius
1883 968 2016 1001 condeni-

1130 1020 1196 1046 nati
1210 1012 1284 1056 fient
1302 1038 1314 1054 ‚
1352 1017 1433 1056 quod
1451 1027 1509 1048 non
1532 1017 1639 1049 bonam
1660 1018 1699 1050 de
1713 1015 1749 1060 se
1769 1016 2016 1057 existimationem

1129 1063 1266 1104 dabant,
1292 1065 1373 1106 quod
1392 1065 1470 1098 ret‘le
1487 1067 1533 1098 ad
1546 1066 1641 1106 fidem
1663 1068 1842 1100 accederent.
1879 1069 1926 1099 Et
1949 1067 2016 1102 ide«)

1129 1123 1229 1145 omnes
1248 1112 1302 1145 hos
1325 1119 1418 1147 'etiam
1431 1112 1615 1157 sant‘lificari
1632 1116 1803 1158 permiffum
1814 1115 1861 1156 est.
1888 1115 2016 1150 Eadem

1129 1162 1224 1196 verba
1247 1161 1346 1197 habes
1367 1164 1403 1198 in
1427 1163 1502 1207 Jure
1524 1165 1813 1199 Graeco-Romano
1839 1165 1924 1198 inter
1948 1165 2017 1201 Der

1129 1222 1214 1246 creta
1235 1212 1431 1247 Patriarchae
1451 1215 1557 1248 Lucae.
1586 1213 1711 1248 Eadem
1734 1214 1831 1249 dere
1851 1213 1961 1248 scribit
1977 1214 2015 1249 in

1131 1260 1268 1297 Scholio
1289 1262 1331 1297 ad
1352 1264 1496 1307 septimae
1516 1264 1726 1298 Laodicenfis
1745 1265 1780 1299 &
1801 1264 1914 1308 primae
1924 1265 2015 1303 Con·⁴

1129 1311 1429 1357 stantinopolitanae
1461 1314 1589 1357 Synodi
1622 1314 1797 1349 Canonem
1826 1314 2015 1349 Constanti-

1131 1373 1191 1396 nus
1213 1363 1503 1406 Harrnenopulus:
1533 1368 1733 1408 Agarenorum
1753 1365 1876 1405 Liberi,
1901 1370 1953 1406 qui
1974 1363 2015 1397 ab

1130 1411 1313 1445 orthodoxis
1335 1413 1542 1446 Sacerdotibus
1564 1414 1762 1455 baptizantur
1779 1438 1790 1455 ‚
1817 1409 1947 1455 non'pia
1970 1420 2015 1446 in-

1131 1468 1259 1495 tentione
1279 1463 1394 1496 illorum
1408 1487 1418 1502 ‚
1443 1468 1495 1505 qui
1514 1464 1559 1496 ad
1568 1462 1762 1506 Baptismum
1782 1474 1828 1498 eos
1839 1464 2014 1504 adducunt,

1122 1510 1182 1555 sed
1201 1511 1287 1554 quafi
1304 1512 1444 1556 veneficio
1463 1514 1517 1546 vel
1533 1519 1736 1546 incantatione
1749 1518 1926 1552 utentium,
1946 1512 2015 1555 fire

1127 1560 1196 1605 ipsa
1214 1563 1259 1595 ad
1271 1561 1365 1604 fidem
1386 1562 1550 1606 accefferint
1562 1587 1573 1602 ‚
1598 1562 1834 1605 rebaptizantur.
1864 1567 1924 1595 Hoc
1933 1569 2014 1596 enim

1129 1619 1175 1645 ita
1196 1617 1229 1645 in
1238 1613 1349 1651 synodo
1353 1613 1632 1654 pronuntiatumest
1645 1638 1656 1654 ‚
1681 1614 1928 1656 quemadmodum
1938 1609 2015 1646 Bal·

1101 1677 1104 1682 ·
1122 1661 1229 1704 samon
1250 1664 1354 1696 tradit.
1383 1662 1446 1697 Per
1465 1664 1573 1707 ipsum
1593 1663 1727 1698 collesta
1740 1663 1920 1698 Canonum
1934 1663 2012 1707 Epi·

1130 1721 1220 1745 tome
1232 1710 1329 1746 habet
1351 1710 1415 1747 hoc
1433 1715 1470 1747 in
1486 1713 1769 1756 quintasefflone.
1799 1713 2012 1756 Ejusde'm'rei

1127 1762 1279 1796 meminit
1301 1763 1337 1796 in
1357 1763 1504 1808 generali
1528 1763 1679 1798 Historia
1702 1766 1788 1800 Otto
1807 1764 2013 1809 Frifingenfis

1118 1812 1318 1855 Episcopus.
1357 1812 1414 1847 Ab
1434 1813 1592 1848 Armenia
1624 1813 1764 1849 Ecclesia
1796 1814 1924 1849 missam
1945 1815 2012 1849 Eu-
2026 1802 2140 1884 ἓξὲξ·

1125 1863 1227 1905 genio
1248 1861 1369 1897 Tettio
1394 1863 1635 1907 Legationem,
1659 1876 1699 1898 ae
1719 1864 1788 1907 ejus
1808 1862 1891 1899 Asta
1908 1866 1941 1899 &
1953 1876 2013 1909 po-

1125 1911 1241 1945 stulata
1259 1913 1418 1955 exponit,
1443 1914 1476 1946 δε
1496 1913 1647 1958 adjungit
1670 1913 1711 1947 de
1722 1913 1858 1948 istorum
1870 1915 2011 1961 Legato-

1126 1972 1198 1994 rum
1221 1972 1289 1995 uno
1311 1976 1323 1995 .·
1365 1964 1480 1996 Retulit
1499 1969 1608 1997 etenim
1631 1963 1788 2006 praefatus
1821 1963 1986 2009 Episcopus
1999 1991 2010 2008 ,

1124 2012 1205 2054 quod
1221 2017 1254 2044 in
1274 2015 1424 2046 Armenia:
1445 2013 1564 2055 confinio
1595 2016 1734 2058 quaa-dam
1766 2017 1876 2049 Partes
1896 2016 1985 2057 effent
1997 2042 2008 2057 ,

1124 2073 1191 2104 quae
1203 2061 1301 2105 foetus
1320 2060 1390 2106 suos
1407 2063 1553 2107 foetentes
1568 2075 1748 2110 generarent
1760 2090 1770 2106 ,
1794 2064 2008 2108 eosquestatiin

1123 2114 1168 2146 ad
1184 2125 1281 2157 aquas
1292 2116 1494 2149 Armeniorum
1503 2117 1652 2150 lavandos
1672 2114 1892 2159 transmittunt.
1921 2119 2008 2159 ,Quos

1123 2175 1188 2196 cum
1206 2166 1252 2198 illi
1276 2165 1482 2210 Baptismatis
1505 2168 1588 2199 unda
1605 2175 1762 2210 tangentes
1773 2191 1784 2207 ‚
1809 2175 1952 2199 innatum
1964 2172 2006 2200 eis

1114 2212 1255 2255 foetorem
1267 2217 1487 2257 propellerent,
1514 2228 1581 2249 mox
1601 2226 1706 2250 tamen
1725 2218 1827 2256 remiffl
1845 2218 1891 2248 ad
1911 2219 2007 2260 Paga-

1122 2262 1208 2306 msmi
1229 2271 1324 2298 ritum
1340 2267 1374 2300 (at
1382 2265 1547 2309 spurcitIas
1568 2267 1714 2300 redibant.
1744 2268 1838 2309 ,Quod
1847 2267 2006 2307 utrumfa-

1120 2316 1255 2348 ciendum
1277 2316 1342 2359 esset
1365 2340 1375 2356 ‚
1401 2323 1472 2350 item
1493 2320 1661 2349 Romanam
1681 2315 1838 2357 Ecclefiam
1857 2315 2006 2359 consulue-

1120 2374 1203 2398 runt.
1227 2365 1285 2398 An
1307 2365 1462 2400 Romana
1484 2366 1627 2400 Ecclesia
1650 2365 1849 2409 responderit
1871 2391 1881 2405 ,
1910 2367 2006 2410 igno-

1120 2425 1168 2448 ro.
1204 2415 1238 2448 Si
1258 2415 1449 2458 respondit,
1470 2415 1655 2450 dolendum
1665 2415 1809 2460 estquod
1823 2416 2004 2460 Episcopus

1117 2466 1204 2498 Otto
1219 2464 1305 2498 istud
1326 2465 1532 2510 Responsum
1553 2466 1653 2500 nobis
1673 2465 1709 2499 in
1730 2467 1795 2500 suis
1812 2465 1921 2500 Libris
1933 2477 2003 2500 non

1117 2515 1364 2548 conservaverit.

1167 2564 1540 2609 Constantinopolitana
1551 2564 1737 2609 Patriarche
1748 2566 1837 2608 Luce
1849 2567 2001 2609 synodus

1117 2614 1281 2657 respondit
1302 2614 1379 2648 duo.
1416 2614 1531 2650 Primo
1554 2616 1644 2660 quod
1668 2616 1813 2661 Agareni
1836 2617 2000 2655 infantes,

1116 2665 1173 2707 qui
1183 2663 1223 2698 ab
1235 2663 1440 2704 Orthodoxis
1452 2667 1618 2701 Matribus
1630 2668 1812 2700 offeruntur
1825 2666 1864 2699 ad
1877 2666 2002 2708 Baptis-

1116 2725 1204 2747 mum
1219 2739 1229 2754 ,
1257 2714 1333 2748 licet
1344 2727 1385 2749 ex
1397 2716 1573 2760 corporalis
1586 2717 1657 2750 vitii
1679 2715 1834 2750 evadendi
1858 2716 1911 2758 spe
1921 2716 2000 2749 offe-

1115 2775 1245 2803 rantur,
1272 2765 1334 2798 effe
1348 2765 1454 2811 valide
1477 2766 1664 2811 baptizatos.
1705 2766 1772 2799 Eos
1794 2777 1901 2799 tamen
1919 2789 1930 2804 ‚
1957 2765 1999 2799 de

1114 2826 1253 2858 quorum
1271 2815 1331 2848 tali
1350 2815 1522 2850 oblatione
1545 2828 1614 2850 non
1633 2815 1811 2849 adducitur
1833 2815 1998 2849 sufficiens

1113 2864 1358 2904 testimonium,
1384 2866 1446 2900 effe
1470 2865 1683 2908 baptizandos
1694 2865 1734 2898 ad
1745 2864 1914 2898 cautelam.
1950 2865 1995 2898 Et

1113 2913 1176 2948 hoc
1199 2915 1385 2957 responsum
1407 2916 1450 2949 est
1473 2918 1601 2949 redium.
1629 2915 1781 2948 Alterum
1804 2915 1994 2957 responsum

1111 2964 1155 2997 est
1167 2988 1179 3003 ‚
1205 2964 1295 3007 quod
1314 2964 1447 2998 istorum
1458 2966 1654 3003 infantium,
1679 2964 1760 2997 dum
1775 2975 1829 3006 per
1840 2963 1993 2999 infideles

1111 3014 1263 3047 Parentes
1276 3014 1457 3048 offeruntur
1471 3040 1482 3055 ,
1508 3015 1673 3057 Baptisma
1685 3015 1723 3050 sit
1737 3014 1865 3047 irritum
1878 3015 1912 3048 &
1924 3015 1994 3048 nul-

1110 3065 1200 3106 lum3
1236 3062 1277 3097 ed
1296 3064 1386 3107 quod
1416 3066 1479 3108 ipsi»
1505 3064 1580 3098 defit
1613 3063 1761 3107 legitima
1787 3065 1991 3107 suscipientis

1110 3113 1262 3148 intentio.
1298 3114 1431 3148 Etenim
1451 3113 1632 3148 istiusmodi
1654 3114 1836 3148 offerentes
1858 3115 1992 3150 censent

1109 3163 1335 3198 Christianum
1347 3164 1511 3206 Baptisma
1523 3163 1670 3203 effe,non
1685 3164 1847 3206 Divinum
1859 3165 1991 3198 Institu-

1107 3225 1177 3248 tum
1192 3238 1203 3253 ,
1229 3212 1281 3246 sed
1294 3214 1558 3247 incantationem
1570 3224 1625 3247 aut
1639 3212 1857 3248 Veneficium.
1886 3214 1989 3261 Qod

1107 3264 1233 3307 antiqui
1254 3263 1354 3296 etiam
1375 3263 1525 3298 Gentiles
1545 3263 1629 3296 istud
1655 3264 1762 3306 ipsum
1784 3265 1990 3305 censuerint,

1107 3315 1150 3348 est
1176 3313 1253 3347 alibi
1280 3312 1548 3347 demonstratum.
1574 3312 1726 3347 Alterum
1747 3314 1837 3348 istius
1849 3315 1987 3358 responfi

1106 3363 1358 3398 fundamentum
1382 3364 1444 3397 fuit
1457 3387 1467 3404 ‚
1495 3362 1584 3406 quod
1597 3363 1743 3408 Agareni
1758 3363 1910 3398 Parentes
1923 3365 1986 3404 suis

1106 3414 1198 3447 Filiis
1209 3413 1226 3445 a
1239 3410 1428 3447 Christiano
1442 3414 1610 3456 Baptismo
1621 3438 1631 3453 ‚
1658 3413 1734 3447 licet
1754 3425 1814 3447 nec
1840 3414 1987 3447 incanta-

1105 3466 1230 3497 tionem
1251 3473 1312 3496 nec
1333 3463 1550 3505 veneficium,
1576 3463 1630 3500 sed
1645 3464 1710 3497 Dei
1721 3464 1910 3498 Institutum
1923 3464 1985 3495 for-

1106 3515 1161 3550 san
1180 3511 1371 3557 crederent,
1395 3520 1465 3549 non
1478 3522 1653 3560 quaererent
1666 3513 1891 3558 sempiternam
1903 3511 1982 3543 salu-

1578 3563 1600 3599 S
1652 3574 1674 3600 2
1891 3570 1979 3600 tem,
