2346 3776
316 77 365 117 30
764 48 1210 100 DISSERTATlo

317 140 363 167 rei
372 132 410 173 est
419 134 491 167 utile
504 155 515 173 ,
539 131 653 177 quodfi
661 131 778 173 Festum
788 133 865 173 istud
875 132 1010 168 Michaeli
1017 132 1194 176 Archangelo

314 183 538 216 celebraveritis
548 207 559 224 ,
585 190 669 226 eique
681 182 786 222 hostias
796 183 867 223 istas
878 182 1081 223 constitueritis
1095 208 1106 224 ,
1131 181 1194 225 ipse

308 242 366 274 pro
377 232 462 265 vobis
472 235 558 275 apud
567 237 664 267 Deum
673 234 834 266 intercedet
844 258 854 274 ‚
867 232 1045 276 majorisque
1055 233 1140 266 vobis
1151 232 1196 265 bo-

311 289 346 315 m*
357 282 445 326 caufir
458 282 496 324 est
500 282 630 324 futurus
641 308 651 323 ,
678 285 769 325 quam
785 282 865 323 istud
881 284 1004 316 Idolum.
1033 284 1197 316 Adnuenti-

308 332 370 366 bus
380 336 448 377 ergo
458 334 518 367 illis
531 358 541 373 ,
553 346 592 367 ex
604 334 683 367 1dolo
692 332 841 373 confracto
849 337 974 367 Crucem
981 332 1114 374 confecit,
1125 343 1196 366 tem-

305 385 394 425 plum
404 387 476 417 vero
486 385 654 426 appellavit
665 381 819 416 Michaelis
828 383 995 425 Ecclefiam.
1022 382 1131 426 Estque
1143 383 1197 416 illa

310 433 438 474 Ecclesia
451 459 461 473 ,
472 445 539 476 quae
549 430 694 476 Caefirrea
700 441 807 466 vocata
816 433 855 474 est
868 458 878 472 ,
903 435 939 467 <it
948 434 1014 477 igne
1016 432 1125 476 periit,
1132 443 1197 466 cum

312 485 516 519 occidentales
527 484 746 516 Alexandriam
757 484 868 527 ingreffi
879 508 889 523 ‚
914 495 981 517 eam
992 483 1195 525 vastaverunt.

311 536 357 566 Et
369 532 534 575 consecrata
542 531 616 575 fimi
627 532 746 573 Festum
757 534 790 566 (⁶7
802 534 944 567 Vidlimae
953 533 1092 568 Michaeli
1105 538 1198 577 Ange-

311 584 347 616 lo.
375 584 458 615 Unde
467 584 503 627 <eft
513 582 612 616 adbuc
623 582 760 624 Copbitae
773 590 806 616 in
816 586 949 627 AEgypto
959 585 994 618 (θ’
1011 584 1197 618 Alexandria

309 644 341 668 eo
352 635 400 665 die
410 632 530 672 Festum
543 633 682 667 Michaeli
693 634 799 678 Angelo
809 634 959 667 celebrant
969 659 980 675 ‚
1007 636 1042 668 (5
1052 638 1081 667 V
1079 634 1195 666 iae‘iimas

309 694 401 724 quam
408 684 562 725 plurimas
573 685 701 717 caedunt.
739 684 784 718 Et
794 683 828 717 in
842 685 990 729 sequenti
1001 683 1086 718 libro
1098 683 1198 726 Caly-

308 730 448 775 phatum
457 732 698 768 AlmoKtaderi
710 731 826 769 Belahi
839 733 1010 774 describit,
1021 745 1058 767 ac
1069 733 1176 778 pergit
1188 745 1195 765 :

172 779 290 819 Pol-503
310 793 390 816 anno
399 783 584 826 Calypbatus
595 778 799 819 Almoktaderi
821 789 907 818 tertio
916 783 1112 827 conflagravit
1132 785 1197 817 Ale—

168 1362 287 1408 r⁰⁹⁴¹53¹

310 845 354 881 aa
359 836 459 868 ndriae
469 833 600 877 Ecclesia
611 847 721 886 magna
732 858 743 874 ‚
753 845 821 876 quae
831 831 974 876 Caesarea
983 835 1137 876 appellata
1147 833 1197 875 est,

310 882 457 926 &fuerat
468 886 630 927 templum,
655 886 737 927 quod
754 882 914 926 cleopatra
935 886 1059 928 Reginae
1068 885 1198 918 Saturno

306 931 429 975 ,lacrum
438 943 629 968 extruxerat.
655 933 737 966 Haec
749 942 827 978 ergo
840 931 985 968 Ecclesia
993 934 1080 977 prius
1090 934 1198 968 Satur—

319 985 358 1018 ni
369 984 532 1028 templum
545 1008 555 1023 ‚
566 983 646 1018 hinc
657 984 866 1027 Imperatoris
877 982 1019 1017 Adriani
1032 1009 1042 1025 ,
1053 984 1132 1018 dum
1145 985 1197 1019 Li—

308 1034 390 1067 cinii
403 1035 466 1068 fuit
477 1033 610 1068 Basilica
623 1035 677 1069 feu
698 1034 936 1078 Gymnasium,
963 1045 1033 1068 non
1053 1034 1071 1067 a
1090 1035 1199 1068 sancto

309 1082 499 1119 Patriarcha
513 1083 730 1125 Alexandro,
757 1083 811 1119 sed
833 1083 851 1116 a
874 1084 1199 1128 pseudo-Patriarcha

308 1134 479 1179 Gregorio
490 1142 597 1179 coePta
607 1135 758 1169 converti
774 1135 807 1168 in
821 1134 999 1168 Ecclesiam
1014 1159 1024 1174 ,
1051 1146 1107 1178 per
1133 1136 1203 1169 san—

307 1185 403 1218 etum
414 1181 634 1220 Athanasium
657 1186 798 1228 perfetta
821 1185 905 1225 fuit,
931 1183 1102 1224 dedicata,
1129 1182 1200 1228 post

310 1233 507 1270 incendium
517 1234 700 1270 restaurata.
727 1231 915 1276 Eutychius
933 1234 1108 1269 consuevit
1127 1246 1201 1269 vera

309 1284 395 1319 falsis
404 1284 590 1319 admiscere.
619 1287 767 1321 Omnem
795 1283 841 1317 rei
861 1283 977 1318 seriem
1002 1285 1141 1327 exponit
1165 1286 1198 1319 in

310 1335 482 1379 prima-ad
505 1333 743 1370 Constantium
769 1334 1002 1378 Imperatorem
1030 1333 1200 1380 Apologia

310 1386 378 1429 ipse
390 1384 591 1419 Athanasius
610 1397 618 1416 ε
644 1385 796 1418 caeterum
818 1390 892 1427 quia
902 1385 939 1420 de
950 1396 1062 1428 magna
1073 1386 1201 1432 Ecclefi'a

311 1442 423 1469 crimen
433 1441 618 1468 concinnant
626 1457 637 1474 ‚
653 1434 783 1476 quodibi
793 1436 919 1473 synaxis
931 1433 1200 1479 habitafit5priusl

311 1497 406 1528 quam
412 1486 603 1519 dedicaretur
615 1507 626 1524 ‚
652 1495 725 1528 age,
751 1489 842 1517 etiam
852 1496 888 1518 ea
898 1485 936 1517 de
959 1496 992 1518 re
1013 1495 1074 1518 tuae
1085 1488 1199 1520 Pietati

311 1533 496 1578 Responsum
506 1536 619 1568 demus.
648 1537 698 1566 Εό
707 1541 787 1567 enim
799 1547 852 1568 nos
874 1534 1005 1569 trabunt
1012 1537 1057 1569 illi
1067 1561 1078 1576 ‚
1105 1543 1199 1579 quiin

310 1598 364 1619 nos
376 1587 446 1618 odia
454 1594 620 1630 congerunt.
649 1584 778 1617 Fabium
800 1584 860 1626 est,
887 1584 1013 1630 agnosco.
1040 1590 1112 1619 Non
1135 1590 1199 1620 En-

310 1635 583 1677 caeniorumfestum
593 1634 818 1669 celebravimus.
846 1635 1054 1679 Religiofiffime
1067 1636 1196 1680 Auguste:

312 1687 353 1719 Id
362 1691 441 1718 enim
452 1686 599 1719 celebrare
611 1692 684 1718 ante
693 1694 777 1719 tuum
788 1689 948 1720 Decretum
952 1686 1056 1730 fuiffet
1073 1685 1198 1729 prorsus

311 1735 472 1777 nefarium.
502 1736 620 1776 Festum
628 1745 695 1769 erat
707 1735 832 1780 Pafihae
845 1762 855 1778 ‚
880 1739 1014 1773 &tanta
1033 1742 1083 1770 vis
1105 1740 1197 1780 Popu-

312 1786 407 1820 Iorum
421 1786 535 1820 aderat
546 1812 557 1829 ,
585 1796 731 1831 quantum
746 1787 985 1828 Christianorum
1003 1795 1037 1821 in
1059 1787 1130 1822 urbe
1147 1790 1198 1832 effi*

311 1835 475 1877 Christiani
491 1840 647 1882 Principes
656 1845 799 1883 optarint.
827 1846 905 1874 Cum
913 1845 1005 1882 igitur
1016 1838 1050 1870 Θ
1063 1838 1197 1878 Ecclefiae

307 1896 416 1931 paucae
423 1896 594 1933 parvaque
606 1892 694 1932 effent
705 1914 715 1929 ‚
741 1892 777 1924 δ’
794 1900 902 1933 magno
920 1889 1050 1920 tumultu
1067 1884 1196 1929 posi-ere-

311 1948 362 1973 tur
371 1963 382 1979 ‚
407 1948 442 1972 ut
451 1945 484 1971 in
494 1951 605 1983 magna
616 1939 743 1981 Ecclefia
767 1942 943 1973 Conventus
954 1938 1175 1971 celebrarentur
1186 1961 1196 1976 ‚

310 1998 404 2031 atque
416 1988 526 2022 ibidem
543 1997 647 2031 preces
652 1998 711 2031 pro
720 1999 774 2022 tua
790 1988 890 2032 salute
906 1988 1037 2030 fierent,
1064 1991 1146 2034 quod
1163 1990 1198 2023 (r

309 2039 430 2084 fac‘lum
450 2037 488 2081 est
501 2062 512 2078 ,
537 2049 642 2081 egoque
662 2044 809 2072 reniterer
835 2038 1098 2071 adhortationibus
1116 2063 1127 2079 ,
1165 2049 1198 2072 ut

315 2100 380 2122 rem
403 2089 500 2129 'aliquo
523 2086 614 2130 usque
635 2088 790 2130 differrent
806 2113 817 2129 ‚
851 2090 886 2122 Θ
915 2094 1018 2130 potius
1047 2091 1199 2131 quomodo·

317 2149 440 2180 cumque
462 2140 564 2171 liceret
590 2135 605 2178 ‚'
639 2146 731 2172 etiam
759 2149 823 2171 cum
854 2139 1046 2180 compreffione
1068 2140 1102 2172 (9
1121 2139 1199 2181 afili-

317 2189 429 2228 ffione,
457 2194 491 2221 in
509 2190 579 2221 aliis
601 2189 736 2231 Ecclesns
753 2191 877 2232 agerent
890 2212 901 2228 ‚
926 2188 1000 2221 mihi
1025 2192 1198 2232 neutiquam

314 2238 547 2281 obtemperatum
569 2238 616 2279 est.
644 2242 730 2284 ,Quin
742 2245 845 2281 potius
865 2238 967 2271 urbem
987 2241 1086 2282 egredi
1110 2250 1198 2273 erant

311 2299 440 2339 parati,
464 2302 501 2326 ut
520 2297 553 2325 in
575 2289 701 2334 desertis
721 2291 809 2334 loeis,
835 2291 870 2324 ό·
887 2288 945 2332 sub
963 2290 1013 2321 dio
1023 2293 1197 2323 Conventus

311 2344 472 2386 facerent,
497 2343 602 2375 melius
620 2341 676 2383 'effe
691 2340 821 2373 laborem
839 2345 959 2372 itineris
973 2339 1081 2380 ferre,
1107 2342 1198 2383 quam

316 2405 383 2427 cum
399 2393 478 2426 luffa
494 2391 615 2432 'Festum
636 2390 789 2424 celebrare.
817 2390 915 2426 Crede
935 2388 1011 2422 mibi
1034 2414 1045 2430 ,
1070 2393 1200 2434 Impera-

318 2453 365 2477 tor
377 2467 388 2483 ,
414 2443 447 2476 &
458 2448 490 2475 in
511 2453 579 2476 eam
602 2452 666 2473 rem
687 2442 784 2482 accipe
801 2440 899 2480 testem
911 2445 1070 2473 veritatem
1080 2439 1177 2483 ipsam
1189 2465 1198 2481 ‚

318 2500 353 2527 in
373 2491 535 2531 synaxibus
555 2489 784 2533 quadragest'mae
803 2490 837 2521 ob
861 2491 1081 2522 multitudinem
1102 2493 1199 2533 Popu-

319 2545 431 2583 lorum,
458 2543 493 2575 ό·
512 2546 544 2573 in
568 2542 637 2573 Iocis
657 2540 786 2583 angustis
795 2541 944 2581 plurimos
965 2547 1075 2580 pueros
1099 2564 1111 2581 ‚
1148 2552 1199 2574 nec

314 2602 431 2636 paucas
448 2591 566 2634 puellas
583 2615 594 2631 ‚
620 2591 654 2624 Θ
676 2590 809 2622 aniculas
835 2592 996 2632 complures
1010 2614 1020 2629 ‚
1045 2591 1081 2624 (9
1105 2592 1199 2624 adole-

315 2642 431 2686 scentes
456 2641 563 2674 multos
574 2640 698 2682 jacutffe
718 2638 844 2681 affliHos
856 2664 866 2681 ‚
892 2651 927 2672 ac
948 2641 1065 2672 domum
1085 2642 1199 2674 delatos

318 2693 371 2736 effe
380 2717 391 2732 ,
412 2690 471 2735 sed
479 2701 581 2725 tamen
592 2699 626 2724 ut
635 2698 733 2724 eorum
743 2701 827 2723 nemo
837 2714 849 2731 ,
874 2689 1081 2727 benevolentia
1091 2695 1199 2724 Numi-

319 2750 367 2776 nis
375 2747 510 2784 perierit.
1058 2750 1061 2751 ’
1089 2772 1091 2775 .

371 2793 463 2826 Hinc
472 2791 626 2828 discimus
636 2790 735 2835 plura.
764 2789 898 2832 Primo,
923 2789 1102 2835 quodlicet
1120 2800 1200 2825 tunc

323 2840 552 2882 Alexandriae,
577 2842 679 2875 effent
691 2852 806 2875 omnes
817 2848 872 2885 per
891 2842 1038 2875 sanctum
1061 2840 1202 2885 Epipha-

321 2892 415 2924 nium
428 2901 620 2925 enumeratae
637 2891 793 2931 Bafificae,
818 2893 945 2926 sanstus
966 2902 1076 2925 tamen
1098 2890 1201 2925 Atha-

322 2940 429 2973 nafius
441 2941 522 2982 ipsas
532 2940 620 2975 dicat
640 2941 734 2975 fuiffe
755 2952 881 2984 paucas.
909 2940 1039 2984 Nempe
1060 2943 1200 2984 respectu

322 2988 570 3023 numerofiffimi
580 2990 686 3026 fidelis
698 2990 819 3034 populi.
847 2989 1000 3026 secundo
1017 3015 1027 3031 ‚
1053 2990 1143 3035 quod
1165 2991 1202 3023 li-

322 3048 377 3073 eet
387 3039 485 3072 sanffl
496 3037 647 3072 Theonae
657 3041 788 3076 Basilica
801 3042 878 3076 effet
889 3042 908 3075 ὲ
921 3041 1040 3075 Τειηᾶο
1060 3039 1203 3074 Alexan-

322 3088 385 3123 dro
399 3087 582 3131 nuperrime
592 3088 637 3121 ob
649 3090 786 3125 aliarum
796 3090 980 3136 angustiam
991 3090 1146 3125 aedificata
1167 3091 1201 3124 in

323 3149 448 3171 novam
462 3135 691 3170 Cathedralem
706 3162 717 3177 ,
741 3139 880 3185 ideoque
890 3139 977 3175 haud
990 3140 1089 3175 dubie
1106 3141 1202 3175 fuerit

322 3187 516 3230 ampliffima
526 3211 536 3227 ‚
562 3187 686 3220 sanetus
698 3198 807 3221 tamen
820 3190 1016 3225 Athanasius
1034 3191 1135 3234 ipsam
1156 3190 1204 3224 di-

324 3247 377 3270 cat
388 3247 527 3279 parvam.
553 3234 683 3278 Nempe
692 3236 737 3269 ob
751 3249 920 3274 numerum
933 3241 1079 3285 ejusdem
1102 3251 1202 3284 popu-

329 3286 354 3320 li
365 3300 378 3326 ;
402 3286 459 3329 qui
471 3285 537 3318 fine
548 3286 794 3328 compreffionis
803 3288 836 3321 ἃ
848 3292 961 3325 mortis
973 3290 1122 3335 periculo
1132 3300 1199 3323 non

329 3345 458 3380 poterat
479 3334 546 3369 istis
559 3359 569 3374 ,
596 3335 672 3368 licet
697 3336 813 3369 multis
831 3337 865 3370 &
886 3342 1032 3383 magnis,
1059 3339 1202 3375 Bafilicis

326 3384 570 3428 comprehendi.
597 3384 691 3417 Istius
703 3396 844 3428 namque
853 3391 1006 3430 temporis
1018 3389 1201 3434 Disciplina

327 3436 430 3469 etiam
450 3435 483 3470 in
499 3434 664 3473 maximis
684 3434 913 3472 festivitatibus
932 3448 1001 3473 non
1013 3439 1203 3476 admittebat

1321 631 1384 666 smt
1395 634 1731 676 postAntiochenam
1742 634 1935 679 Synodum:
1953 639 2034 674 Haec
2055 640 2150 674 enim

1263 681 1282 714 a
1293 680 1401 724 Tyria
1414 683 1554 729 Synodo
1563 687 1680 721 factam
1700 684 1800 720 sanni
1819 684 1989 722 Atha'nasxi
2012 688 2149 724 damna-

1260 39 1690 103 P‘R‘oaleAms.

1265 131 1323 165 nifi
1335 132 1509 169 unicamin
1522 136 1634 180 quavis
1644 134 1781 171 Basilica
1793 137 1951 179 synaxim
1963 148 1999 171 ac
2008 139 2144 175 unicum

1263 179 1464 218 Sacrificium
1477 209 1487 225 ‚
1499 185 1638 230 ideoque
1650 187 1748 221 unius
1759 186 1909 221 Mandrae
1919 188 1972 222 seu
1986 187 2148 232 Parochie

1263 231 1400 274 populus
1411 235 1593 279 cogebatur
1601 236 1694 271 fimul
1708 237 1845 271 adunari
1857 262 1868 277 ,
1889 249 1951 274 nec
1962 248 2089 281 poterat
2099 239 2148 273 di-

1266 278 1364 314 strahi
1374 282 1410 317 in
1420 283 1563 327 ¹diversas
1572 295 1687 319 coram
1704 287 1831 324 Divina
1853 287 2027 332 Maiestate
2039 286 2147 332 Appa-

1267 330 1389 366 ritu'ras.
1416 333 1584 369 Discimus
1601 335 1702 369 tertio
1722 360 1733 377 ‚
1760 336 1849 381 quod
1869 337 1911 372 ad
1934 337 1999 373 haec
2018 339 2147 375 incom-

1265 379 1528 431 moda-evitanda
1550 385 1738 429 Gregorius.
1753 386 1936 431 Cappadox
1951 388 2148 432 judicaverit

1266 431 1384 474 requiri
1397 434 1552 478 majorem
1563 433 1736 470 Basilicam
1747 459 1758 475 ‚
1781 446 1882 481 atque
1895 436 1985 473 hunc
1997 440 2033 472 in
2046 439 2148 473 finem

1266 479 1308 514 ab
1331 481 1438 523 amico
1461 484 1660 523 Constantio
1681 485 1901 528 impetraverit
1927 488 2148 533 Gymnafium

1266 530 1486 569 Licinianum.
1515 535 1698 582 Gregorius
1709 534 1824 577 enim',
1842 538 1918 574 licet
1930 538 2087 579 Arianus,
2098 550 2148 573 ze<

1264 581 1333 614 lum
1347 582 1413 616 Dei
1425 582 1549 620 habuit.
1575 583 1704 633 Qarto
1713 584 1871 622 discimus
1881 612 1891 628 ‚
1918 589 2008 633 quod
2020 588 2088 624 haec
2099 590 2148 623 fa-

1265 731 1395 766 tionem
1409 731 1473 768 fuit
1484 746 1622 771 executa
1636 762 1647 778 ‚
1673 743 1712 771 ac
1722 736 1790 779 ejus
1801 736 1837 771 in
1847 736 2032 772 Thronum
2044 736 2150 771 intru-

1264 780 1301 814 fit
1313 782 1523 828 Gregorium.
1549 785 1654 822 Porro
1665 786 1858 822 Sardicenfis
1875 787 2031 831 Synodus
2042 788 2150 832 ipsum
2173 806 2178 808 ἡ

1265 832 1398 866 extrusit
1416 859 1428 875 ,
1464 847 1509 870 ac·
1525 848 1686 883 magnum
1707 835 1926 872 Athanafium
1946 837 2091 885 reposuit
2111 837 2149 871 in

1264 881 1352 915 suam
1362 883 1493 919 Sedem.
1518 887 1652 935 Quinto
1674 887 1831 924 discimus
1843 913 1854 929 ,
1880 887 1971 933 quod
1991 887 2150 933 Gregorii

1261 932 1357 975 opus
1367 933 1493 970 sanetus
1504 936 1701 974 Athanafius
1711 939 1872 973 censuerit
1883 938 1967 973 utile
1985 938 2020 972 &
2042 938 2150 973 neces-

1264 981 1383 1037 sarium
1395 1007 1406 1022 2
1432 994 1530 1030 atque
1542 986 1588 1023 ita
1598 989 1635 1023 fit
1656 990 1853 1033 prosecutus.
1882 987 2022 1026 Censuit
2043 988 2125 1022 utile
2135 1012 2149 1029 ,

1263 1042 1338 1074 qula
1350 1035 1571 1084 necessarium.
1599 1039 1704 1087 Qod
1713 1042 1805 1073 enim
1815 1038 1908 1073 istius
1917 1038 2076 1082 temporis
2087 1038 2149 1072 Di-

1264 1082 1400 1125 sciplina
1414 1084 1591 1127 superfluas
1600 1088 1752 1123 Bafilicas
1763 1088 1880 1124 vetarit
1891 1089 2000 1123 extrui
2012 1087 2148 1123 abunde

1263 1132 1349 1165 lucet
1362 1133 1464 1167 velex
1475 1134 1548 1169 solo
1560 1136 1671 1170 structo
1679 1138 1813 1181 Optato
1819 1137 2033 1175 Milevitan'o.
2070 1137 2149 1172 Sex-

1263 1183 1296 1215 to
1310 1182 1467 1218 discimus
1478 1207 1489 1224 ‚
1515 1184 1604 1228 quod
1614 1197 1755 1230 magnus
1766 1183 1965 1223 Athanasius
1987 1184 2082 1220 istam
2101 1187 2150 1220 fn-

1262 1232 1383 1267 bricam
1396 1233 1587 1268 absolverit.
1614 1236 1650 1269 N
1652 1236 1686 1268 ifi
1701 1237 1793 1269 enim
1806 1236 1917 1270 fuisset
1926 1235 2065 1280 perfesta
2077 1259 2088 1276 ,
2114 1235 2151 1270 δε

1261 1283 1299 1316 ad
1310 1282 1571 1318 Dedicationem
1584 1295 1695 1329 parata
1708 1309 1719 1325 ‚
1730 1296 1799 1320 non
1811 1295 1938 1329 poterat
1947 1285 2004 1319 ille
2014 1283 2152 1320 Pascha-

1261 1334 1325 1367 lem
1338 1333 1544 1380 Synaximin
1557 1335 1623 1378 ipsa
1631 1334 1801 1369 celebrare.
1838 1335 1913 1370 Nec
1936 1334 2059 1370 obsunt
2078 1335 2148 1379 ejus

1260 1382 1354 1418 verba
1366 1396 1373 1416 :
1405 1382 1585 1427 Priusquam
1597 1383 1730 1428 absoluta
1741 1385 1813 1428 effet.
1828 1386 1910 1419 Haec
1921 1386 2014 1419 enim
2024 1385 2070 1419 est
2080 1396 2154 1419 ver-

1260 1434 1305 1467 fio
1319 1433 1525 1468 Illustriffimi
1549 1435 1693 1470 Domini
1714 1435 1813 1470 Lucae
1822 1434 2003 1470 Holstenii.
2030 1433 2149 1470 Petrus

1261 1485 1416 1519 Nannius
1426 1486 1467 1519 fic
1477 1486 1579 1520 vertit
1589 1498 1597 1518 z
1611 1483 1794 1528 Priusquam
1802 1487 1999 1520 dedicaretur.
2026 1485 2072 1519 Et
2083 1485 2158 1519 for-·

1261 1535 1318 1572 san
1328 1535 1453 1569 melius.
1483 1534 1631 1579 Septimo
1640 1535 1796 1571 discimus
1807 1561 1818 1577 ,
1838 1535 1928 1581 quod
1939 1535 1997 1569 ista
2009 1534 2148 1570 Bafilica

1260 1586 1357 1619 fuerit
1365 1585 1451 1620 dista
1464 1586 1616 1621 Caesarea.
1643 1586 1736 1639 Qia
1747 1597 1868 1630 nempe
1877 1587 1982 1620 fuerat
2004 1584 2148 1619 duorum

1260 1635 1423 1669 Caesatum
1438 1635 1658 1680 Gymnasium
1670 1661 1681 1679 ‚
1706 1637 1811 1680 &jam
1822 1638 1890 1671 erat
1912 1635 2000 1673 tertii
2011 1635 2148 1669 Caesaris

1259 1686 1394 1720 donum.
1422 1686 1552 1720 Mirum
1563 1686 1608 1722 est
1623 1712 1634 1727 ,
1659 1687 1750 1731 quod
1763 1687 1813 1720 uti
1835 1687 1991 1721 Romana
2014 1684 2148 1721 Latera·

1259 1737 1362 1770 nenfis
1374 1736 1516 1770 Ecclesia
1529 1738 1593 1771 fuit
1603 1737 1689 1771 dista
1699 1737 1991 1775 Constantiniana,
2002 1733 2062 1776 hec
2074 1745 2147 1768 non

1259 1787 1358 1820 suerit
1368 1786 1452 1819 dffia
1466 1786 1720 1820 Constantiana.
1743 1785 1876 1820 'Ostavo
1886 1781 2149 1828 discimusflusxl

1259 1835 1317 1867 ista
1331 1834 1469 1867 Bafflica
1479 1834 1622 1869 dedicari
1646 1845 1715 1868 non
1738 1834 1883 1880 potuerit
1906 1832 1976 1868 fine
1993 1834 2090 1868 venia
2107 1834 2151 1867 ac

1258 1884 1401 1917 Decreto
1414 1883 1614 1919 Constantii.
1625 1885 1715 1932 (ζώει
1727 1884 1845 1928 nempe
1856 1883 1922 1917 haec
1933 1892 2000 1917 erat
2011 1882 2080 1926 ejus
2088 1882 2148 1917 do-

1260 1945 1339 1967 num
1351 1959 1360 1975 ‚
1387 1945 1424 1967 ac
1435 1934 1502 1978 ipse
1515 1929 1607 1969 illius
1617 1934 1793 1970 Patronus.
1821 1931 2142 1982 patronatus-juset}

1258 1983 1340 2018 adeo
1349 1985 1531 2030 antiquum.
1990 1990 1993 1994 ’
2070 1991 2073 1997 ·

1307 2035 1499 2072 Eusebianis
1508 2036 1683 2072 calumniis
1691 2036 1956 2081 circumscriptus
1964 2035 2151 2080 Imperator

1258 2087 1474 2135 Constantius
1485 2087 1598 2122 denuc>
1607 2088 1702 2131 ejecit
1711 2085 1929 2121 Athanasium
1942 2111 1953 2129 ‚
1967 2086 2014 2120 ’δε
2024 2085 2094 2129 ejus
2107 2086 2144 2119 in

1258 2136 1438 2172 Thronum
1452 2138 1581 2172 intrufit
1592 2138 1776 2183 Georgium
1787 2162 1798 2178 ,
1823 2136 1996 2171 hominem
2021 2136 2144 2170 laicum

1257 2189 1290 2221 ἀ
1300 2187 1490 2222 Palatinum
1502 2214 1512 2230 ‚
1539 2188 1701 2223 Arianum
1722 2186 1818 2221 fimul
1835 2199 1874 2222 ac
1894 2186 2118 2221 Meletianum
2133 2208 2146 2226 ,

1259 2249 1356 2282 quem
1368 2239 1423 2273 alii
1435 2241 1515 2273 item
1525 2239 1618 2273 fuiff'e
1629 2237 1861 2282 Cappadocem
1871 2263 1883 2280 ,
1909 2236 1967 2271 alii
1980 2237 2146 2271 affirmant

1259 2289 1410 2324 Cilicem.
1436 2290 1476 2323 In
1487 2288 1682 2323 Sardicen‘fis
1694 2287 1822 2331 Synodi
1834 2313 1844 2328 ‚
1862 2298 1943 2332 quae
1953 2287 2096 2322 forenses
2106 2295 2147 2319 ac

1259 2337 1430 2376 Palatinos
1442 2351 1510 2374 non
1524 2337 1758 2374 tantammodo
1768 2338 1809 2371 ad
1823 2338 2080 2382 Episcopatum,
2089 2334 2150 2370 serf

1259 2393 1358 2424 etiam
1370 2389 1412 2424 ad
1423 2390 1688 2434 Presbyteratum
1699 2397 1755 2423 aut
1764 2388 1992 2422 Diaconatum
2014 2385 2145 2421 adsumi

1261 2441 1364 2474 vetuit
1378 2465 1388 2481 ,
1413 2440 1531 2475 odium
1553 2439 1588 2474 id
1607 2439 1686 2473 fecit
1713 2435 1936 2472 Constantius.
1965 2437 2013 2470 Et
2034 2437 2143 2481 ipsum

1261 2489 1420 2535 AEgyptii
1429 2516 1439 2532 ,
1466 2488 1606 2536 gentiles
1627 2489 1799 2533 praesertim
1819 2499 1858 2522 ac
1883 2487 1984 2532 Judaei
1996 2512 2009 2529 ‚
2033 2486 2146 2521 crude-

1260 2540 1374 2574 liffime
1385 2552 1422 2574 ac
1433 2539 1666 2575 deformiffime
1674 2539 1885 2573 trucidarunt.
1914 2538 1959 2571 Et
1979 2536 2056 2571 cum
2070 2536 2144 2580 ipso

1258 2591 1358 2624 etiam
1380 2590 1570 2625 Diodorum
1591 2589 1830 2634 Presbyterum.
1868 2587 2049 2622 Rationem
2087 2585 2147 2620 dat

1260 2640 1459 2675 Ammianus
1482 2639 1695 2674 Marcellinus
1720 2653 1727 2672 :

1261 2741 1336 2773 bant
1346 2765 1358 2782 ‚
1384 2742 1419 2773 id
1428 2751 1539 2783 quoque
1548 2740 1593 2772 ad
1598 2743 1727 2773 Deorum
1738 2740 1847 2773 cultum
1859 2737 2031 2777 existimans
2046 2741 2142 2779 perti-

1261 2802 1338 2825 nere.
1376 2790 1438 2824 Ista
1452 2789 1590 2835 Georgii
1603 2789 1702 2824 caedes
1714 2789 1859 2833 contigit
1868 2787 1926 2822 sub
1940 2787 2082 2830 Imperio
2090 2785 2146 2829 Ju-

1262 2841 1342 2874 liani
1353 2838 1519 2884 Apostatae
1531 2863 1542 2880 ,
1567 2838 1708 2883 ideoque
1718 2838 1774 2873 hic
1791 2838 1850 2872 ista
1863 2838 1904 2872 de
1917 2849 1949 2872 re
1971 2836 2090 2880 scripfit
2100 2834 2143 2869 ad

1262 2889 1469 2924 Alexandriae
1492 2889 1652 2933 populum
1674 2902 1681 2920 :
1708 2891 1770 2923 Per
1790 2891 1925 2930 Serapim
1949 2913 1960 2929 ‚
1985 2888 2074 2920 dicite
2089 2892 2145 2918 ml-

1263 2939 1315 2981 bt,
1342 2951 1411 2983 quae
1436 2941 1559 2973 tandem
1581 2943 1698 2984 Georgii
1715 2945 1841 2972 crimina
1851 2950 1906 2971 vos
1930 2937 2055 2970 inillam
2074 2941 2147 2968 inci-

1264 2991 1396 3024 tarunt?
1431 2988 1656 3033 Respondebitis
1678 2990 1809 3022 arbitror
1828 3013 1839 3030 ,
1874 2993 2010 3031 quoniam
2031 2991 2064 3017 in
2089 2997 2145 3018 vos

1263 3040 1466 3080 Constantium
1487 3041 1651 3073 incenderit
1670 3065 1681 3081 ‚
1719 3040 1827 3073 deinde
1862 3042 2022 3071 exercitum
2046 3040 2079 3067 in
2093 3033 2146 3077 sa-

1262 3102 1342 3123 cram
1363 3090 1470 3123 Urbem
1496 3091 1663 3123 adduxerit
1682 3114 1692 3130 ‚
1727 3089 1796 3122 hinc
1815 3092 1880 3121 Rex
1885 3085 2093 3129 sane‘liffimum
2112 3090 2145 3116 in

1265 3142 1396 3184 AEgypto
1419 3143 1475 3173 Dei
1495 3142 1638 3181 templum
1668 3145 1788 3182 caeperit
1806 3161 1817 3178 ,
1844 3136 1965 3178 statuas
1987 3137 2023 3169 ὃ·
2053 3135 2146 3167 dona-

1265 3196 1313 3222 ria
1334 3213 1344 3229 ‚
1382 3191 1417 3223 (θ’
1442 3199 1580 3229 ornatum
1599 3201 1713 3223 omnem
1730 3189 1889 3229 diripuerit
1909 3210 1920 3225 ,
1945 3195 2067 3226 cumque
2088 3195 2144 3216 vos

1263 3242 1367 3272 merito
1388 3237 1588 3282 irafieremini
1601 3263 1612 3280 ‚
1637 3241 1671 3274 (9⁸
1694 3241 1779 3277 Deo,
1804 3237 1856 3270 vel
1874 3240 1977 3277 potius
2005 3237 2063 3266 Dei
2083 3240 2144 3275 opi-

1265 3289 1321 3322 bus
1336 3287 1546 3331 succurrentis
1568 3316 1578 3331 ,
1604 3290 1652 3322 ille
1666 3286 1785 3331 summa
1804 3292 1963 3328 iniquitate
1983 3309 1994 3325 ‚
2015 3282 2144 3327 scelere,

1265 3345 1474 3381 impietateque
1493 3339 1562 3382 usus
1584 3346 1715 3371 armatos
1737 3333 1892 3378 immiserit
1911 3340 2010 3378 magis
2025 3331 2142 3375 fortafi

1262 3390 1298 3421 ,se
1312 3392 1466 3433 Georgium
1487 3392 1577 3432 qua‘m
1600 3386 1801 3426 constantium
1813 3390 1953 3425 veritus,
1972 3383 2003 3426 fi
2014 3381 2145 3427 seipsum

1267 3450 1336 3482 erga
1348 3449 1402 3473 vos
1413 3439 1534 3480 modeste
1544 3450 1579 3474 ac
1590 3439 1716 3474 civiliter
1731 3441 1850 3482 gereret
1858 3459 1870 3480 ,
1897 3445 1990 3479 neque
2010 3438 2144 3517 mazni-

2097 3493 2142 3516 em

1764 2639 1859 2683 ,Quod
1872 2649 1938 2670 cum
1958 2637 2146 2679 aedificandae
2164 2646 2223 2680 Lib,
2234 2657 2247 2675 2
2255 2656 2280 2683 3·

1240 2644 1391 3502 [resset
1413 2689 1547 2730 Ecclefiae
1562 2696 1653 2722 cirros
1671 2698 1831 2732 puerorum
1851 2688 1987 2722 licentius
2007 2687 2144 2720 detonde-
2160 2697 2221 2727 cap.
2237 2691 2282 2716 ιε.
