2346 3776
183 1515 245 1561 Lib.
265 1521 309 1548 16.

185 1565 220 1586 tit

185 1579 251 1636 cap.
265 1607 288 1633 ς.

185 2019 246 2065 I7ib.
261 2024 301 2050 16.

186 2068 229 2089 tit.
264 2071 286 2090 1.

186 2109 249 2139 cap.
259 2108 287 2137 3.

323 195 424 231 ambo
435 191 573 229 indubie
586 193 763 229 adfuerunt
774 190 923 227 damnati
935 186 1082 231 Synodo.
1112 186 1200 231 Qia

323 244 442 290 nempe
454 245 627 279 Mariotici
639 269 649 286 ‚
661 245 738 279 licet
747 241 914 286 Pagenses
925 263 936 279 ,
948 248 1044 273 erant
1058 235 1202 269 Alexan-

322 296 399 331 driae
412 295 514 330 vicini
525 321 535 337 ‚
561 296 596 330 &
606 307 648 330 ex
658 293 812 339 singulari
822 290 1004 335 Privilegio
1018 285 1202 331 spectabant

321 347 364 381 ab
377 346 444 390 ejus
456 346 601 380 Clerum.
628 344 733 391 Qod
754 342 821 386 ipse
838 343 967 376 sanstus
986 339 1119 372 Marcus
1131 336 1204 369 istic

321 395 475 442 Augusta
486 395 632 439 Templa
644 396 677 428 ὃ(
689 393 894 427 Monasteria
906 416 918 431 ‚
944 401 1005 424 nec
1018 399 1088 422 non
1101 387 1205 431 singu-

321 447 402 482 laria
415 446 607 481 Christianae
619 444 817 479 eruditionis
826 455 865 477 ac
885 438 1080 483 Disciplinae
1100 437 1206 480 Gym-

321 499 411 532 nafia
423 497 564 532 erexerit
578 519 589 535 ,
600 495 694 538 supra
705 494 894 529 audivimus
907 493 924 527 ὲ
937 488 1129 526 Cesaraeensi
1142 488 1205 521 Eu-

322 548 422 583 sebio.
450 549 544 580 Hinc
556 545 616 579 iste
627 544 744 580 Clerus
758 545 854 589 poffit
867 545 991 587 semper
1000 536 1204 592 spestaffead

321 597 551 632 immediatam
562 607 676 631 curam
690 593 897 630 Patriarchae.
908 594 965 628 An
977 588 1206 625 Alexandrina

321 647 490 683 Cathedra
503 645 561 683 sub-
575 648 607 680 se
620 647 706 681 alios
716 647 846 690 insuper
857 644 986 691 Pagos,
998 643 1032 675 &
1044 636 1206 695 quosdam

321 699 356 734 in
370 698 422 734 his
434 697 733 742 Chorepiscopatus
743 696 896 731 habuerit
907 721 918 737 ,
946 693 1042 729 trado
1062 688 1136 723 aliis
1153 697 1207 720 me

321 748 560 785 eruditioribus
573 747 846 782 examinandum.

521 905 828 942 -CAPUT
878 898 990 941 VII.v

378 1011 597 1077 Exponi'tm·
621 1005 875 1055 Alexandrini
897 1004 1135 1054 Patriarchae

644 1075 882 1145 Jarifiiicfiio.
918 1084 922 1088 ⁴

438 1197 491 1233 Ac
501 1198 544 1233 de
554 1210 589 1233 re
595 1198 631 1232 in
642 1196 888 1234 Theodofiano
900 1197 1029 1233 Codice
1037 1206 1130 1232 extat
1141 1196 1210 1231 Va-

455 1248 634 1284 lentiniani
645 1247 687 1281 11.
695 1249 810 1293 magni
823 1246 1062 1288 Theodofii,ac
1070 1246 1207 1287 Arcadii

320 1300 565 1343 Imperatorum
576 1300 649 1334 Lex
662 1299 703 1333 ad
716 1300 881 1342 Optatum
891 1297 1078 1346 Prefqaestum
1090 1296 1208 1343 Augu-

321 1351 577 1385 stalemOmnes
588 1349 826 1387 Ecclesiasticas
837 1348 1122 1393 Episcoporum&
1135 1348 1208 1382 Cle-

322 1402 468 1436 ricorum
478 1400 591 1434 causas
605 1399 740 1434 mandat
750 1411 820 1434 non
833 1398 923 1442 apud
934 1399 1069 1442 publica
1081 1398 1209 1434 Tribu-

324 1451 412 1485 nalia
424 1474 436 1490 ,
461 1449 518 1484 sed
529 1460 585 1493 per
596 1449 779 1493 Episcopos
791 1449 974 1484 examinari⁴
987 1461 1024 1485 ac
1037 1447 1162 1490 decidi,
1173 1450 1208 1487 &

324 1500 511 1536 concludit:
522 1498 765 1543 ,Quibuscumque
775 1506 868 1544 igitur
878 1508 958 1532 mota
958 1499 1059 1542 fuerit
1072 1500 1207 1544 guento,

267 1570 273 1587 ι
283 1570 306 1586 2.
325 1563 393 1595 quae
402 1551 448 1584 ad
457 1548 664 1590 Christianam
670 1556 828 1592 pertineat
837 1550 1038 1587 Sanditatem
1046 1576 1056 1592 ,
1064 1562 1115 1585 eos
1128 1552 1208 1587 decc-

324 1602 370 1636 bit
376 1599 434 1646 fich
445 1612 476 1635 eo
480 1604 513 1646 J
514 1602 598 1634 udlce
607 1601 748 1644 litigare,
771 1607 824 1643 qui
838 1599 965 1644 Praesul
972 1600 1010 1641 est
1020 1600 1207 1643 inpartibus

322 1657 454 1687 omnium
465 1652 658 1685 Sacerdotum
669 1676 680 1692 ,
707 1653 744 1685 id
750 1650 789 1691 est
801 1675 812 1692 ‚
833 1659 895 1693 per
906 1653 1036 1695 AEgypti
1047 1649 1204 1693 Dioecessm.

323 1705 430 1747 ,Quare
439 1701 606 1735 laudabilis
618 1696 796 1735 Autboritas
809 1711 864 1736 tua
874 1701 1004 1734 arbitrio
1020 1710 1185 1744 temperato
1198 1726 1206 1740 ‚

321 1754 475 1796 quidquid
482 1758 663 1796 negotiorum
672 1753 797 1786 aliunde
807 1753 922 1785 incidet
934 1776 944 1792 ,
956 1752 1146 1793 terminabit,
1154 1751 1206 1784 ha-

320 1803 420 1836 bituro
440 1802 633 1844 Pontificium
656 1806 759 1837 Sacrae
788 1801 1027 1845 Disceptationis
1053 1801 1206 1836 Timotheo

320 1851 468 1896 Episcopo
477 1876 488 1892 ,
506 1863 594 1894 quem
595 1851 653 1893 fibi
663 1863 765 1889 omnes
776 1859 870 1887 etiam
877 1849 905 1893 s
897 1863 934 1885 uo
935 1853 1054 1893 judicio
1058 1853 1207 1892 praetule-

320 1915 362 1937 re.
375 1901 431 1943 Est
440 1906 522 1936 enim
531 1907 582 1934 vir
593 1902 658 1935 crim
669 1907 800 1934 omnium
811 1902 1009 1934 sacerdotum
1012 1898 1209 1943 susceptatio-

321 1965 358 1987 nc
365 1951 562 1987 venerandus
575 1976 584 1992 ,
596 1952 660 1985 tt'tm
669 1958 765 1986 etiam
776 1949 871 1992 nolito
872 1951 993 1990 judicio
1005 1950 1203 1992 approbatus.

321 2005 402 2037 Haec
417 2001 580 2045 postrema
590 2000 687 2035 verba
707 2000 862 2035 alludunt
880 1999 923 2034 ad
942 2000 1043 2033 aliam
1063 1999 1206 2042 ejusdem

323 2051 460 2089 Codicis
471 2052 611 2096 Legem,
623 2050 784 2094 quaidem
794 2050 978 2094 Imperator
991 2047 1204 2083 Theodofius

321 2098 468 2138 eundem
491 2098 721 2137 Timotheum
740 2100 845 2135 sancit
868 2099 964 2134 omni
986 2096 1207 2144 AEgyptiacae

322 2153 464 2188 Dioecefi
476 2151 539 2186 esse
550 2150 695 2186 radicem
714 2149 908 2186 orthodoxae
929 2148 1204 2186 Communionis,

255 2211 258 2213 “
324 2201 551 2244 Addustajam
566 2201 637 2235 Lex
648 2213 710 2235 nos
720 2201 818 2235 docet
831 2200 933 2244 plura.
956 2199 1074 2234 Primo
1085 2224 1097 2241 ,
1115 2198 1205 2243 quod

324 2252 535 2288 Alexandriae
545 2250 735 2286 Patriarcha
746 2250 866 2285 habeat
877 2249 1139 2294 jurisdiCtionem
1150 2261 1206 2293 per

323 2315 459 2338 omnem
469 2303 629 2345 Diecefim
643 2301 894 2348 AEgyptiacam.
906 2301 986 2334 Erat
998 2300 1089 2334 enim
1099 2299 1208 2344 AEgy-

322 2365 379 2399 pto
389 2355 424 2388 in
437 2352 672 2387 Ecclefiasticis
684 2377 695 2393 ‚
722 2352 815 2396 quod
826 2350 1021 2396 Augustalis
1032 2350 1206 2385 Praefestus

322 2406 358 2439 in
370 2403 532 2438 Politicis.
562 2404 605 2437 Et
616 2402 707 2446 quod
719 2401 774 2437 hic
784 2402 867 2437 olim
878 2413 934 2446 per
954 2412 1092 2436 omnem
1111 2400 1205 2435 istam

321 2453 499 2490 Dioecefim
510 2451 663 2486 habuerit
674 2453 876 2487 Potestatem
886 2477 896 2494 ,
916 2450 1075 2486 omnibus
1087 2461 1205 2485 notum

322 2504 380 2545 est,
390 2505 424 2538 &
434 2501 501 2536 haec
516 2503 586 2546 ipsa
596 2503 669 2536 Lex
680 2502 892 2536 demonstrat.
922 2502 1057 2537 Etenim
1078 2503 1205 2545 Optato

323 2553 501 2599 Augustali
512 2551 668 2586 Praefesto
680 2552 814 2586 mandat
827 2576 836 2592 ‚
863 2562 900 2585 ut
921 2551 1006 2585 hanc
1020 2552 1148 2596 Legem
1160 2553 1206 2584 fa-

323 2606 390 2639 ciat
402 2615 457 2647 per
469 2614 606 2636 omnem
620 2602 714 2636 istam
727 2602 903 2644 Dioecefim
915 2602 1088 2637 observari.
1110 2600 1206 2636 Licet

325 2653 506 2698 postmodo
518 2653 701 2697 Imperator
713 2652 916 2696 Justinianus
936 2652 1004 2695 ejus
1027 2650 1207 2686 authorita÷

325 2716 392 2739 tem
411 2704 453 2739 ad
476 2703 580 2741 solam
602 2700 868 2740 Alexandrinam
890 2703 1073 2737 Civitatem
1083 2703 1116 2735 δε
1126 2702 1207 2736 duas

328 2755 502 2801 AEgyptos
513 2754 798 2797 circumscripserit
810 2778 821 2794 ,
847 2753 934 2788 avita
945 2763 1058 2788 tamen
1069 2751 1208 2787 Patriar-

325 2804 396 2838 chae
406 2804 553 2839 Potestas
565 2804 600 2838 in
614 2803 707 2838 nullo
727 2805 792 2839 fuit
813 2804 892 2838 laesa.
922 2804 966 2839 Et
986 2802 1121 2847 quidem
1140 2803 1208 2845 ejus

326 2854 475 2888 Potestas
484 2854 614 2888 videtur
624 2855 724 2888 etiam
737 2855 872 2898 antiqua
884 2852 1028 2888 Praefeui
1041 2853 1207 2887 potestate

328 2905 421 2937 fuisse
433 2906 582 2947 amplior.
613 2905 747 2940 Etenim
761 2905 897 2939 addusta
907 2905 980 2939 Lex
1001 2915 1119 2938 omnes
1138 2915 1208 2936 om-

329 2955 424 2987 nium
433 2965 488 2996 per
500 2966 635 2988 omnem
648 2954 823 2991 Dioecefim
836 2966 904 2989 non
915 2953 1117 2991 tantumodo
1130 2954 1209 2996 Epi-

329 3005 504 3046 scoporum
517 3027 528 3043 ,
553 3004 606 3037 sed
616 3006 650 3039 &
664 3005 872 3041 clericorum
884 3006 994 3039 causas
1005 3003 1140 3040 mandat
1153 3015 1208 3046 per

329 3054 437 3096 ipsum
459 3052 601 3086 definiri·
628 3055 740 3089 Etiam
764 3057 800 3090 in
823 3057 926 3100 prima
939 3055 1104 3089 instantia.
1133 3053 1207 3087 Nec

330 3104 420 3137 enim
433 3104 499 3146 agit
506 3102 546 3135 de
560 3101 904 3145 AppellationibusEt
916 3104 981 3140 hoc
994 3106 1056 3139 effe
1068 3105 1207 3140 affirmat

330 3153 423 3187 istius
436 3150 629 3187 Patriarchae
640 3153 1006 3200 Pontificium.Utique
1019 3167 1060 3189 ex
1072 3155 1208 3198 antiqua

330 3202 577 3236 consuetudine.
591 3202 664 3236 Nec
676 3204 801 3238 mireris
813 3206 886 3241 hoc.
897 3208 1031 3240 Etenim
1042 3205 1102 3248 hec
1113 3205 1209 3238 Pote-

331 3253 394 3286 stas
404 3252 534 3290 videtur
546 3262 732 3295 competere
744 3256 835 3288 omni
848 3256 1159 3290 Patriarchae.Lucet
1166 3266 1208 3288 ex

330 3302 496 3346 trigesimo
509 3303 624 3335 ostavo
638 3302 778 3336 Canone
791 3303 943 3340 Arabico:
971 3312 1010 3340 Ut
1022 3307 1120 3339 nullas
1133 3308 1209 3346 Epi-

326 3351 482 3398 scoporum
492 3357 524 3383 in
535 3353 673 3383 Paroecia
683 3353 808 3386 alterius
821 3355 1032 3390 Ordinationes
1056 3355 1209 3395 Presbyte-

329 3413 430 3435 rorum
440 3410 494 3434 aut
511 3402 964 3444 Diaconorumfaciat,exceptis
979 3404 1166 3441 patriarcha
1176 3406 1209 3438 (9

331 3449 589 3493 Archi-Episcopo,
599 3456 632 3482 in
643 3452 711 3483 locis
724 3451 844 3495 quqfiaeb
856 3465 955 3486 eorum
970 3456 1118 3495 Potestate
1125 3453 1208 3499 sunt-

330 3501 518 3538 Ordinandi
530 3499 743 3543 &judicandi
763 3501 913 3538 Potestas
936 3505 1011 3539 sunt
1031 3517 1208 3540 connexae:

1270 1596 1498 1642 ne,voluitque
1509 1609 1547 1633 ut
1557 1597 1730 1639 tredecim,
1742 1597 1801 1641 qui
1812 1609 1890 1633 cum
1901 1599 1961 1633 suo
1970 1597 2038 1641 jam
2049 1597 2164 1643 degra-

777 102 1100 155 DissERTA
1117 118 1223 154 Tio
1273 100 1694 155 PRoosM1AL1s.

1265 184 1375 231 Qare
1387 183 1644 231 Patriarch2‚qui
1658 198 1713 230 per
1724 200 1861 223 omnem
1869 190 1959 224 suam
1971 188 2154 234 Dioecefim

1264 234 1415 269 ordinate
1422 237 1539 280 potest,
1548 237 1652 280 potest
1662 238 1695 272 ὃς
1706 238 1861 282 judicare.
1870 239 1983 275 Potest
1993 236 2072 274 'cum
2084 252 2156 276 orn-‚-

1266 284 1362 319 nibus
1373 285 1431 320 fibi
1444 287 1594 330 subjestis
1613 288 1786 333 Episcopis
1806 290 1849 324 ad
1870 290 1930 325 ista
1951 302 2155 327 concurrere.

1265 335 1309 368 Et
1321 333 1415 376 datur
1426 337 1520 372 locus
1532 338 1803 381 praeventioni.Et
1814 339 1895 375 hinc
1904 341 2156 376 Alexandrinus

1265 383 1395 420 videtur
1403 387 1484 432 quid
1495 387 1658 433 singulare
1670 385 1826 425 habuisse.
1854 393 2026 428 Omnium
2049 394 2156 437 prima

1267 435 1421 471 instantia
1430 438 1563 473 videtur
1571 438 1732 483 privative
1744 440 1905 485 adipsum
1928 444 2087 485 speciaffe.
2110 445 2157 480 Et

1267 486 1352 520 certe
1362 490 1514 536 omnium
1525 491 1658 534 penitus
1678 488 1918 535 Episcoporum
1936 493 2158 529 Consecratio

1267 536 1306 570 ad
1322 537 1428 580 ipsum
1438 540 1595 583 privative
1604 540 1771 584 spestav'm
1783 540 1926 586 ideoque
1938 544 2089 587 spectasse
2101 557 2159 588 po-

1268 588 1332 620 tuit
1344 587 1378 621 &
1390 587 1496 631 ipsum
1504 590 1677 634 judicium.
1705 592 1751 625 Et
1772 591 1911 627 adducta
1931 592 2004 628 Lex
2014 594 2070 629 dat
2085 606 2160 629 cau-

1269 637 1356 671 sam:
1383 640 1485 683 ,Quem
1497 640 1567 683 ,fibi
1578 653 1679 675 omnes
1687 639 1742 685 fiio
1759 647 1852 675 etiam
1859 644 2158 687 judiciopraetule'tei

1267 686 1421 731 Affirmat
1431 689 1656 727 patriarcham
1680 690 1771 726 hunc
1791 704 1861 727 non
1882 692 1900 725 ὲ
1918 689 1997 730 stalis
2009 695 2071 728 suae
2080 695 2160 734 Prof

1268 738 1384 778 vinciae
1396 765 1407 781 ,
1419 740 1473 776 sed
1484 740 1502 775 a
1513 744 1640 778 cunstis
1650 744 1710 777 suae
1722 743 1905 778 Dioecefios
1915 738 2163 787 Episcopisseti.

1266 788 1317 833 gi,
1327 789 1470 836 ideoque
1480 789 1706 828 effe'omnium
1715 793 1922 837 judicem.Et
1934 791 2002 829 hoc
2014 793 2163 829 secundo

1268 838 1466 884 addiscimus
1476 855 1517 878 ex
1527 844 1588 879 ista
1600 844 1970 890 lege.Praeterea,nullus
1980 855 2036 889 per
2047 845 2163 891 AEgy-

1268 899 1363 933 ptum
1383 892 1604 938 Metropolita
1626 895 1758 930 videtur
1775 896 1918 940 potuisse
1937 896 2045 930 facere
2056 896 2164 940 Synoe

1268 939 1362 981 dum,
1373 941 1429 977 sed
1443 944 1531 979 solus
1542 944 1844 981 Patriarcha.Certe
1855 945 2077 980 Provincialis
2088 944 2162 981 istic

1269 991 1399 1035 Synodi
1412 1004 1476 1038 ego
1488 995 1620 1038 nullum
1630 997 1701 1031 scio
1714 996 2162 1040 exemplum.omnes‚quas-

1268 1054 1412 1086 cumque
1422 1043 1508 1089 legi,
1518 1047 1651 1081 fuemnt
1664 1046 1915 1088 patriarchales.
1937 1046 1986 1081 At
1998 1045 2076 1081 vero
2090 1050 2164 1082 omss

1269 1093 1474 1139 nestalicujus
1483 1097 1648 1130 momenti
1659 1097 1894 1136 Ecclesiasticae
1916 1099 2019 1132 causae
2038 1097 2164 1139 debens:

1269 1143 1442 1187 disceptari
1452 1157 1490 1179 ac
1501 1144 1632 1180 definiri
1646 1145 1686 1178 in
1698 1145 1843 1188 Synodis
1856 1161 1864 1179 z
1878 1158 1969 1191 tergo
1982 1159 2038 1191 per
2051 1148 2165 1194 AEgy-

1269 1202 1362 1238 prum
1374 1194 1508 1229 definiri
1519 1204 1702 1238 potuerunt
1713 1206 1771 1238 per
1778 1195 1887 1230 solum
1897 1194 2137 1232 Patriucham.
2162 1227 2166 1229 r

1320 1245 1404 1282 Haec
1418 1246 1534 1280 omnia
1542 1244 1653 1279 lucide
1675 1246 1710 1279 ὃ(
1731 1245 1840 1289 ample
1861 1244 2102 1282 confirmantur
2121 1258 2167 1282 ex

1269 1305 1380 1339 quarta
1394 1293 1541 1331 Affione
1549 1293 1829 1331 Chalcedonensis
1837 1295 2053 1339 Synodi.Hec
2063 1296 2167 1332 Aetio

1269 1346 1522 1392 Dogmadcam,
1534 1358 1606 1390 quae
1616 1345 1704 1389 prius
1716 1346 1745 1380 S.
1758 1345 1959 1383 Flavianum
1972 1345 2167 1382 Constanti-

1270 1396 1506 1440 nopolitanum
1515 1397 1720 1440 Episcopum
1729 1419 1740 1436 ,
1750 1395 1874 1433 deinde
1887 1394 1976 1431 hanc
1989 1396 2093 1440 ipsam
2106 1397 2176 1441 Sy·-

1268 1447 1395 1482 nodum
1407 1447 1568 1483 direxerat
1578 1456 1678 1490 atque
1685 1445 1896 1486 instruxerat,
1907 1446 2166 1482 S.Leonis-Pon-

1269 1496 1368 1531 tificis
1377 1497 1563 1542 Epistolam
1574 1496 1810 1534 solemniffime
1820 1495 1975 1541 probavit
1988 1520 1999 1537 ‚
2017 1497 2168 1532 munivit

1268 1547 1470 1594 singulorum
1482 1549 1723 1593 Episcoporum
1733 1548 1892 1593 suffragio
1901 1547 1935 1581 &
1947 1546 2167 1592 Subscriptio«

1267 1648 1345 1683 dato
1356 1648 1544 1685 Patriarcha
1556 1649 1724 1684 Diostoro
1736 1647 1987 1685 Chalcedonem
1999 1658 2160 1683 venerant

1268 1710 1304 1733 ut
1329 1700 1447 1745 Legati
1466 1700 1571 1735 totius
1591 1700 1799 1740 Dioeceseos,
1819 1698 1981 1744 AEgyptii
2002 1698 2163 1742 Episcopi

1267 1751 1369 1787 etiam
1390 1750 1636 1787 subscriberent.
1675 1749 1803 1784 Verum
1823 1749 1877 1782 isti
1894 1749 2159 1783 intercesserunt.

1268 1799 1461 1844 Imperatori
1474 1801 1649 1836 Martiano
1658 1798 1812 1833 obtuleru
1819 1807 1856 1832 nt
1876 1808 1987 1841 preces
1999 1821 2010 1837 ,
2035 1796 2102 1832 sese
2110 1808 2164 1832 or·

1268 1848 1437 1883 thodoxos
1448 1850 1525 1883 sunt
1537 1848 1668 1893 profeffi
1679 1872 1691 1888 ,
1713 1848 1747 1883 &
1759 1847 1967 1892 postularunt
1983 1847 2003 1881 a
2014 1847 2166 1882 Subscri-,·

1268 1899 1385 1943 ptione
1394 1899 1550 1934 excusari.
1573 1898 1730 1940 Princeps
1742 1908 1852 1940 preces
1861 1898 1983 1931 remisit
1992 1896 2034 1931 ad
2055 1897 2164 1941 Syno-

1267 1949 1357 1986 dum..
1380 1947 1437 1983 Ad
1459 1949 1544 1992 ipsas
1559 1948 1694 1983 auditas
1713 1946 1955 1990 obstupuerunt
1964 1948 2072 1987 caeteri
2083 1947 2172 1991 Epi--

1268 2000 1359 2042 scopi
1370 2024 1380 2040 ‚
1390 1999 1424 2032 δε
1436 2000 1650 2043 reposuerunt
1662 2011 1673 2031 .·
1685 1999 1801 2041 Dogma
1812 1996 1955 2041 Eutychis
1967 2020 1978 2036 ,
1989 2008 2088 2039 quare
2099 2009 2167 2040 non·

1267 2048 1570 2082 anathematizarunt
1583 2049 1599 2081 ,ἶ
1626 2052 1704 2081 Cum
1715 2047 1876 2090 impostura
1882 2052 2046 2089 petitiones
2054 2055 2164 2090 porte-³

1268 2109 1390 2133 xerunt.
1403 2098 1545 2141 Epistolae
1556 2103 1669 2134 Leonis
1678 2097 1881 2142 ficbscribant,
1890 2096 2161 2132 anathematizem

1267 2157 1313 2183 tes
1332 2148 1485 2188 Eutychen
1506 2151 1540 2183 (ar
1550 2153 1702 2194 Dogmata
1715 2151 1795 2190 ejus.
1823 2146 2024 2191 Consentiam
2034 2146 2163 2189 epssdae

1269 2203 1387 2233 Leonis.
1401 2201 1536 2233 Eludere
1547 2212 1599 2232 nos
1613 2201 1718 2234 volunt
1728 2224 1740 2240 ‚
1759 2200 1794 2234 &⁸
1806 2197 1965 2243 discedere.
1994 2197 2165 2243 AEgyptii

1269 2250 1429 2295 Episcopi
1441 2249 1693 2294 Eutychianum
1713 2260 1860 2287 errorem
1883 2247 2016 2283 abunde
2026 2247 2163 2284 damna·-

1269 2311 1382 2335 verant
1390 2300 1429 2333 in
1441 2301 1501 2343 suo
1511 2300 1648 2341 libello,
1677 2300 1733 2335 sed
1746 2300 1815 2344 ejus
1827 2310 1951 2334 nomen
1960 2298 2079 2334 diserte
2089 2309 2163 2332 non

1267 2352 1486 2394 expresserant
1498 2364 1505 2383 z
1519 2351 1614 2385 Hinc
1628 2351 1693 2385 sese
1705 2350 1844 2393 synodo
1856 2351 1963 2384 fecere
1988 2349 2164 2394 suspetstos.

1268 2402 1380 2449 Qare
1390 2400 1564 2447 Diogenes
1576 2400 1707 2436 Chizici
1723 2401 1908 2445 Episcopus
1917 2425 1928 2442 ‚
1940 2399 2162 2442 Hellesponti

1269 2451 1500 2496 Metropolita,
1510 2451 1682 2490 adversum
1692 2451 1768 2486 iilos
1784 2451 1923 2495 perrexit
1934 2461 1941 2481 :
1954 2452 2083 2492 Propter
2094 2450 2160 2483 Euo

1271 2501 1473 2544 tycbemfatffa
1483 2502 1521 2543 est
1530 2504 1732 2543 Smedusmon
1738 2511 1864 2545 propter
1875 2501 1996 2543 aliquid
2003 2500 2097 2532 aliud.
2102 2501 2162 2531 Ro—

1270 2564 1380 2585 manus
1391 2552 1559 2595 Episcopus
1566 2561 1693 2595 propter
1702 2549 1931 2596 ipfitmscripfit.
1959 2554 2072 2582 Omnes
2093 2559 2161 2581 con-

1264 2600 1412 2644 sentimus
1425 2602 1550 2644 epistola·
1561 2602 1772 2646 consequenter
1785 2602 1910 2636 babenti
1922 2598 2098 2641 expofirioni
2107 2600 2160 2632 Π.

1270 2656 1442 2686 PatrumE
1445 2664 1457 2686 t
1469 2652 1514 2694 isti
1524 2653 1709 2697 consentiant
1721 2649 2028 2695 Epistolesanc‘lffmi
2040 2653 2165 2698 Leonta

1271 2702 1374 2749 Qiod
1388 2704 1497 2745 ipsum
1510 2703 1701 2746 Apostolici
1713 2703 1833 2749 Legati
1857 2703 1892 2736 ὃ(
1904 2700 2013 2745 plures
2026 2699 2165 2744 Episco*

1268 2763 1388 2795 porum
1401 2752 1565 2788 Primates
1574 2753 1768 2798 graviffimis
1782 2749 2099 2787 interlocutionibus
2106 2749 2162 2782 fir-

1269 2813 1399 2838 marunt
1413 2813 1511 2847 atque
1522 2804 1728 2840 urserunt.Et
1744 2804 1907 2838 Hieracus
1915 2800 2162 2845 Aphnaitarum

1268 2853 1306 2886 in
1321 2852 1479 2898 AEgypto
1492 2854 1675 2899 Episcopus
1688 2866 1729 2889 ex
1743 2855 1803 2888 suo
1816 2854 1850 2888 ὅ(
1861 2852 2041 2887 duodecim
2050 2848 2163 2884 Colle-

1269 2914 1385 2947 garum
1397 2905 1537 2938 nomine
1548 2905 1690 2948 reposuit
1706 2918 1714 2936 z
1727 2907 1761 2939 si
1770 2910 1962 2947 quispraeter
1972 2900 2026 2943 ista
2037 2924 2049 2940 ‚
2061 2910 2130 2941 quae
2139 2900 2160 2931 ἃ

1270 2953 1352 2986 nobis
1359 2960 1392 2987 in
1402 2955 1599 2988 Petitionibus
1604 2953 1982 2999 porrellasunt,sapit2five
1992 2948 2157 2989 Eutyches,

1264 3003 1328 3045 five
1340 3005 1418 3038 alter
1431 3005 1777 3048 aliquis‚Anathemafit.
1794 3008 1842 3039 De
1851 3003 1970 3047 epistola
1979 3010 2080 3039 autem
2086 3000 2163 3031 San-

1271 3054 1381 3094 Hiffimi
1390 3057 1424 3090 (θ’
1436 3059 1498 3088 Deo
1505 3058 1661 3097 amiciffimi
1674 3054 1891 3098 Arcbiepfiopi
1901 3055 2031 3086 Romani
2047 3053 2158 3083 Leom's

1265 3103 1367 3147 sciunt
1379 3117 1479 3138 omnes
1491 3108 1655 3139 55.Patres
1669 3105 1771 3147 nostri,
1780 3112 1853 3148 quia
1865 3110 1900 3137 in
1911 3101 2046 3135 omnibus
2058 3098 2162 3142 exspe-

1268 3154 1386 3187 tqamus
1398 3159 1584 3190 Sententiam
1599 3157 1760 3196 Beattffimi
1773 3154 1860 3195 nostri
1869 3149 2163 3193 Archi-Epiftop1‘2&

1265 3211 1398 3246 petimus
1415 3206 1542 3245 vestram
1566 3208 1766 3240 Clementiam
1784 3203 1941 3246 experiare
1952 3201 2091 3242 Praefia'is
2111 3211 2163 3232 no-

1265 3254 1320 3294 stri
1328 3257 1494 3297 Sententia,
1506 3263 1577 3299 quia
1588 3263 1696 3290 eumin
1705 3254 1840 3289 omnibus
1847 3252 2014 3298 sequemur.
2028 3255 2064 3284 N
2066 3263 2116 3284 am
2127 3251 2163 3284 Θ

1266 3303 1436 3347 sanc‘liffimi
1449 3330 1458 3346 ‚
1485 3313 1579 3349 quiin
1592 3312 1703 3339 Nicaea
1731 3309 1898 3348 congregati
1911 3302 1988 3346 sunt
2001 3327 2012 3343 ,
2037 3306 2165 3336 trecenti

1270 3356 1373 3388 decem
1385 3358 1418 3391 δ’
1429 3357 1488 3390 ocio
1502 3360 1613 3390 Patres
1624 3380 1635 3396 ‚
1660 3354 1737 3388 hanc
1750 3355 1898 3398 Regulam
1911 3350 2165 3395 dederuntffltse-

1272 3415 1384 3446 quatur
1398 3413 1493 3439 omnis
1506 3410 1689 3451 AEgyptiaca
1707 3408 1800 3448 Regio
1821 3403 2076 3449 Archiepiscopum
2099 3405 2165 3435 Ma·

1273 3461 1328 3497 gni
1340 3463 1468 3489 nominis
1479 3461 1630 3489 Civitatis
1645 3455 1839 3488 Alexandriae
1852 3478 1862 3493 ‚
1875 3455 1909 3487 (9⁶
1922 3453 2002 3486 nibil
2009 3450 2120 3495 absque
2129 3452 2165 3484 il-

1274 3505 1300 3537 lo
1313 3517 1349 3549 ag
1354 3515 1425 3543 atur
1433 3506 1474 3539 ab
1483 3507 1583 3550 aliquo
1595 3512 1622 3541 ei
1627 3503 1802 3549 subjetcente
1813 3502 1967 3548 Episcopo.
2105 3549 2126 3585 b

1268 3578 1270 3581 -
2014 3551 2103 3588 Euse
2129 3550 2163 3584 io

2197 2521 2333 2657 ³
