<?xml version="1.0" encoding="UTF-8"?>
<!DOCTYPE html PUBLIC "-//W3C//DTD XHTML 1.0 Transitional//EN"
    "http://www.w3.org/TR/xhtml1/DTD/xhtml1-transitional.dtd">
<html xmlns="http://www.w3.org/1999/xhtml" xml:lang="en" lang="en">
 <head>
  <title>
</title>
<meta http-equiv="Content-Type" content="text/html;charset=utf-8" />
  <meta name='ocr-system' content='tesseract 3.04.00' />
  <meta name='ocr-capabilities' content='ocr_page ocr_carea ocr_par ocr_line ocrx_word'/>
</head>
<body>
  <div class='ocr_page' id='page_1' title='image "./operaomniastudio01lupuuoft_0167.png"; bbox 0 0 2346 3776; ppageno 0'>
   <div class='ocr_carea' id='block_1_1' title="bbox 50 443 169 520">
    <p class='ocr_par' dir='ltr' id='par_1_1' title="bbox 50 443 169 520">
     <span class='ocr_line' id='line_1_1' title="bbox 50 443 133 473; baseline -0.036 0"><span class='ocrx_word' id='word_1_1' title='bbox 50 443 133 473; x_wconf 78' lang='lat' dir='ltr'>Serm.</span> 
     </span>
     <span class='ocr_line' id='line_1_2' title="bbox 53 486 169 520; baseline 0.009 -7"><span class='ocrx_word' id='word_1_2' title='bbox 53 491 67 520; x_wconf 91' lang='lat'>3</span> <span class='ocrx_word' id='word_1_3' title='bbox 74 486 99 513; x_wconf 90' lang='lat'>8.</span> <span class='ocrx_word' id='word_1_4' title='bbox 109 492 134 514; x_wconf 88' lang='lat' dir='ltr'>c.</span> <span class='ocrx_word' id='word_1_5' title='bbox 145 490 169 518; x_wconf 84' lang='lat'>5.</span> 
     </span>
    </p>
   </div>
   <div class='ocr_carea' id='block_1_2' title="bbox 52 1086 168 1165">
    <p class='ocr_par' dir='ltr' id='par_1_2' title="bbox 52 1086 168 1165">
     <span class='ocr_line' id='line_1_3' title="bbox 52 1086 168 1124; baseline -0.009 -1"><span class='ocrx_word' id='word_1_6' title='bbox 52 1086 168 1124; x_wconf 61' lang='lat' dir='ltr'>Liba-c·</span> 
     </span>
     <span class='ocr_line' id='line_1_4' title="bbox 53 1138 101 1165; baseline -0.021 -5"><span class='ocrx_word' id='word_1_7' title='bbox 53 1138 101 1165; x_wconf 72' lang='lat'>24·</span> 
     </span>
    </p>
   </div>
   <div class='ocr_carea' id='block_1_3' title="bbox 0 1219 7 1981">
    <p class='ocr_par' dir='ltr' id='par_1_3' title="bbox 0 1219 7 1981">
     <span class='ocr_line' id='line_1_5' title="bbox 0 1219 7 1981; baseline 0 0"><span class='ocrx_word' id='word_1_8' title='bbox 0 1219 7 1981; x_wconf 95' lang='lat' dir='ltr'> </span> 
     </span>
    </p>
   </div>
   <div class='ocr_carea' id='block_1_4' title="bbox 4 1917 133 1975">
    <p class='ocr_par' dir='ltr' id='par_1_4' title="bbox 4 1917 133 1975">
     <span class='ocr_line' id='line_1_6' title="bbox 4 1917 133 1975; baseline -0.016 -8"><span class='ocrx_word' id='word_1_9' title='bbox 4 1917 133 1975; x_wconf 62' lang='lat' dir='ltr'>&#39;spinas</span> 
     </span>
    </p>
   </div>
   <div class='ocr_carea' id='block_1_5' title="bbox 124 2671 169 2700">
    <p class='ocr_par' dir='ltr' id='par_1_5' title="bbox 124 2671 169 2700">
     <span class='ocr_line' id='line_1_7' title="bbox 124 2671 169 2700; baseline 0.022 -1"><span class='ocrx_word' id='word_1_10' title='bbox 124 2671 169 2700; x_wconf 83' lang='lat'>53·</span> 
     </span>
    </p>
   </div>
   <div class='ocr_carea' id='block_1_6' title="bbox 0 1219 15 2932">
    <p class='ocr_par' dir='ltr' id='par_1_6' title="bbox 0 1219 15 2932">
     <span class='ocr_line' id='line_1_8' title="bbox 0 1219 15 2932; baseline 0 0"><span class='ocrx_word' id='word_1_11' title='bbox 0 1219 15 2932; x_wconf 95' lang='lat' dir='ltr'> </span> 
     </span>
    </p>
   </div>
   <div class='ocr_carea' id='block_1_7' title="bbox 0 3116 178 3168">
    <p class='ocr_par' dir='ltr' id='par_1_7' title="bbox 0 3116 178 3168">
     <span class='ocr_line' id='line_1_9' title="bbox 0 3116 178 3168; baseline -0.011 -19"><span class='ocrx_word' id='word_1_12' title='bbox 0 3140 12 3168; x_wconf 78' lang='lat'>&#39;.</span> <span class='ocrx_word' id='word_1_13' title='bbox 48 3116 178 3157; x_wconf 76' lang='lat' dir='ltr'>Cap-22.</span> 
     </span>
    </p>
   </div>
   <div class='ocr_carea' id='block_1_8' title="bbox 0 1219 24 3776">
    <p class='ocr_par' dir='ltr' id='par_1_8' title="bbox 0 1219 24 3776">
     <span class='ocr_line' id='line_1_10' title="bbox 0 1219 24 3776; baseline 0 0"><span class='ocrx_word' id='word_1_14' title='bbox 0 1219 24 3776; x_wconf 95' lang='lat' dir='ltr'> </span> 
     </span>
    </p>
   </div>
   <div class='ocr_carea' id='block_1_9' title="bbox 642 107 1556 175">
    <p class='ocr_par' dir='ltr' id='par_1_9' title="bbox 642 107 1556 175">
     <span class='ocr_line' id='line_1_11' title="bbox 642 107 1556 175; baseline -0.005 -17"><span class='ocrx_word' id='word_1_15' title='bbox 642 107 1086 158; x_wconf 71' lang='lat' dir='ltr'>DissERTATm</span> <span class='ocrx_word' id='word_1_16' title='bbox 1135 107 1556 175; x_wconf 72' lang='lat' dir='ltr'>PaoazMiALis.</span> 
     </span>
    </p>
   </div>
   <div class='ocr_carea' id='block_1_10' title="bbox 180 184 1073 2274">
    <p class='ocr_par' dir='ltr' id='par_1_10' title="bbox 186 184 1066 329">
     <span class='ocr_line' id='line_1_12' title="bbox 188 184 1065 229; baseline -0.01 0"><span class='ocrx_word' id='word_1_17' title='bbox 188 194 366 229; x_wconf 86' lang='lat' dir='ltr'>clamantes</span> <span class='ocrx_word' id='word_1_18' title='bbox 377 190 417 226; x_wconf 86' lang='lat' dir='ltr'>ad</span> <span class='ocrx_word' id='word_1_19' title='bbox 429 189 547 226; x_wconf 85' lang='lat' dir='ltr'>avitam</span> <span class='ocrx_word' id='word_1_20' title='bbox 560 187 754 222; x_wconf 87' lang='lat' dir='ltr'>libertatem.</span> <span class='ocrx_word' id='word_1_21' title='bbox 779 187 824 221; x_wconf 84' lang='lat' dir='ltr'>Et</span> <span class='ocrx_word' id='word_1_22' title='bbox 834 184 984 222; x_wconf 77' lang='lat' dir='ltr'>adversus</span> <span class='ocrx_word' id='word_1_23' title='bbox 1004 184 1065 221; x_wconf 88' lang='lat' dir='ltr'>hos</span> 
     </span>
     <span class='ocr_line' id='line_1_13' title="bbox 186 236 1066 282; baseline -0.007 -5"><span class='ocrx_word' id='word_1_24' title='bbox 186 246 309 278; x_wconf 68' lang='lat' dir='ltr'>sanstus</span> <span class='ocrx_word' id='word_1_25' title='bbox 319 242 434 278; x_wconf 81' lang='lat' dir='ltr'>Petrus</span> <span class='ocrx_word' id='word_1_26' title='bbox 442 237 747 281; x_wconf 76' lang='lat' dir='ltr'>omninoloquitur.</span> <span class='ocrx_word' id='word_1_27' title='bbox 775 236 899 282; x_wconf 87' lang='lat' dir='ltr'>Legem</span> <span class='ocrx_word' id='word_1_28' title='bbox 919 237 1066 271; x_wconf 89' lang='lat' dir='ltr'>extendit</span> 
     </span>
     <span class='ocr_line' id='line_1_14' title="bbox 186 285 919 329; baseline -0.014 -1"><span class='ocrx_word' id='word_1_29' title='bbox 186 294 228 329; x_wconf 83' lang='lat' dir='ltr'>ad</span> <span class='ocrx_word' id='word_1_30' title='bbox 239 296 373 328; x_wconf 81' lang='lat' dir='ltr'>omnem</span> <span class='ocrx_word' id='word_1_31' title='bbox 384 291 473 324; x_wconf 89' lang='lat' dir='ltr'>suam</span> <span class='ocrx_word' id='word_1_32' title='bbox 484 285 737 322; x_wconf 85' lang='lat' dir='ltr'>Patriarchalem</span> <span class='ocrx_word' id='word_1_33' title='bbox 743 287 919 322; x_wconf 85' lang='lat' dir='ltr'>Dioecesin.</span> 
     </span>
    </p>

    <p class='ocr_par' dir='ltr' id='par_1_11' title="bbox 181 334 1072 1777">
     <span class='ocr_line' id='line_1_15' title="bbox 238 334 1067 382; baseline -0.007 -5"><span class='ocrx_word' id='word_1_34' title='bbox 238 344 292 377; x_wconf 85' lang='lat' dir='ltr'>Ex</span> <span class='ocrx_word' id='word_1_35' title='bbox 313 341 364 376; x_wconf 85' lang='lat' dir='ltr'>his</span> <span class='ocrx_word' id='word_1_36' title='bbox 383 341 463 374; x_wconf 87' lang='lat' dir='ltr'>item</span> <span class='ocrx_word' id='word_1_37' title='bbox 485 338 650 382; x_wconf 85' lang='lat' dir='ltr'>intelliges</span> <span class='ocrx_word' id='word_1_38' title='bbox 660 337 850 372; x_wconf 85' lang='lat' dir='ltr'>sceleratum</span> <span class='ocrx_word' id='word_1_39' title='bbox 869 334 1067 371; x_wconf 81' lang='lat' dir='ltr'>Manichaeo-</span> 
     </span>
     <span class='ocr_line' id='line_1_16' title="bbox 187 385 1065 435; baseline -0.008 -7"><span class='ocrx_word' id='word_1_40' title='bbox 187 405 261 427; x_wconf 90' lang='lat' dir='ltr'>rum</span> <span class='ocrx_word' id='word_1_41' title='bbox 274 394 418 435; x_wconf 66' lang='lat' dir='ltr'>scopum,</span> <span class='ocrx_word' id='word_1_42' title='bbox 430 388 472 422; x_wconf 88' lang='lat' dir='ltr'>de</span> <span class='ocrx_word' id='word_1_43' title='bbox 482 386 600 431; x_wconf 90' lang='lat' dir='ltr'>quibus</span> <span class='ocrx_word' id='word_1_44' title='bbox 611 386 721 422; x_wconf 84' lang='lat' dir='ltr'>scribit</span> <span class='ocrx_word' id='word_1_45' title='bbox 732 388 878 433; x_wconf 86' lang='lat' dir='ltr'>Magnus</span> <span class='ocrx_word' id='word_1_46' title='bbox 887 385 976 430; x_wconf 84' lang='lat' dir='ltr'>Papa</span> <span class='ocrx_word' id='word_1_47' title='bbox 986 387 1065 421; x_wconf 92' lang='lat' dir='ltr'>Leo:</span> 
     </span>
     <span class='ocr_line' id='line_1_17' title="bbox 188 435 1065 482; baseline -0.006 -7"><span class='ocrx_word' id='word_1_48' title='bbox 188 448 288 477; x_wconf 88' lang='lat' dir='ltr'>Nemo</span> <span class='ocrx_word' id='word_1_49' title='bbox 305 439 438 482; x_wconf 79' lang='lat' dir='ltr'><em>ambigat</em></span> <span class='ocrx_word' id='word_1_50' title='bbox 445 438 496 481; x_wconf 78' lang='lat' dir='ltr'>effi’</span> <span class='ocrx_word' id='word_1_51' title='bbox 506 436 688 471; x_wconf 77' lang='lat' dir='ltr'>Manichaeos</span> <span class='ocrx_word' id='word_1_52' title='bbox 698 462 710 478; x_wconf 93' lang='lat'>,</span> <span class='ocrx_word' id='word_1_53' title='bbox 734 442 830 480; x_wconf 83' lang='lat' dir='ltr'>quiin</span> <span class='ocrx_word' id='word_1_54' title='bbox 840 435 974 470; x_wconf 82' lang='lat' dir='ltr'>bonorem</span> <span class='ocrx_word' id='word_1_55' title='bbox 992 439 1013 470; x_wconf 83' lang='lat'><em>5</em></span> <span class='ocrx_word' id='word_1_56' title='bbox 1014 438 1065 470; x_wconf 83' lang='lat' dir='ltr'>olis</span> 
     </span>
     <span class='ocr_line' id='line_1_18' title="bbox 188 485 1068 531; baseline -0.007 -5"><span class='ocrx_word' id='word_1_57' title='bbox 188 503 226 526; x_wconf 82' lang='lat' dir='ltr'>ac</span> <span class='ocrx_word' id='word_1_58' title='bbox 235 496 332 525; x_wconf 80' lang='lat' dir='ltr'>Lunae</span> <span class='ocrx_word' id='word_1_59' title='bbox 341 490 389 523; x_wconf 81' lang='lat' dir='ltr'>die</span> <span class='ocrx_word' id='word_1_60' title='bbox 400 492 549 521; x_wconf 85' lang='lat' dir='ltr'>Dominico</span> <span class='ocrx_word' id='word_1_61' title='bbox 559 489 592 522; x_wconf 59' lang='lat' dir='ltr'>(a</span> <span class='ocrx_word' id='word_1_62' title='bbox 598 485 625 531; x_wconf 89' lang='lat' dir='ltr'>s</span> <span class='ocrx_word' id='word_1_63' title='bbox 619 488 733 522; x_wconf 84' lang='lat' dir='ltr'>ecunda</span> <span class='ocrx_word' id='word_1_64' title='bbox 734 486 820 530; x_wconf 88' lang='lat' dir='ltr'>feria</span> <span class='ocrx_word' id='word_1_65' title='bbox 831 485 1003 528; x_wconf 75' lang='lat' dir='ltr'>deprehensi</span> <span class='ocrx_word' id='word_1_66' title='bbox 997 486 1068 529; x_wconf 85' lang='lat' dir='ltr'>sue-</span> 
     </span>
     <span class='ocr_line' id='line_1_19' title="bbox 189 535 1066 586; baseline -0.006 -11"><span class='ocrx_word' id='word_1_67' title='bbox 189 548 252 576; x_wconf 81' lang='lat' dir='ltr'>rint</span> <span class='ocrx_word' id='word_1_68' title='bbox 254 542 421 586; x_wconf 81' lang='lat' dir='ltr'>Jejunare.</span> <span class='ocrx_word' id='word_1_69' title='bbox 448 542 510 571; x_wconf 90' lang='lat' dir='ltr'>Uno</span> <span class='ocrx_word' id='word_1_70' title='bbox 520 544 598 572; x_wconf 87' lang='lat' dir='ltr'>enim</span> <span class='ocrx_word' id='word_1_71' title='bbox 610 536 676 581; x_wconf 87' lang='lat' dir='ltr'>suae</span> <span class='ocrx_word' id='word_1_72' title='bbox 692 535 899 580; x_wconf 82' lang='lat' dir='ltr'>perverfitatis</span> <span class='ocrx_word' id='word_1_73' title='bbox 917 544 999 578; x_wconf 88' lang='lat' dir='ltr'>opere</span> <span class='ocrx_word' id='word_1_74' title='bbox 1020 537 1066 570; x_wconf 87' lang='lat' dir='ltr'>bis</span> 
     </span>
     <span class='ocr_line' id='line_1_20' title="bbox 188 584 1070 633; baseline -0.006 -8"><span class='ocrx_word' id='word_1_75' title='bbox 188 596 293 633; x_wconf 71' lang='lat' dir='ltr'>impii,</span> <span class='ocrx_word' id='word_1_76' title='bbox 319 589 365 622; x_wconf 84' lang='lat' dir='ltr'>bis</span> <span class='ocrx_word' id='word_1_77' title='bbox 376 587 527 631; x_wconf 81' lang='lat' dir='ltr'>prophani</span> <span class='ocrx_word' id='word_1_78' title='bbox 528 587 621 631; x_wconf 86' lang='lat' dir='ltr'>sunt,</span> <span class='ocrx_word' id='word_1_79' title='bbox 647 593 700 631; x_wconf 85' lang='lat' dir='ltr'>qui</span> <span class='ocrx_word' id='word_1_80' title='bbox 701 588 867 633; x_wconf 81' lang='lat' dir='ltr'>Jejunium</span> <span class='ocrx_word' id='word_1_81' title='bbox 885 584 1070 629; x_wconf 70' lang='lat' dir='ltr'>ficum&amp;ad</span> 
     </span>
     <span class='ocr_line' id='line_1_21' title="bbox 187 635 1068 681; baseline -0.005 -8"><span class='ocrx_word' id='word_1_82' title='bbox 187 641 326 674; x_wconf 79' lang='lat' dir='ltr'>siderum</span> <span class='ocrx_word' id='word_1_83' title='bbox 342 640 452 672; x_wconf 87' lang='lat' dir='ltr'>cultum</span> <span class='ocrx_word' id='word_1_84' title='bbox 461 663 472 679; x_wconf 96' lang='lat'>,</span> <span class='ocrx_word' id='word_1_85' title='bbox 499 640 535 673; x_wconf 71' lang='lat'>(¹5</span> <span class='ocrx_word' id='word_1_86' title='bbox 555 639 601 672; x_wconf 86' lang='lat' dir='ltr'>ad</span> <span class='ocrx_word' id='word_1_87' title='bbox 619 635 851 681; x_wconf 64' lang='lat' dir='ltr'>Restio-remonis</span> <span class='ocrx_word' id='word_1_88' title='bbox 871 635 980 677; x_wconf 68' lang='lat' dir='ltr'>Christi</span> <span class='ocrx_word' id='word_1_89' title='bbox 991 636 1068 678; x_wconf 83' lang='lat' dir='ltr'>insti-</span> 
     </span>
     <span class='ocr_line' id='line_1_22' title="bbox 187 686 1068 731; baseline -0.005 -8"><span class='ocrx_word' id='word_1_90' title='bbox 187 699 269 724; x_wconf 78' lang='lat' dir='ltr'>tuere</span> <span class='ocrx_word' id='word_1_91' title='bbox 278 697 482 731; x_wconf 85' lang='lat' dir='ltr'>contemptum.</span> <span class='ocrx_word' id='word_1_92' title='bbox 506 687 748 723; x_wconf 81' lang='lat' dir='ltr'>sceleratiffima</span> <span class='ocrx_word' id='word_1_93' title='bbox 760 687 850 722; x_wconf 64' lang='lat' dir='ltr'>Secta</span> <span class='ocrx_word' id='word_1_94' title='bbox 862 697 930 720; x_wconf 91' lang='lat' dir='ltr'>non</span> <span class='ocrx_word' id='word_1_95' title='bbox 942 686 1068 720; x_wconf 87' lang='lat' dir='ltr'>dumta-</span> 
     </span>
     <span class='ocr_line' id='line_1_23' title="bbox 187 735 1069 784; baseline -0.006 -10"><span class='ocrx_word' id='word_1_96' title='bbox 187 750 245 774; x_wconf 84' lang='lat' dir='ltr'>xat</span> <span class='ocrx_word' id='word_1_97' title='bbox 257 751 358 774; x_wconf 91' lang='lat' dir='ltr'>omne</span> <span class='ocrx_word' id='word_1_98' title='bbox 370 738 580 784; x_wconf 87' lang='lat' dir='ltr'>Dogma‚sed</span> <span class='ocrx_word' id='word_1_99' title='bbox 590 738 690 772; x_wconf 89' lang='lat' dir='ltr'>etiam</span> <span class='ocrx_word' id='word_1_100' title='bbox 698 747 834 772; x_wconf 88' lang='lat' dir='ltr'>ornnem</span> <span class='ocrx_word' id='word_1_101' title='bbox 844 735 1069 771; x_wconf 83' lang='lat' dir='ltr'>Christianita-</span> 
     </span>
     <span class='ocr_line' id='line_1_24' title="bbox 186 786 1067 832; baseline -0.006 -8"><span class='ocrx_word' id='word_1_102' title='bbox 186 790 230 824; x_wconf 79' lang='lat' dir='ltr'>tis</span> <span class='ocrx_word' id='word_1_103' title='bbox 252 789 476 832; x_wconf 80' lang='lat' dir='ltr'><strong>Disciplinam</strong></span> <span class='ocrx_word' id='word_1_104' title='bbox 499 788 613 822; x_wconf 85' lang='lat' dir='ltr'>invafit</span> <span class='ocrx_word' id='word_1_105' title='bbox 623 812 634 828; x_wconf 95' lang='lat'>,</span> <span class='ocrx_word' id='word_1_106' title='bbox 662 797 760 832; x_wconf 85' lang='lat' dir='ltr'>atque</span> <span class='ocrx_word' id='word_1_107' title='bbox 769 786 907 821; x_wconf 90' lang='lat' dir='ltr'>tentavit</span> <span class='ocrx_word' id='word_1_108' title='bbox 917 795 1067 820; x_wconf 87' lang='lat' dir='ltr'>evertere.</span> 
     </span>
     <span class='ocr_line' id='line_1_25' title="bbox 187 836 1068 880; baseline -0.005 -6"><span class='ocrx_word' id='word_1_109' title='bbox 187 840 283 873; x_wconf 87' lang='lat' dir='ltr'>Hinc</span> <span class='ocrx_word' id='word_1_110' title='bbox 301 839 448 873; x_wconf 89' lang='lat' dir='ltr'>nostrum</span> <span class='ocrx_word' id='word_1_111' title='bbox 469 837 634 880; x_wconf 66' lang='lat' dir='ltr'>Jejunium</span> <span class='ocrx_word' id='word_1_112' title='bbox 654 836 672 870; x_wconf 75' lang='grc' dir='ltr'>ὲ</span> <span class='ocrx_word' id='word_1_113' title='bbox 693 846 806 880; x_wconf 86' lang='lat' dir='ltr'>quarta</span> <span class='ocrx_word' id='word_1_114' title='bbox 826 836 861 870; x_wconf 91' lang='lat'>&amp;</span> <span class='ocrx_word' id='word_1_115' title='bbox 874 837 964 870; x_wconf 84' lang='lat' dir='ltr'>sexta</span> <span class='ocrx_word' id='word_1_116' title='bbox 975 837 1068 870; x_wconf 88' lang='lat' dir='ltr'>Feria</span> 
     </span>
     <span class='ocr_line' id='line_1_26' title="bbox 186 886 1070 934; baseline -0.003 -11"><span class='ocrx_word' id='word_1_117' title='bbox 186 888 383 934; x_wconf 79' lang='lat' dir='ltr'>transposuit</span> <span class='ocrx_word' id='word_1_118' title='bbox 398 888 434 921; x_wconf 91' lang='lat' dir='ltr'>in</span> <span class='ocrx_word' id='word_1_119' title='bbox 442 886 531 921; x_wconf 88' lang='lat' dir='ltr'>diem</span> <span class='ocrx_word' id='word_1_120' title='bbox 541 886 758 921; x_wconf 89' lang='lat' dir='ltr'>Dominicam</span> <span class='ocrx_word' id='word_1_121' title='bbox 775 887 808 921; x_wconf 75' lang='grc' dir='ltr'>ὅ(</span> <span class='ocrx_word' id='word_1_122' title='bbox 818 887 947 921; x_wconf 86' lang='lat' dir='ltr'>Feriam</span> <span class='ocrx_word' id='word_1_123' title='bbox 959 887 1070 921; x_wconf 89' lang='lat' dir='ltr'>secun-</span> 
     </span>
     <span class='ocr_line' id='line_1_27' title="bbox 185 934 1070 981; baseline -0.002 -9"><span class='ocrx_word' id='word_1_124' title='bbox 185 938 271 972; x_wconf 87' lang='lat' dir='ltr'>dam.</span> <span class='ocrx_word' id='word_1_125' title='bbox 298 938 410 971; x_wconf 79' lang='lat' dir='ltr'>Etiam</span> <span class='ocrx_word' id='word_1_126' title='bbox 433 934 600 971; x_wconf 88' lang='lat' dir='ltr'>Christum</span> <span class='ocrx_word' id='word_1_127' title='bbox 617 937 807 972; x_wconf 89' lang='lat' dir='ltr'>Dominum</span> <span class='ocrx_word' id='word_1_128' title='bbox 820 961 831 977; x_wconf 88' lang='lat'>‚</span> <span class='ocrx_word' id='word_1_129' title='bbox 848 946 965 981; x_wconf 85' lang='lat' dir='ltr'>utpote</span> <span class='ocrx_word' id='word_1_130' title='bbox 983 947 1070 970; x_wconf 85' lang='lat' dir='ltr'>men-</span> 
     </span>
     <span class='ocr_line' id='line_1_28' title="bbox 185 986 1071 1032; baseline -0.002 -10"><span class='ocrx_word' id='word_1_131' title='bbox 185 987 253 1022; x_wconf 81' lang='lat' dir='ltr'>dax</span> <span class='ocrx_word' id='word_1_132' title='bbox 265 986 413 1022; x_wconf 89' lang='lat' dir='ltr'>hominis</span> <span class='ocrx_word' id='word_1_133' title='bbox 423 987 579 1030; x_wconf 64' lang='lat' dir='ltr'>speQrum</span> <span class='ocrx_word' id='word_1_134' title='bbox 591 1010 602 1026; x_wconf 91' lang='lat'><strong>,</strong></span> <span class='ocrx_word' id='word_1_135' title='bbox 614 987 757 1032; x_wconf 87' lang='lat' dir='ltr'>negabat</span> <span class='ocrx_word' id='word_1_136' title='bbox 769 986 926 1021; x_wconf 88' lang='lat' dir='ltr'>traditum</span> <span class='ocrx_word' id='word_1_137' title='bbox 938 996 993 1021; x_wconf 86' lang='lat' dir='ltr'>aut</span> <span class='ocrx_word' id='word_1_138' title='bbox 1004 988 1071 1030; x_wconf 92' lang='lat' dir='ltr'>pas-</span> 
     </span>
     <span class='ocr_line' id='line_1_29' title="bbox 186 1035 1071 1081; baseline -0.001 -9"><span class='ocrx_word' id='word_1_139' title='bbox 186 1039 272 1078; x_wconf 86' lang='lat' dir='ltr'>sum,</span> <span class='ocrx_word' id='word_1_140' title='bbox 283 1037 423 1081; x_wconf 88' lang='lat' dir='ltr'>ideoque</span> <span class='ocrx_word' id='word_1_141' title='bbox 434 1048 495 1070; x_wconf 89' lang='lat' dir='ltr'>nec</span> <span class='ocrx_word' id='word_1_142' title='bbox 503 1037 576 1070; x_wconf 88' lang='lat' dir='ltr'>istas</span> <span class='ocrx_word' id='word_1_143' title='bbox 587 1037 698 1071; x_wconf 81' lang='lat' dir='ltr'>Ferias</span> <span class='ocrx_word' id='word_1_144' title='bbox 714 1036 866 1072; x_wconf 88' lang='lat' dir='ltr'>censebat</span> <span class='ocrx_word' id='word_1_145' title='bbox 882 1039 946 1072; x_wconf 81' lang='lat' dir='ltr'>effe</span> <span class='ocrx_word' id='word_1_146' title='bbox 965 1035 1071 1071; x_wconf 86' lang='lat' dir='ltr'>hono-</span> 
     </span>
     <span class='ocr_line' id='line_1_30' title="bbox 184 1085 1069 1132; baseline -0.002 -10"><span class='ocrx_word' id='word_1_147' title='bbox 184 1087 304 1122; x_wconf 77' lang='lat' dir='ltr'>randas</span> <span class='ocrx_word' id='word_1_148' title='bbox 315 1087 453 1131; x_wconf 83' lang='lat' dir='ltr'>Jejunio.</span> <span class='ocrx_word' id='word_1_149' title='bbox 481 1085 624 1121; x_wconf 88' lang='lat' dir='ltr'>Eosdem</span> <span class='ocrx_word' id='word_1_150' title='bbox 639 1087 781 1121; x_wconf 88' lang='lat' dir='ltr'>Errones</span> <span class='ocrx_word' id='word_1_151' title='bbox 792 1086 934 1121; x_wconf 68' lang='lat' dir='ltr'>omnine&gt;</span> <span class='ocrx_word' id='word_1_152' title='bbox 943 1087 1069 1132; x_wconf 86' lang='lat' dir='ltr'>respicit</span> 
     </span>
     <span class='ocr_line' id='line_1_31' title="bbox 185 1134 1069 1183; baseline -0.003 -12"><span class='ocrx_word' id='word_1_153' title='bbox 185 1135 313 1171; x_wconf 67' lang='lat' dir='ltr'>Auctor</span> <span class='ocrx_word' id='word_1_154' title='bbox 324 1134 591 1180; x_wconf 77' lang='lat' dir='ltr'>Apostolicarum</span> <span class='ocrx_word' id='word_1_155' title='bbox 601 1136 893 1172; x_wconf 88' lang='lat' dir='ltr'>Constitutionum</span> <span class='ocrx_word' id='word_1_156' title='bbox 905 1150 912 1170; x_wconf 74' lang='grc' dir='ltr'>ε</span> <span class='ocrx_word' id='word_1_157' title='bbox 933 1142 966 1183; x_wconf 88' lang='lat' dir='ltr'><em>J</em></span> <span class='ocrx_word' id='word_1_158' title='bbox 968 1140 1069 1180; x_wconf 78' lang='lat' dir='ltr'>eJ&#39;unia</span> 
     </span>
     <span class='ocr_line' id='line_1_32' title="bbox 185 1185 1070 1232; baseline -0.001 -12"><span class='ocrx_word' id='word_1_159' title='bbox 185 1186 287 1228; x_wconf 80' lang='lat' dir='ltr'>vestra</span> <span class='ocrx_word' id='word_1_160' title='bbox 305 1199 341 1220; x_wconf 88' lang='lat' dir='ltr'>ne</span> <span class='ocrx_word' id='word_1_161' title='bbox 353 1186 414 1228; x_wconf 73' lang='lat' dir='ltr'>sint</span> <span class='ocrx_word' id='word_1_162' title='bbox 432 1197 498 1219; x_wconf 88' lang='lat' dir='ltr'>cum</span> <span class='ocrx_word' id='word_1_163' title='bbox 519 1185 672 1228; x_wconf 81' lang='lat' dir='ltr'><em>hypocritis</em></span> <span class='ocrx_word' id='word_1_164' title='bbox 699 1193 870 1220; x_wconf 89' lang='lat' dir='ltr'>communia.</span> <span class='ocrx_word' id='word_1_165' title='bbox 910 1191 944 1232; x_wconf 83' lang='lat' dir='ltr'><strong><em>J</em></strong></span> <span class='ocrx_word' id='word_1_166' title='bbox 946 1189 1070 1228; x_wconf 70' lang='lat' dir='ltr'>e’J&#39;unant</span> 
     </span>
     <span class='ocr_line' id='line_1_33' title="bbox 184 1234 1070 1279; baseline -0.002 -9"><span class='ocrx_word' id='word_1_167' title='bbox 184 1243 265 1271; x_wconf 81' lang='lat' dir='ltr'>enim</span> <span class='ocrx_word' id='word_1_168' title='bbox 279 1235 413 1279; x_wconf 88' lang='lat' dir='ltr'>secunda</span> <span class='ocrx_word' id='word_1_169' title='bbox 424 1234 618 1269; x_wconf 82' lang='lat' dir='ltr'><em>hebdomadis</em></span> <span class='ocrx_word' id='word_1_170' title='bbox 639 1239 734 1269; x_wconf 87' lang='lat' dir='ltr'>Feria</span> <span class='ocrx_word' id='word_1_171' title='bbox 744 1259 756 1275; x_wconf 92' lang='lat'>‚</span> <span class='ocrx_word' id='word_1_172' title='bbox 775 1238 936 1279; x_wconf 65' lang='lat' dir='ltr'>&amp;quinta⁸</span> <span class='ocrx_word' id='word_1_173' title='bbox 966 1240 1005 1269; x_wconf 76' lang='lat' dir='ltr'>At</span> <span class='ocrx_word' id='word_1_174' title='bbox 1015 1248 1070 1269; x_wconf 87' lang='lat' dir='ltr'>vos</span> 
     </span>
     <span class='ocr_line' id='line_1_34' title="bbox 183 1284 1071 1330; baseline -0.001 -10"><span class='ocrx_word' id='word_1_175' title='bbox 183 1295 240 1320; x_wconf 82' lang='lat' dir='ltr'>aut</span> <span class='ocrx_word' id='word_1_176' title='bbox 249 1292 379 1330; x_wconf 80' lang='lat' dir='ltr'>quinque</span> <span class='ocrx_word' id='word_1_177' title='bbox 390 1285 494 1318; x_wconf 85' lang='lat' dir='ltr'>diebus</span> <span class='ocrx_word' id='word_1_178' title='bbox 502 1287 670 1328; x_wconf 68' lang='lat' dir='ltr'>jejunate,</span> <span class='ocrx_word' id='word_1_179' title='bbox 679 1293 733 1317; x_wconf 79' lang='lat' dir='ltr'>aut</span> <span class='ocrx_word' id='word_1_180' title='bbox 744 1294 856 1326; x_wconf 82' lang='lat' dir='ltr'>quarta</span> <span class='ocrx_word' id='word_1_181' title='bbox 868 1286 902 1318; x_wconf 67' lang='lat' dir='ltr'>o·</span> <span class='ocrx_word' id='word_1_182' title='bbox 909 1284 1002 1327; x_wconf 79' lang='lat' dir='ltr'>sexta</span> <span class='ocrx_word' id='word_1_183' title='bbox 1013 1291 1043 1319; x_wconf 88' lang='lat' dir='ltr'>F</span> <span class='ocrx_word' id='word_1_184' title='bbox 1044 1297 1071 1319; x_wconf 84' lang='lat' dir='ltr'>e-</span> 
     </span>
     <span class='ocr_line' id='line_1_35' title="bbox 183 1333 1072 1378; baseline -0.002 -8"><span class='ocrx_word' id='word_1_185' title='bbox 183 1342 241 1370; x_wconf 80' lang='lat' dir='ltr'>riae.</span> <span class='ocrx_word' id='word_1_186' title='bbox 269 1336 404 1369; x_wconf 84' lang='lat' dir='ltr'>Etenim</span> <span class='ocrx_word' id='word_1_187' title='bbox 414 1333 591 1367; x_wconf 84' lang='lat' dir='ltr'>secundam</span> <span class='ocrx_word' id='word_1_188' title='bbox 602 1333 730 1367; x_wconf 84' lang='lat' dir='ltr'>Feriam</span> <span class='ocrx_word' id='word_1_189' title='bbox 750 1344 850 1368; x_wconf 90' lang='lat' dir='ltr'>nemo</span> <span class='ocrx_word' id='word_1_190' title='bbox 870 1335 977 1368; x_wconf 86' lang='lat' dir='ltr'>sanxit</span> <span class='ocrx_word' id='word_1_191' title='bbox 989 1335 1072 1378; x_wconf 83' lang='lat' dir='ltr'>Jeju-</span> 
     </span>
     <span class='ocr_line' id='line_1_36' title="bbox 184 1380 1071 1425; baseline -0.001 -6"><span class='ocrx_word' id='word_1_192' title='bbox 184 1384 399 1425; x_wconf 81' lang='lat' dir='ltr'>nandam‚nis1</span> <span class='ocrx_word' id='word_1_193' title='bbox 412 1383 500 1417; x_wconf 88' lang='lat' dir='ltr'>solus</span> <span class='ocrx_word' id='word_1_194' title='bbox 512 1380 726 1416; x_wconf 85' lang='lat' dir='ltr'>Manichaeus.</span> <span class='ocrx_word' id='word_1_195' title='bbox 754 1384 798 1418; x_wconf 89' lang='lat' dir='ltr'>Et</span> <span class='ocrx_word' id='word_1_196' title='bbox 808 1382 888 1418; x_wconf 91' lang='lat' dir='ltr'>hinc</span> <span class='ocrx_word' id='word_1_197' title='bbox 898 1384 985 1419; x_wconf 89' lang='lat' dir='ltr'>lucet</span> <span class='ocrx_word' id='word_1_198' title='bbox 998 1385 1071 1419; x_wconf 85' lang='lat' dir='ltr'>ista-</span> 
     </span>
     <span class='ocr_line' id='line_1_37' title="bbox 184 1432 1071 1469; baseline 0 0"><span class='ocrx_word' id='word_1_199' title='bbox 184 1445 259 1469; x_wconf 87' lang='lat' dir='ltr'>rum</span> <span class='ocrx_word' id='word_1_200' title='bbox 270 1433 558 1469; x_wconf 87' lang='lat' dir='ltr'>Constitutionum</span> <span class='ocrx_word' id='word_1_201' title='bbox 567 1432 786 1467; x_wconf 63' lang='lat' dir='ltr'>Collediorem</span> <span class='ocrx_word' id='word_1_202' title='bbox 798 1445 868 1468; x_wconf 87' lang='lat' dir='ltr'>non</span> <span class='ocrx_word' id='word_1_203' title='bbox 889 1435 983 1469; x_wconf 83' lang='lat' dir='ltr'>fuisse</span> <span class='ocrx_word' id='word_1_204' title='bbox 1001 1437 1071 1469; x_wconf 89' lang='lat' dir='ltr'>san-</span> 
     </span>
     <span class='ocr_line' id='line_1_38' title="bbox 183 1481 1070 1527; baseline 0.001 -9"><span class='ocrx_word' id='word_1_205' title='bbox 183 1486 271 1518; x_wconf 74' lang='lat' dir='ltr'>etum</span> <span class='ocrx_word' id='word_1_206' title='bbox 283 1484 500 1518; x_wconf 89' lang='lat' dir='ltr'>Clementem.</span> <span class='ocrx_word' id='word_1_207' title='bbox 527 1482 605 1516; x_wconf 84' lang='lat' dir='ltr'>Fuit</span> <span class='ocrx_word' id='word_1_208' title='bbox 614 1481 718 1517; x_wconf 91' lang='lat' dir='ltr'>homo</span> <span class='ocrx_word' id='word_1_209' title='bbox 728 1484 833 1527; x_wconf 87' lang='lat' dir='ltr'>quarti</span> <span class='ocrx_word' id='word_1_210' title='bbox 847 1484 960 1518; x_wconf 80' lang='lat' dir='ltr'>saeculi.</span> <span class='ocrx_word' id='word_1_211' title='bbox 974 1484 1018 1519; x_wconf 87' lang='lat' dir='ltr'>Et</span> <span class='ocrx_word' id='word_1_212' title='bbox 1030 1496 1070 1519; x_wconf 87' lang='lat' dir='ltr'>ex</span> 
     </span>
     <span class='ocr_line' id='line_1_39' title="bbox 182 1530 1070 1578; baseline 0 -10"><span class='ocrx_word' id='word_1_213' title='bbox 182 1532 236 1568; x_wconf 84' lang='lat' dir='ltr'>his</span> <span class='ocrx_word' id='word_1_214' title='bbox 245 1534 327 1568; x_wconf 91' lang='lat' dir='ltr'>item</span> <span class='ocrx_word' id='word_1_215' title='bbox 340 1533 429 1568; x_wconf 88' lang='lat' dir='ltr'>vides</span> <span class='ocrx_word' id='word_1_216' title='bbox 441 1530 649 1567; x_wconf 89' lang='lat' dir='ltr'>Lutheranos</span> <span class='ocrx_word' id='word_1_217' title='bbox 658 1534 691 1567; x_wconf 92' lang='lat'>&amp;</span> <span class='ocrx_word' id='word_1_218' title='bbox 703 1533 899 1568; x_wconf 87' lang='lat' dir='ltr'>Calvinistas</span> <span class='ocrx_word' id='word_1_219' title='bbox 909 1559 919 1574; x_wconf 93' lang='lat'>‚</span> <span class='ocrx_word' id='word_1_220' title='bbox 934 1534 991 1578; x_wconf 93' lang='lat' dir='ltr'>qui</span> <span class='ocrx_word' id='word_1_221' title='bbox 1012 1533 1070 1568; x_wconf 89' lang='lat' dir='ltr'>has</span> 
     </span>
     <span class='ocr_line' id='line_1_40' title="bbox 182 1582 1070 1629; baseline 0 -11"><span class='ocrx_word' id='word_1_222' title='bbox 182 1583 284 1618; x_wconf 86' lang='lat' dir='ltr'>etiam</span> <span class='ocrx_word' id='word_1_223' title='bbox 294 1582 496 1623; x_wconf 84' lang='lat' dir='ltr'>Ferias,dum</span> <span class='ocrx_word' id='word_1_224' title='bbox 509 1584 631 1626; x_wconf 87' lang='lat' dir='ltr'>semper</span> <span class='ocrx_word' id='word_1_225' title='bbox 642 1584 746 1628; x_wconf 87' lang='lat' dir='ltr'>genio</span> <span class='ocrx_word' id='word_1_226' title='bbox 756 1583 928 1629; x_wconf 86' lang='lat' dir='ltr'>indulgere</span> <span class='ocrx_word' id='word_1_227' title='bbox 940 1584 1070 1624; x_wconf 88' lang='lat' dir='ltr'>volunt,</span> 
     </span>
     <span class='ocr_line' id='line_1_41' title="bbox 182 1633 1071 1676; baseline 0 -8"><span class='ocrx_word' id='word_1_228' title='bbox 182 1633 305 1668; x_wconf 87' lang='lat' dir='ltr'>nolunt</span> <span class='ocrx_word' id='word_1_229' title='bbox 316 1633 479 1676; x_wconf 86' lang='lat' dir='ltr'>Jejunare,</span> <span class='ocrx_word' id='word_1_230' title='bbox 488 1634 550 1666; x_wconf 75' lang='lat' dir='ltr'>este</span> <span class='ocrx_word' id='word_1_231' title='bbox 561 1644 666 1667; x_wconf 85' lang='lat' dir='ltr'>novos</span> <span class='ocrx_word' id='word_1_232' title='bbox 690 1633 860 1668; x_wconf 84' lang='lat' dir='ltr'>Aerianos.</span> <span class='ocrx_word' id='word_1_233' title='bbox 889 1634 1015 1668; x_wconf 85' lang='lat' dir='ltr'>Possint</span> <span class='ocrx_word' id='word_1_234' title='bbox 1037 1636 1071 1668; x_wconf 92' lang='lat'>&amp;</span> 
     </span>
     <span class='ocr_line' id='line_1_42' title="bbox 181 1681 1069 1727; baseline -0.002 -9"><span class='ocrx_word' id='word_1_235' title='bbox 181 1682 419 1727; x_wconf 74' lang='lat' dir='ltr'>ad&#39;penniffam</span> <span class='ocrx_word' id='word_1_236' title='bbox 439 1682 482 1717; x_wconf 86' lang='lat' dir='ltr'>ab</span> <span class='ocrx_word' id='word_1_237' title='bbox 500 1681 671 1726; x_wconf 86' lang='lat' dir='ltr'>Apostolis</span> <span class='ocrx_word' id='word_1_238' title='bbox 691 1683 874 1718; x_wconf 82' lang='lat' dir='ltr'>libertatem</span> <span class='ocrx_word' id='word_1_239' title='bbox 886 1683 1069 1719; x_wconf 87' lang='lat' dir='ltr'>reclamare.</span> 
     </span>
     <span class='ocr_line' id='line_1_43' title="bbox 184 1731 863 1777; baseline -0.001 -11"><span class='ocrx_word' id='word_1_240' title='bbox 184 1731 234 1767; x_wconf 86' lang='lat' dir='ltr'>At</span> <span class='ocrx_word' id='word_1_241' title='bbox 242 1732 384 1776; x_wconf 86' lang='lat' dir='ltr'>ipsorum</span> <span class='ocrx_word' id='word_1_242' title='bbox 397 1732 492 1776; x_wconf 86' lang='lat' dir='ltr'>pauci</span> <span class='ocrx_word' id='word_1_243' title='bbox 504 1742 626 1767; x_wconf 88' lang='lat' dir='ltr'>norunt</span> <span class='ocrx_word' id='word_1_244' title='bbox 638 1732 696 1766; x_wconf 82' lang='lat' dir='ltr'>ista</span> <span class='ocrx_word' id='word_1_245' title='bbox 707 1734 843 1777; x_wconf 87' lang='lat' dir='ltr'>antiqua</span> <span class='ocrx_word' id='word_1_246' title='bbox 856 1759 863 1765; x_wconf 87' lang='lat'>.</span> 
     </span>
    </p>

    <p class='ocr_par' dir='ltr' id='par_1_12' title="bbox 180 1781 1073 2274">
     <span class='ocr_line' id='line_1_44' title="bbox 237 1781 1072 1831; baseline 0.002 -15"><span class='ocrx_word' id='word_1_247' title='bbox 237 1782 365 1830; x_wconf 82' lang='lat' dir='ltr'>Qarta</span> <span class='ocrx_word' id='word_1_248' title='bbox 378 1781 522 1831; x_wconf 82' lang='lat' dir='ltr'>Qaestio</span> <span class='ocrx_word' id='word_1_249' title='bbox 533 1781 590 1816; x_wconf 83' lang='lat' dir='ltr'>est:</span> <span class='ocrx_word' id='word_1_250' title='bbox 603 1781 660 1816; x_wconf 84' lang='lat' dir='ltr'>An</span> <span class='ocrx_word' id='word_1_251' title='bbox 673 1781 824 1826; x_wconf 88' lang='lat' dir='ltr'>Antiqua</span> <span class='ocrx_word' id='word_1_252' title='bbox 834 1784 978 1818; x_wconf 74' lang='lat' dir='ltr'>Ecclesia</span> <span class='ocrx_word' id='word_1_253' title='bbox 993 1796 1072 1818; x_wconf 90' lang='lat' dir='ltr'>cun-</span> 
     </span>
     <span class='ocr_line' id='line_1_45' title="bbox 185 1831 1073 1876; baseline 0.002 -11"><span class='ocrx_word' id='word_1_254' title='bbox 185 1832 244 1866; x_wconf 69' lang='lat' dir='ltr'>&amp;is</span> <span class='ocrx_word' id='word_1_255' title='bbox 254 1832 376 1876; x_wconf 87' lang='lat' dir='ltr'>quartis</span> <span class='ocrx_word' id='word_1_256' title='bbox 388 1844 426 1866; x_wconf 90' lang='lat' dir='ltr'>ac</span> <span class='ocrx_word' id='word_1_257' title='bbox 439 1831 535 1865; x_wconf 89' lang='lat' dir='ltr'>sextis</span> <span class='ocrx_word' id='word_1_258' title='bbox 546 1833 654 1865; x_wconf 89' lang='lat' dir='ltr'>totius</span> <span class='ocrx_word' id='word_1_259' title='bbox 665 1833 743 1865; x_wconf 90' lang='lat' dir='ltr'>anni</span> <span class='ocrx_word' id='word_1_260' title='bbox 755 1833 857 1866; x_wconf 88' lang='lat' dir='ltr'>Feriis</span> <span class='ocrx_word' id='word_1_261' title='bbox 879 1833 1035 1876; x_wconf 80' lang='lat' dir='ltr'>Jejunarit</span> <span class='ocrx_word' id='word_1_262' title='bbox 1060 1835 1073 1866; x_wconf 69' lang='grc' dir='ltr'><strong>ἓ</strong></span> 
     </span>
     <span class='ocr_line' id='line_1_46' title="bbox 183 1880 1073 1926; baseline 0.001 -11"><span class='ocrx_word' id='word_1_263' title='bbox 183 1881 383 1925; x_wconf 87' lang='lat' dir='ltr'>Respondeo</span> <span class='ocrx_word' id='word_1_264' title='bbox 399 1880 558 1926; x_wconf 70' lang='lat' dir='ltr'>negative.</span> <span class='ocrx_word' id='word_1_265' title='bbox 577 1881 712 1915; x_wconf 83' lang='lat' dir='ltr'>Etenim</span> <span class='ocrx_word' id='word_1_266' title='bbox 722 1881 764 1915; x_wconf 86' lang='lat' dir='ltr'>ad</span> <span class='ocrx_word' id='word_1_267' title='bbox 772 1882 972 1916; x_wconf 88' lang='lat' dir='ltr'>Casulanum</span> <span class='ocrx_word' id='word_1_268' title='bbox 983 1883 1073 1917; x_wconf 87' lang='lat' dir='ltr'>Pres-</span> 
     </span>
     <span class='ocr_line' id='line_1_47' title="bbox 184 1930 1072 1978; baseline 0.001 -13"><span class='ocrx_word' id='word_1_269' title='bbox 184 1931 338 1974; x_wconf 88' lang='lat' dir='ltr'>byterum</span> <span class='ocrx_word' id='word_1_270' title='bbox 349 1930 459 1965; x_wconf 84' lang='lat' dir='ltr'>scribit</span> <span class='ocrx_word' id='word_1_271' title='bbox 481 1931 607 1964; x_wconf 67' lang='lat' dir='ltr'>sanetus</span> <span class='ocrx_word' id='word_1_272' title='bbox 617 1930 843 1976; x_wconf 89' lang='lat' dir='ltr'>Augustinus:</span> <span class='ocrx_word' id='word_1_273' title='bbox 869 1934 981 1967; x_wconf 80' lang='lat' dir='ltr'>Videat</span> <span class='ocrx_word' id='word_1_274' title='bbox 1005 1935 1072 1978; x_wconf 58' lang='lat' dir='ltr'>erg&amp;</span> 
     </span>
     <span class='ocr_line' id='line_1_48' title="bbox 183 1979 1072 2024; baseline 0.003 -10"><span class='ocrx_word' id='word_1_275' title='bbox 183 1990 302 2024; x_wconf 83' lang='lat' dir='ltr'>quanta</span> <span class='ocrx_word' id='word_1_276' title='bbox 324 1981 434 2024; x_wconf 84' lang='lat' dir='ltr'>afficiat</span> <span class='ocrx_word' id='word_1_277' title='bbox 457 1981 633 2014; x_wconf 83' lang='lat' dir='ltr'>contumelia</span> <span class='ocrx_word' id='word_1_278' title='bbox 651 1979 749 2023; x_wconf 80' lang='lat' dir='ltr'>ipsam</span> <span class='ocrx_word' id='word_1_279' title='bbox 766 1993 879 2024; x_wconf 85' lang='lat' dir='ltr'>quoque</span> <span class='ocrx_word' id='word_1_280' title='bbox 903 1987 1072 2016; x_wconf 82' lang='lat' dir='ltr'>Romanam</span> 
     </span>
     <span class='ocr_line' id='line_1_49' title="bbox 183 2029 1070 2076; baseline 0.002 -12"><span class='ocrx_word' id='word_1_281' title='bbox 183 2031 342 2073; x_wconf 75' lang='lat' dir='ltr'>Ecclesiam</span> <span class='ocrx_word' id='word_1_282' title='bbox 363 2056 375 2072; x_wconf 90' lang='lat'>‚</span> <span class='ocrx_word' id='word_1_283' title='bbox 401 2030 452 2064; x_wconf 79' lang='lat' dir='ltr'>ubi</span> <span class='ocrx_word' id='word_1_284' title='bbox 483 2032 519 2064; x_wconf 64' lang='grc' dir='ltr'>ὁ·</span> <span class='ocrx_word' id='word_1_285' title='bbox 547 2029 596 2063; x_wconf 84' lang='lat' dir='ltr'>his</span> <span class='ocrx_word' id='word_1_286' title='bbox 623 2029 857 2065; x_wconf 82' lang='lat' dir='ltr'>hebdomadibus</span> <span class='ocrx_word' id='word_1_287' title='bbox 870 2056 881 2072; x_wconf 92' lang='lat'>,</span> <span class='ocrx_word' id='word_1_288' title='bbox 906 2037 940 2066; x_wconf 85' lang='lat' dir='ltr'>in</span> <span class='ocrx_word' id='word_1_289' title='bbox 961 2033 1070 2076; x_wconf 84' lang='lat' dir='ltr'>quibus</span> 
     </span>
     <span class='ocr_line' id='line_1_50' title="bbox 183 2076 1070 2127; baseline 0 -12"><span class='ocrx_word' id='word_1_290' title='bbox 183 2090 296 2124; x_wconf 82' lang='lat' dir='ltr'>quarta</span> <span class='ocrx_word' id='word_1_291' title='bbox 322 2076 356 2115; x_wconf 63' lang='grc' dir='ltr'>ὅ·</span> <span class='ocrx_word' id='word_1_292' title='bbox 375 2080 469 2124; x_wconf 72' lang='lat' dir='ltr'>Jexta</span> <span class='ocrx_word' id='word_1_293' title='bbox 493 2081 528 2114; x_wconf 69' lang='grc' dir='ltr'>(τ</span> <span class='ocrx_word' id='word_1_294' title='bbox 552 2080 703 2114; x_wconf 79' lang='lat' dir='ltr'>sabbatho</span> <span class='ocrx_word' id='word_1_295' title='bbox 730 2084 907 2127; x_wconf 83' lang='lat' dir='ltr'>Jejunatur</span> <span class='ocrx_word' id='word_1_296' title='bbox 934 2107 945 2123; x_wconf 92' lang='lat'><strong>,</strong></span> <span class='ocrx_word' id='word_1_297' title='bbox 973 2083 1070 2117; x_wconf 80' lang='lat' dir='ltr'>tribus</span> 
     </span>
     <span class='ocr_line' id='line_1_51' title="bbox 183 2130 1071 2175; baseline 0.002 -11"><span class='ocrx_word' id='word_1_298' title='bbox 183 2140 287 2165; x_wconf 76' lang='lat' dir='ltr'>tamen</span> <span class='ocrx_word' id='word_1_299' title='bbox 309 2131 413 2164; x_wconf 84' lang='lat' dir='ltr'>diebus</span> <span class='ocrx_word' id='word_1_300' title='bbox 433 2136 579 2164; x_wconf 77' lang='lat' dir='ltr'>continuis</span> <span class='ocrx_word' id='word_1_301' title='bbox 593 2156 603 2171; x_wconf 96' lang='lat'>,</span> <span class='ocrx_word' id='word_1_302' title='bbox 630 2134 787 2165; x_wconf 82' lang='lat' dir='ltr'>Dominico</span> <span class='ocrx_word' id='word_1_303' title='bbox 796 2130 952 2175; x_wconf 67' lang='lat' dir='ltr'>fiilia-et&amp;</span> <span class='ocrx_word' id='word_1_304' title='bbox 963 2134 1071 2166; x_wconf 78' lang='lat' dir='ltr'>deinde</span> 
     </span>
     <span class='ocr_line' id='line_1_52' title="bbox 180 2178 1073 2224; baseline 0.001 -10"><span class='ocrx_word' id='word_1_305' title='bbox 180 2178 311 2224; x_wconf 84' lang='lat' dir='ltr'>secunda</span> <span class='ocrx_word' id='word_1_306' title='bbox 330 2182 365 2215; x_wconf 61' lang='grc' dir='ltr'>Θ</span> <span class='ocrx_word' id='word_1_307' title='bbox 375 2186 467 2214; x_wconf 84' lang='lat' dir='ltr'>tertia</span> <span class='ocrx_word' id='word_1_308' title='bbox 482 2182 661 2222; x_wconf 83' lang='lat' dir='ltr'>prandetur.</span> <span class='ocrx_word' id='word_1_309' title='bbox 710 2181 821 2216; x_wconf 87' lang='lat' dir='ltr'>Voces</span> <span class='ocrx_word' id='word_1_310' title='bbox 832 2207 843 2222; x_wconf 91' lang='lat'>‚</span> <span class='ocrx_word' id='word_1_311' title='bbox 869 2184 903 2216; x_wconf 70' lang='lat'>(9⁶</span> <span class='ocrx_word' id='word_1_312' title='bbox 934 2182 982 2215; x_wconf 79' lang='lat' dir='ltr'>bis</span> <span class='ocrx_word' id='word_1_313' title='bbox 1006 2182 1073 2216; x_wconf 84' lang='lat' dir='ltr'>heb-</span> 
     </span>
     <span class='ocr_line' id='line_1_53' title="bbox 184 2230 1071 2274; baseline 0.003 -11"><span class='ocrx_word' id='word_1_314' title='bbox 184 2230 360 2263; x_wconf 84' lang='lat' dir='ltr'>domadibus</span> <span class='ocrx_word' id='word_1_315' title='bbox 371 2255 380 2270; x_wconf 94' lang='lat'>,</span> <span class='ocrx_word' id='word_1_316' title='bbox 392 2232 448 2264; x_wconf 60' lang='lat' dir='ltr'>(ac.</span> <span class='ocrx_word' id='word_1_317' title='bbox 475 2230 582 2274; x_wconf 89' lang='lat' dir='ltr'>palam</span> <span class='ocrx_word' id='word_1_318' title='bbox 594 2230 728 2265; x_wconf 83' lang='lat' dir='ltr'>edicunt</span> <span class='ocrx_word' id='word_1_319' title='bbox 741 2232 816 2265; x_wconf 86' lang='lat' dir='ltr'>istas</span> <span class='ocrx_word' id='word_1_320' title='bbox 827 2232 936 2266; x_wconf 87' lang='lat' dir='ltr'>Ferias</span> <span class='ocrx_word' id='word_1_321' title='bbox 946 2245 1014 2267; x_wconf 91' lang='lat' dir='ltr'>non</span> <span class='ocrx_word' id='word_1_322' title='bbox 1038 2233 1071 2266; x_wconf 89' lang='lat' dir='ltr'>in</span> 
     </span>
    </p>
   </div>
   <div class='ocr_carea' id='block_1_11' title="bbox 183 2280 1075 2326">
    <p class='ocr_par' dir='ltr' id='par_1_13' title="bbox 183 2280 1075 2326">
     <span class='ocr_line' id='line_1_54' title="bbox 183 2280 1075 2326; baseline 0.003 -12"><span class='ocrx_word' id='word_1_323' title='bbox 183 2280 419 2315; x_wconf 76' lang='lat' dir='ltr'>cunetistotius</span> <span class='ocrx_word' id='word_1_324' title='bbox 429 2281 508 2314; x_wconf 88' lang='lat' dir='ltr'>anni</span> <span class='ocrx_word' id='word_1_325' title='bbox 521 2281 719 2324; x_wconf 88' lang='lat' dir='ltr'>Septimanis</span> <span class='ocrx_word' id='word_1_326' title='bbox 736 2281 830 2315; x_wconf 79' lang='lat' dir='ltr'>fuiffe</span> <span class='ocrx_word' id='word_1_327' title='bbox 849 2292 931 2316; x_wconf 89' lang='lat' dir='ltr'>tunc</span> <span class='ocrx_word' id='word_1_328' title='bbox 947 2282 1075 2326; x_wconf 80' lang='lat' dir='ltr'>Jejuna-</span> 
     </span>
    </p>
   </div>
   <div class='ocr_carea' id='block_1_12' title="bbox 184 2330 1074 3567">
    <p class='ocr_par' dir='ltr' id='par_1_14' title="bbox 184 2330 1074 3567">
     <span class='ocr_line' id='line_1_55' title="bbox 184 2330 1074 2375; baseline 0.002 -11"><span class='ocrx_word' id='word_1_329' title='bbox 184 2340 243 2364; x_wconf 87' lang='lat' dir='ltr'>tas.</span> <span class='ocrx_word' id='word_1_330' title='bbox 271 2330 420 2374; x_wconf 87' lang='lat' dir='ltr'>Exponit</span> <span class='ocrx_word' id='word_1_331' title='bbox 430 2330 466 2364; x_wconf 87' lang='lat' dir='ltr'>in</span> <span class='ocrx_word' id='word_1_332' title='bbox 478 2331 541 2364; x_wconf 87' lang='lat' dir='ltr'>suis</span> <span class='ocrx_word' id='word_1_333' title='bbox 553 2331 729 2375; x_wconf 89' lang='lat' dir='ltr'>Responfis</span> <span class='ocrx_word' id='word_1_334' title='bbox 739 2332 874 2366; x_wconf 87' lang='lat' dir='ltr'>Marcus</span> <span class='ocrx_word' id='word_1_335' title='bbox 896 2332 1074 2366; x_wconf 89' lang='lat' dir='ltr'>Hieromo-</span> 
     </span>
     <span class='ocr_line' id='line_1_56' title="bbox 184 2377 1074 2427; baseline 0.001 -13"><span class='ocrx_word' id='word_1_336' title='bbox 184 2377 311 2414; x_wconf 70' lang='lat' dir='ltr'>machus</span> <span class='ocrx_word' id='word_1_337' title='bbox 325 2392 332 2412; x_wconf 74' lang='grc' dir='ltr'>ε</span> <span class='ocrx_word' id='word_1_338' title='bbox 360 2385 383 2413; x_wconf 77' lang='grc' dir='ltr'><em>Α</em></span> <span class='ocrx_word' id='word_1_339' title='bbox 395 2389 514 2423; x_wconf 83' lang='lat' dir='ltr'>quartae</span> <span class='ocrx_word' id='word_1_340' title='bbox 525 2379 664 2424; x_wconf 71' lang='lat' dir='ltr'>&amp;sextae</span> <span class='ocrx_word' id='word_1_341' title='bbox 672 2385 775 2415; x_wconf 79' lang='lat' dir='ltr'>Feriae</span> <span class='ocrx_word' id='word_1_342' title='bbox 790 2385 822 2427; x_wconf 86' lang='lat' dir='ltr'><em>J</em></span> <span class='ocrx_word' id='word_1_343' title='bbox 825 2384 922 2423; x_wconf 76' lang='lat' dir='ltr'>ejunio</span> <span class='ocrx_word' id='word_1_344' title='bbox 940 2389 1074 2416; x_wconf 85' lang='lat' dir='ltr'>eximun-</span> 
     </span>
     <span class='ocr_line' id='line_1_57' title="bbox 186 2429 1072 2473; baseline 0.005 -12"><span class='ocrx_word' id='word_1_345' title='bbox 186 2438 237 2462; x_wconf 78' lang='lat' dir='ltr'>tur</span> <span class='ocrx_word' id='word_1_346' title='bbox 247 2429 443 2463; x_wconf 72' lang='lat' dir='ltr'>hebdomada»</span> <span class='ocrx_word' id='word_1_347' title='bbox 453 2429 578 2473; x_wconf 71' lang='lat' dir='ltr'>Pafhhae</span> <span class='ocrx_word' id='word_1_348' title='bbox 590 2455 601 2471; x_wconf 87' lang='lat'>,</span> <span class='ocrx_word' id='word_1_349' title='bbox 610 2432 763 2464; x_wconf 80' lang='lat' dir='ltr'>duodecim</span> <span class='ocrx_word' id='word_1_350' title='bbox 771 2437 843 2465; x_wconf 86' lang='lat' dir='ltr'>item</span> <span class='ocrx_word' id='word_1_351' title='bbox 857 2436 931 2465; x_wconf 87' lang='lat' dir='ltr'>Dies</span> <span class='ocrx_word' id='word_1_352' title='bbox 944 2434 964 2464; x_wconf 78' lang='grc' dir='ltr'><em>ἃ</em></span> <span class='ocrx_word' id='word_1_353' title='bbox 977 2437 1072 2465; x_wconf 83' lang='lat' dir='ltr'>Domi-</span> 
     </span>
     <span class='ocr_line' id='line_1_58' title="bbox 186 2479 1071 2524; baseline 0.003 -12"><span class='ocrx_word' id='word_1_354' title='bbox 186 2484 220 2512; x_wconf 63' lang='grc' dir='ltr'>πὶ</span> <span class='ocrx_word' id='word_1_355' title='bbox 231 2483 430 2519; x_wconf 82' lang='lat' dir='ltr'>Nativitate,</span> <span class='ocrx_word' id='word_1_356' title='bbox 455 2491 490 2512; x_wconf 80' lang='lat' dir='ltr'>ac</span> <span class='ocrx_word' id='word_1_357' title='bbox 500 2479 691 2514; x_wconf 69' lang='lat' dir='ltr'>hebdomada</span> <span class='ocrx_word' id='word_1_358' title='bbox 712 2483 873 2523; x_wconf 74' lang='lat' dir='ltr'>appellata·</span> <span class='ocrx_word' id='word_1_359' title='bbox 891 2481 1071 2524; x_wconf 85' lang='lat' dir='ltr'>Prophonefi-</span> 
     </span>
     <span class='ocr_line' id='line_1_59' title="bbox 185 2528 1072 2574; baseline 0.007 -14"><span class='ocrx_word' id='word_1_360' title='bbox 185 2534 250 2568; x_wconf 84' lang='lat' dir='ltr'>mi,</span> <span class='ocrx_word' id='word_1_361' title='bbox 261 2539 313 2561; x_wconf 88' lang='lat' dir='ltr'>nec</span> <span class='ocrx_word' id='word_1_362' title='bbox 323 2540 380 2562; x_wconf 85' lang='lat' dir='ltr'>mn</span> <span class='ocrx_word' id='word_1_363' title='bbox 390 2528 582 2562; x_wconf 62' lang='lat' dir='ltr'>hebdomadas</span> <span class='ocrx_word' id='word_1_364' title='bbox 590 2530 771 2574; x_wconf 79' lang='lat' dir='ltr'>Tyro-phagi.</span> <span class='ocrx_word' id='word_1_365' title='bbox 800 2532 873 2566; x_wconf 85' lang='lat' dir='ltr'>Has</span> <span class='ocrx_word' id='word_1_366' title='bbox 891 2542 952 2565; x_wconf 89' lang='lat' dir='ltr'>nos</span> <span class='ocrx_word' id='word_1_367' title='bbox 980 2544 1072 2566; x_wconf 88' lang='lat' dir='ltr'>voca-</span> 
     </span>
     <span class='ocr_line' id='line_1_60' title="bbox 185 2578 1069 2626; baseline 0.003 -15"><span class='ocrx_word' id='word_1_368' title='bbox 185 2589 259 2612; x_wconf 79' lang='lat' dir='ltr'>mus</span> <span class='ocrx_word' id='word_1_369' title='bbox 281 2578 498 2612; x_wconf 86' lang='lat' dir='ltr'>Dominicam</span> <span class='ocrx_word' id='word_1_370' title='bbox 523 2580 767 2624; x_wconf 81' lang='lat' dir='ltr'>Septuagefimae</span> <span class='ocrx_word' id='word_1_371' title='bbox 785 2592 823 2615; x_wconf 88' lang='lat' dir='ltr'>ac</span> <span class='ocrx_word' id='word_1_372' title='bbox 855 2582 1069 2626; x_wconf 81' lang='lat' dir='ltr'>Sexagefimae.</span> 
     </span>
     <span class='ocr_line' id='line_1_61' title="bbox 185 2627 1071 2674; baseline 0.006 -13"><span class='ocrx_word' id='word_1_373' title='bbox 185 2627 290 2674; x_wconf 82' lang='lat' dir='ltr'>Qod</span> <span class='ocrx_word' id='word_1_374' title='bbox 299 2628 404 2672; x_wconf 85' lang='lat' dir='ltr'>ipsum</span> <span class='ocrx_word' id='word_1_375' title='bbox 415 2628 524 2662; x_wconf 86' lang='lat' dir='ltr'>scribit</span> <span class='ocrx_word' id='word_1_376' title='bbox 532 2628 736 2664; x_wconf 83' lang='lat' dir='ltr'>Theodorus</span> <span class='ocrx_word' id='word_1_377' title='bbox 759 2631 934 2665; x_wconf 90' lang='lat' dir='ltr'>Balsamon</span> <span class='ocrx_word' id='word_1_378' title='bbox 956 2632 991 2664; x_wconf 92' lang='lat' dir='ltr'>in</span> <span class='ocrx_word' id='word_1_379' title='bbox 1007 2632 1071 2666; x_wconf 88' lang='lat' dir='ltr'>Re-</span> 
     </span>
     <span class='ocr_line' id='line_1_62' title="bbox 185 2678 1071 2721; baseline 0.006 -10"><span class='ocrx_word' id='word_1_380' title='bbox 185 2678 307 2721; x_wconf 83' lang='lat' dir='ltr'>sponfis</span> <span class='ocrx_word' id='word_1_381' title='bbox 327 2678 367 2712; x_wconf 85' lang='lat' dir='ltr'>ad</span> <span class='ocrx_word' id='word_1_382' title='bbox 388 2679 697 2721; x_wconf 75' lang='lat' dir='ltr'>quaestionesMarci</span> <span class='ocrx_word' id='word_1_383' title='bbox 717 2679 910 2714; x_wconf 79' lang='lat' dir='ltr'>Patriarchae</span> <span class='ocrx_word' id='word_1_384' title='bbox 928 2680 1071 2716; x_wconf 76' lang='lat' dir='ltr'>Alexan-</span> 
     </span>
     <span class='ocr_line' id='line_1_63' title="bbox 185 2726 1070 2775; baseline 0.005 -13"><span class='ocrx_word' id='word_1_385' title='bbox 185 2728 283 2762; x_wconf 85' lang='lat' dir='ltr'>drini.</span> <span class='ocrx_word' id='word_1_386' title='bbox 309 2727 372 2761; x_wconf 90' lang='lat' dir='ltr'>Per</span> <span class='ocrx_word' id='word_1_387' title='bbox 384 2726 507 2771; x_wconf 74' lang='lat' dir='ltr'>Pasche</span> <span class='ocrx_word' id='word_1_388' title='bbox 517 2726 943 2775; x_wconf 85' lang='lat' dir='ltr'>hebdomadas-intelligunt</span> <span class='ocrx_word' id='word_1_389' title='bbox 954 2743 1070 2766; x_wconf 87' lang='lat' dir='ltr'>omnes</span> 
     </span>
     <span class='ocr_line' id='line_1_64' title="bbox 185 2776 1071 2827; baseline 0.005 -15"><span class='ocrx_word' id='word_1_390' title='bbox 185 2776 354 2812; x_wconf 83' lang='lat' dir='ltr'>Paschalis</span> <span class='ocrx_word' id='word_1_391' title='bbox 362 2781 516 2820; x_wconf 81' lang='lat' dir='ltr'>temporis</span> <span class='ocrx_word' id='word_1_392' title='bbox 536 2780 592 2813; x_wconf 90' lang='lat' dir='ltr'>seu</span> <span class='ocrx_word' id='word_1_393' title='bbox 615 2779 900 2827; x_wconf 83' lang='lat' dir='ltr'>Qinquagesimae</span> <span class='ocrx_word' id='word_1_394' title='bbox 914 2781 1071 2816; x_wconf 83' lang='lat' dir='ltr'>Domini-</span> 
     </span>
     <span class='ocr_line' id='line_1_65' title="bbox 185 2827 1069 2871; baseline 0.006 -10"><span class='ocrx_word' id='word_1_395' title='bbox 185 2839 240 2861; x_wconf 83' lang='lat' dir='ltr'>cas</span> <span class='ocrx_word' id='word_1_396' title='bbox 249 2828 350 2871; x_wconf 92' lang='lat' dir='ltr'>usque</span> <span class='ocrx_word' id='word_1_397' title='bbox 360 2827 401 2861; x_wconf 88' lang='lat' dir='ltr'>ad</span> <span class='ocrx_word' id='word_1_398' title='bbox 414 2827 640 2862; x_wconf 82' lang='lat' dir='ltr'>Pentecosten.</span> <span class='ocrx_word' id='word_1_399' title='bbox 670 2830 714 2863; x_wconf 89' lang='lat' dir='ltr'>Et</span> <span class='ocrx_word' id='word_1_400' title='bbox 722 2830 806 2863; x_wconf 90' lang='lat' dir='ltr'>solas</span> <span class='ocrx_word' id='word_1_401' title='bbox 817 2829 933 2864; x_wconf 91' lang='lat' dir='ltr'>harum</span> <span class='ocrx_word' id='word_1_402' title='bbox 946 2830 1069 2866; x_wconf 88' lang='lat' dir='ltr'>hebdo-</span> 
     </span>
     <span class='ocr_line' id='line_1_66' title="bbox 187 2877 1070 2923; baseline 0.005 -12"><span class='ocrx_word' id='word_1_403' title='bbox 187 2877 358 2911; x_wconf 88' lang='lat' dir='ltr'>madarum</span> <span class='ocrx_word' id='word_1_404' title='bbox 365 2878 468 2910; x_wconf 83' lang='lat' dir='ltr'>sextas</span> <span class='ocrx_word' id='word_1_405' title='bbox 479 2877 586 2912; x_wconf 78' lang='lat' dir='ltr'>Ferias</span> <span class='ocrx_word' id='word_1_406' title='bbox 595 2878 678 2912; x_wconf 90' lang='lat' dir='ltr'>olim</span> <span class='ocrx_word' id='word_1_407' title='bbox 689 2880 818 2923; x_wconf 88' lang='lat' dir='ltr'>excepit</span> <span class='ocrx_word' id='word_1_408' title='bbox 828 2881 946 2915; x_wconf 88' lang='lat' dir='ltr'>Latina</span> <span class='ocrx_word' id='word_1_409' title='bbox 958 2882 1070 2916; x_wconf 92' lang='lat' dir='ltr'>Eccle-</span> 
     </span>
     <span class='ocr_line' id='line_1_67' title="bbox 186 2926 1069 2976; baseline 0.007 -16"><span class='ocrx_word' id='word_1_410' title='bbox 186 2927 238 2960; x_wconf 80' lang='lat' dir='ltr'>fia.</span> <span class='ocrx_word' id='word_1_411' title='bbox 264 2927 401 2970; x_wconf 83' lang='lat' dir='ltr'>Etipsas</span> <span class='ocrx_word' id='word_1_412' title='bbox 417 2926 500 2961; x_wconf 85' lang='lat' dir='ltr'>solas</span> <span class='ocrx_word' id='word_1_413' title='bbox 509 2927 648 2961; x_wconf 81' lang='lat' dir='ltr'>omnino</span> <span class='ocrx_word' id='word_1_414' title='bbox 660 2930 788 2973; x_wconf 89' lang='lat' dir='ltr'>respicit</span> <span class='ocrx_word' id='word_1_415' title='bbox 806 2931 932 2965; x_wconf 65' lang='lat' dir='ltr'>sanetus</span> <span class='ocrx_word' id='word_1_416' title='bbox 954 2931 1069 2976; x_wconf 89' lang='lat' dir='ltr'>Augu-</span> 
     </span>
     <span class='ocr_line' id='line_1_68' title="bbox 188 2976 1067 3015; baseline 0.006 -5"><span class='ocrx_word' id='word_1_417' title='bbox 188 2976 301 3010; x_wconf 87' lang='lat' dir='ltr'>stinus.</span> <span class='ocrx_word' id='word_1_418' title='bbox 331 2977 374 3010; x_wconf 88' lang='lat' dir='ltr'>Et</span> <span class='ocrx_word' id='word_1_419' title='bbox 386 2976 470 3010; x_wconf 76' lang='lat' dir='ltr'>certe</span> <span class='ocrx_word' id='word_1_420' title='bbox 482 2976 541 3010; x_wconf 89' lang='lat' dir='ltr'>ista</span> <span class='ocrx_word' id='word_1_421' title='bbox 552 2977 739 3013; x_wconf 83' lang='lat' dir='ltr'>Graecorum</span> <span class='ocrx_word' id='word_1_422' title='bbox 748 2979 910 3014; x_wconf 87' lang='lat' dir='ltr'>diversitas</span> <span class='ocrx_word' id='word_1_423' title='bbox 930 2993 1000 3015; x_wconf 88' lang='lat' dir='ltr'>non</span> <span class='ocrx_word' id='word_1_424' title='bbox 1022 2981 1067 3015; x_wconf 88' lang='lat' dir='ltr'>est</span> 
     </span>
     <span class='ocr_line' id='line_1_69' title="bbox 187 3026 1070 3073; baseline 0.007 -14"><span class='ocrx_word' id='word_1_425' title='bbox 187 3027 419 3070; x_wconf 82' lang='lat' dir='ltr'>antiqu-iffima.</span> <span class='ocrx_word' id='word_1_426' title='bbox 448 3026 583 3060; x_wconf 86' lang='lat' dir='ltr'>Etenim</span> <span class='ocrx_word' id='word_1_427' title='bbox 605 3028 727 3062; x_wconf 58' lang='lat' dir='ltr'>sanstus</span> <span class='ocrx_word' id='word_1_428' title='bbox 745 3028 949 3073; x_wconf 87' lang='lat' dir='ltr'>Epiphanius</span> <span class='ocrx_word' id='word_1_429' title='bbox 960 3031 992 3064; x_wconf 88' lang='lat' dir='ltr'>in</span> <span class='ocrx_word' id='word_1_430' title='bbox 1009 3031 1070 3065; x_wconf 88' lang='lat' dir='ltr'>Ca-</span> 
     </span>
     <span class='ocr_line' id='line_1_70' title="bbox 188 3074 1069 3119; baseline 0.008 -11"><span class='ocrx_word' id='word_1_431' title='bbox 188 3074 318 3111; x_wconf 81' lang='lat' dir='ltr'>tholicae</span> <span class='ocrx_word' id='word_1_432' title='bbox 330 3076 409 3110; x_wconf 84' lang='lat' dir='ltr'>fidei</span> <span class='ocrx_word' id='word_1_433' title='bbox 421 3076 631 3119; x_wconf 87' lang='lat' dir='ltr'>Expositione</span> <span class='ocrx_word' id='word_1_434' title='bbox 641 3077 750 3111; x_wconf 82' lang='lat' dir='ltr'>laudat</span> <span class='ocrx_word' id='word_1_435' title='bbox 763 3079 892 3114; x_wconf 89' lang='lat' dir='ltr'>istarum</span> <span class='ocrx_word' id='word_1_436' title='bbox 903 3081 1069 3115; x_wconf 83' lang='lat' dir='ltr'>Feriarum</span> 
     </span>
     <span class='ocr_line' id='line_1_71' title="bbox 189 3125 1069 3174; baseline 0.006 -16"><span class='ocrx_word' id='word_1_437' title='bbox 189 3125 353 3169; x_wconf 82' lang='lat' dir='ltr'>Jejunium</span> <span class='ocrx_word' id='word_1_438' title='bbox 365 3150 375 3166; x_wconf 92' lang='lat'>‚</span> <span class='ocrx_word' id='word_1_439' title='bbox 402 3135 501 3169; x_wconf 84' lang='lat' dir='ltr'>atque</span> <span class='ocrx_word' id='word_1_440' title='bbox 519 3125 688 3171; x_wconf 86' lang='lat' dir='ltr'>adjungit:</span> <span class='ocrx_word' id='word_1_441' title='bbox 716 3131 863 3170; x_wconf 74' lang='lat' dir='ltr'>Exceptis</span> <span class='ocrx_word' id='word_1_442' title='bbox 876 3136 1069 3174; x_wconf 83' lang='lat' dir='ltr'>quinquagin-</span> 
     </span>
     <span class='ocr_line' id='line_1_72' title="bbox 189 3175 1067 3223; baseline 0.007 -15"><span class='ocrx_word' id='word_1_443' title='bbox 189 3184 224 3208; x_wconf 73' lang='lat' dir='ltr'>ta</span> <span class='ocrx_word' id='word_1_444' title='bbox 245 3175 422 3215; x_wconf 68' lang='lat' dir='ltr'>Peme-costes</span> <span class='ocrx_word' id='word_1_445' title='bbox 447 3176 551 3209; x_wconf 80' lang='lat' dir='ltr'>diebus</span> <span class='ocrx_word' id='word_1_446' title='bbox 564 3200 574 3216; x_wconf 90' lang='lat'>‚</span> <span class='ocrx_word' id='word_1_447' title='bbox 599 3176 706 3218; x_wconf 82' lang='lat' dir='ltr'>quibus</span> <span class='ocrx_word' id='word_1_448' title='bbox 732 3188 824 3219; x_wconf 86' lang='lat' dir='ltr'>neque</span> <span class='ocrx_word' id='word_1_449' title='bbox 843 3191 943 3223; x_wconf 82' lang='lat' dir='ltr'>genua</span> <span class='ocrx_word' id='word_1_450' title='bbox 950 3180 1067 3220; x_wconf 68' lang='lat' dir='ltr'>fleHun-</span> 
     </span>
     <span class='ocr_line' id='line_1_73' title="bbox 191 3227 1066 3270; baseline 0.003 -11"><span class='ocrx_word' id='word_1_451' title='bbox 191 3234 265 3265; x_wconf 80' lang='lat' dir='ltr'>tur,</span> <span class='ocrx_word' id='word_1_452' title='bbox 290 3235 381 3267; x_wconf 82' lang='lat' dir='ltr'>neque</span> <span class='ocrx_word' id='word_1_453' title='bbox 390 3229 421 3270; x_wconf 86' lang='lat' dir='ltr'><em>J</em></span> <span class='ocrx_word' id='word_1_454' title='bbox 425 3228 557 3266; x_wconf 82' lang='lat' dir='ltr'>ejunium</span> <span class='ocrx_word' id='word_1_455' title='bbox 576 3227 727 3260; x_wconf 82' lang='lat' dir='ltr'>indicitur.</span> <span class='ocrx_word' id='word_1_456' title='bbox 766 3231 873 3270; x_wconf 87' lang='lat' dir='ltr'>Neque</span> <span class='ocrx_word' id='word_1_457' title='bbox 899 3232 971 3262; x_wconf 71' lang='lat' dir='ltr'>verti</span> <span class='ocrx_word' id='word_1_458' title='bbox 997 3236 1066 3262; x_wconf 84' lang='lat' dir='ltr'>totis</span> 
     </span>
     <span class='ocr_line' id='line_1_74' title="bbox 191 3275 1069 3321; baseline 0.005 -13"><span class='ocrx_word' id='word_1_459' title='bbox 191 3275 252 3308; x_wconf 75' lang='lat' dir='ltr'>illis</span> <span class='ocrx_word' id='word_1_460' title='bbox 273 3275 435 3307; x_wconf 78' lang='lat' dir='ltr'>dumtaxat</span> <span class='ocrx_word' id='word_1_461' title='bbox 452 3275 557 3309; x_wconf 69' lang='lat' dir='ltr'>diebus</span> <span class='ocrx_word' id='word_1_462' title='bbox 579 3277 641 3309; x_wconf 79' lang='lat' dir='ltr'>ulla</span> <span class='ocrx_word' id='word_1_463' title='bbox 653 3280 686 3321; x_wconf 85' lang='lat' dir='ltr'><strong><em>J</em></strong></span> <span class='ocrx_word' id='word_1_464' title='bbox 689 3277 790 3317; x_wconf 71' lang='lat' dir='ltr'>ejunia</span> <span class='ocrx_word' id='word_1_465' title='bbox 811 3276 885 3319; x_wconf 89' lang='lat' dir='ltr'>sunt</span> <span class='ocrx_word' id='word_1_466' title='bbox 906 3302 918 3318; x_wconf 87' lang='lat'>,</span> <span class='ocrx_word' id='word_1_467' title='bbox 938 3277 996 3321; x_wconf 83' lang='lat' dir='ltr'>sed</span> <span class='ocrx_word' id='word_1_468' title='bbox 1020 3291 1069 3313; x_wconf 85' lang='lat' dir='ltr'>ne-</span> 
     </span>
     <span class='ocr_line' id='line_1_75' title="bbox 190 3323 1068 3371; baseline 0.007 -15"><span class='ocrx_word' id='word_1_469' title='bbox 190 3335 248 3366; x_wconf 85' lang='lat' dir='ltr'>que</span> <span class='ocrx_word' id='word_1_470' title='bbox 267 3323 504 3365; x_wconf 83' lang='lat' dir='ltr'>Epiphaniorum</span> <span class='ocrx_word' id='word_1_471' title='bbox 540 3327 590 3359; x_wconf 78' lang='lat' dir='ltr'>die</span> <span class='ocrx_word' id='word_1_472' title='bbox 610 3350 621 3365; x_wconf 93' lang='lat'>‚</span> <span class='ocrx_word' id='word_1_473' title='bbox 659 3337 715 3368; x_wconf 81' lang='lat' dir='ltr'>quo</span> <span class='ocrx_word' id='word_1_474' title='bbox 735 3330 881 3359; x_wconf 82' lang='lat' dir='ltr'>Dominus</span> <span class='ocrx_word' id='word_1_475' title='bbox 907 3326 1068 3371; x_wconf 75' lang='lat' dir='ltr'>secundum</span> 
     </span>
     <span class='ocr_line' id='line_1_76' title="bbox 190 3374 1068 3420; baseline 0.005 -13"><span class='ocrx_word' id='word_1_476' title='bbox 190 3384 310 3407; x_wconf 83' lang='lat' dir='ltr'>carnem</span> <span class='ocrx_word' id='word_1_477' title='bbox 328 3383 418 3406; x_wconf 81' lang='lat' dir='ltr'>natus</span> <span class='ocrx_word' id='word_1_478' title='bbox 430 3374 468 3415; x_wconf 69' lang='lat' dir='ltr'>el}</span> <span class='ocrx_word' id='word_1_479' title='bbox 479 3399 491 3415; x_wconf 90' lang='lat'>‚</span> <span class='ocrx_word' id='word_1_480' title='bbox 511 3378 543 3419; x_wconf 86' lang='lat' dir='ltr'><strong><em>J</em></strong></span> <span class='ocrx_word' id='word_1_481' title='bbox 546 3377 669 3416; x_wconf 86' lang='lat' dir='ltr'>ejunare</span> <span class='ocrx_word' id='word_1_482' title='bbox 678 3378 745 3410; x_wconf 80' lang='lat' dir='ltr'>licet</span> <span class='ocrx_word' id='word_1_483' title='bbox 757 3401 768 3417; x_wconf 92' lang='lat'><strong>,</strong></span> <span class='ocrx_word' id='word_1_484' title='bbox 793 3376 910 3418; x_wconf 78' lang='lat' dir='ltr'>tametsi</span> <span class='ocrx_word' id='word_1_485' title='bbox 928 3388 1068 3420; x_wconf 83' lang='lat' dir='ltr'>quartam</span> 
     </span>
     <span class='ocr_line' id='line_1_77' title="bbox 190 3422 1067 3466; baseline 0.003 -9"><span class='ocrx_word' id='word_1_486' title='bbox 190 3431 226 3457; x_wconf 71' lang='lat' dir='ltr'>in</span> <span class='ocrx_word' id='word_1_487' title='bbox 249 3427 370 3456; x_wconf 84' lang='lat' dir='ltr'>Feriam</span> <span class='ocrx_word' id='word_1_488' title='bbox 390 3425 441 3457; x_wconf 84' lang='lat' dir='ltr'>vel</span> <span class='ocrx_word' id='word_1_489' title='bbox 441 3422 562 3466; x_wconf 79' lang='lat' dir='ltr'>J&#39;extam</span> <span class='ocrx_word' id='word_1_490' title='bbox 573 3427 718 3460; x_wconf 82' lang='lat' dir='ltr'>inciderit.</span> <span class='ocrx_word' id='word_1_491' title='bbox 747 3426 827 3461; x_wconf 89' lang='lat' dir='ltr'>Non</span> <span class='ocrx_word' id='word_1_492' title='bbox 838 3428 971 3461; x_wconf 68' lang='lat' dir='ltr'>cunstos</span> <span class='ocrx_word' id='word_1_493' title='bbox 989 3427 1067 3464; x_wconf 86' lang='lat' dir='ltr'>duo.</span> 
     </span>
     <span class='ocr_line' id='line_1_78' title="bbox 190 3472 1067 3524; baseline 0.008 -16"><span class='ocrx_word' id='word_1_494' title='bbox 190 3472 298 3508; x_wconf 89' lang='lat' dir='ltr'>decim</span> <span class='ocrx_word' id='word_1_495' title='bbox 321 3472 406 3506; x_wconf 86' lang='lat' dir='ltr'>inter</span> <span class='ocrx_word' id='word_1_496' title='bbox 418 3472 634 3509; x_wconf 86' lang='lat' dir='ltr'>Dominicam</span> <span class='ocrx_word' id='word_1_497' title='bbox 648 3476 867 3514; x_wconf 79' lang='lat' dir='ltr'>Nativitatem</span> <span class='ocrx_word' id='word_1_498' title='bbox 878 3488 916 3513; x_wconf 87' lang='lat' dir='ltr'>ac</span> <span class='ocrx_word' id='word_1_499' title='bbox 927 3477 1067 3524; x_wconf 84' lang='lat' dir='ltr'>Epipha-</span> 
     </span>
     <span class='ocr_line' id='line_1_79' title="bbox 297 3521 658 3567; baseline 0.011 -12"><span class='ocrx_word' id='word_1_500' title='bbox 297 3521 399 3567; x_wconf 63' lang='lat' dir='ltr'>Dffrt.</span> <span class='ocrx_word' id='word_1_501' title='bbox 407 3525 528 3558; x_wconf 81' lang='lat' dir='ltr'>Prooem.</span> <span class='ocrx_word' id='word_1_502' title='bbox 542 3527 620 3564; x_wconf 72' lang='lat' dir='ltr'>Tem.</span> <span class='ocrx_word' id='word_1_503' title='bbox 632 3529 658 3559; x_wconf 83' lang='lat'>1.</span> 
     </span>
    </p>
   </div>
   <div class='ocr_carea' id='block_1_13' title="bbox 1127 128 2018 372">
    <p class='ocr_par' dir='ltr' id='par_1_15' title="bbox 1127 128 2018 372">
     <span class='ocr_line' id='line_1_80' title="bbox 1940 128 2018 168; baseline 0.026 -10"><span class='ocrx_word' id='word_1_504' title='bbox 1940 128 2018 168; x_wconf 86' lang='lat'>129</span> 
     </span>
     <span class='ocr_line' id='line_1_81' title="bbox 1129 180 2006 230; baseline 0 -8"><span class='ocrx_word' id='word_1_505' title='bbox 1129 189 1218 222; x_wconf 88' lang='lat' dir='ltr'>niam</span> <span class='ocrx_word' id='word_1_506' title='bbox 1237 188 1308 223; x_wconf 89' lang='lat' dir='ltr'>dies</span> <span class='ocrx_word' id='word_1_507' title='bbox 1324 186 1473 230; x_wconf 87' lang='lat' dir='ltr'>excepit,</span> <span class='ocrx_word' id='word_1_508' title='bbox 1499 185 1554 221; x_wconf 88' lang='lat' dir='ltr'>sed</span> <span class='ocrx_word' id='word_1_509' title='bbox 1573 180 1900 222; x_wconf 72' lang='lat' dir='ltr'>solamnominicam</span> <span class='ocrx_word' id='word_1_510' title='bbox 1909 185 2006 225; x_wconf 84' lang='lat' dir='ltr'>Nati-</span> 
     </span>
     <span class='ocr_line' id='line_1_82' title="bbox 1127 232 2008 279; baseline 0 -8"><span class='ocrx_word' id='word_1_511' title='bbox 1127 239 1270 273; x_wconf 86' lang='lat' dir='ltr'>vitatem.</span> <span class='ocrx_word' id='word_1_512' title='bbox 1297 237 1411 272; x_wconf 65' lang='lat' dir='ltr'>Latios</span> <span class='ocrx_word' id='word_1_513' title='bbox 1430 235 1495 270; x_wconf 84' lang='lat' dir='ltr'>haec</span> <span class='ocrx_word' id='word_1_514' title='bbox 1512 235 1648 279; x_wconf 87' lang='lat' dir='ltr'>exposui</span> <span class='ocrx_word' id='word_1_515' title='bbox 1664 235 1701 268; x_wconf 92' lang='lat' dir='ltr'>in</span> <span class='ocrx_word' id='word_1_516' title='bbox 1720 232 1861 269; x_wconf 88' lang='lat' dir='ltr'>Scholiis</span> <span class='ocrx_word' id='word_1_517' title='bbox 1869 237 1910 271; x_wconf 89' lang='lat' dir='ltr'>ad</span> <span class='ocrx_word' id='word_1_518' title='bbox 1921 237 2008 273; x_wconf 70' lang='lat' dir='ltr'>Asta</span> 
     </span>
     <span class='ocr_line' id='line_1_83' title="bbox 1127 284 2007 323; baseline -0.001 -1"><span class='ocrx_word' id='word_1_519' title='bbox 1127 289 1228 322; x_wconf 66' lang='lat' dir='ltr'>sancti</span> <span class='ocrx_word' id='word_1_520' title='bbox 1256 288 1380 323; x_wconf 87' lang='lat' dir='ltr'>Leonis</span> <span class='ocrx_word' id='word_1_521' title='bbox 1410 287 1503 320; x_wconf 88' lang='lat' dir='ltr'>noni.</span> <span class='ocrx_word' id='word_1_522' title='bbox 1540 285 1628 320; x_wconf 83' lang='lat' dir='ltr'>Vide</span> <span class='ocrx_word' id='word_1_523' title='bbox 1657 284 1782 320; x_wconf 86' lang='lat' dir='ltr'>Leonis</span> <span class='ocrx_word' id='word_1_524' title='bbox 1807 285 1927 319; x_wconf 87' lang='lat' dir='ltr'>Allatii</span> <span class='ocrx_word' id='word_1_525' title='bbox 1952 287 2007 321; x_wconf 83' lang='lat' dir='ltr'>Li-</span> 
     </span>
     <span class='ocr_line' id='line_1_84' title="bbox 1128 333 2009 372; baseline -0.003 0"><span class='ocrx_word' id='word_1_526' title='bbox 1128 338 1251 372; x_wconf 90' lang='lat' dir='ltr'>bellum</span> <span class='ocrx_word' id='word_1_527' title='bbox 1272 338 1314 372; x_wconf 88' lang='lat' dir='ltr'>de</span> <span class='ocrx_word' id='word_1_528' title='bbox 1335 338 1524 371; x_wconf 85' lang='lat' dir='ltr'>Graecorum</span> <span class='ocrx_word' id='word_1_529' title='bbox 1540 334 1731 370; x_wconf 86' lang='lat' dir='ltr'>Dominicis</span> <span class='ocrx_word' id='word_1_530' title='bbox 1747 346 1786 368; x_wconf 90' lang='lat' dir='ltr'>ac</span> <span class='ocrx_word' id='word_1_531' title='bbox 1816 333 2009 369; x_wconf 90' lang='lat' dir='ltr'>Hebdoma-</span> 
     </span>
    </p>
   </div>
   <div class='ocr_carea' id='block_1_14' title="bbox 1128 382 2147 482">
    <p class='ocr_par' dir='ltr' id='par_1_16' title="bbox 1128 382 2147 482">
     <span class='ocr_line' id='line_1_85' title="bbox 1128 382 2147 437; baseline -0.003 -15"><span class='ocrx_word' id='word_1_532' title='bbox 1128 387 1234 422; x_wconf 75' lang='lat' dir='ltr'>dibus.</span> <span class='ocrx_word' id='word_1_533' title='bbox 1261 387 1314 421; x_wconf 90' lang='lat' dir='ltr'>Ac</span> <span class='ocrx_word' id='word_1_534' title='bbox 1340 386 1490 422; x_wconf 85' lang='lat' dir='ltr'>Annales</span> <span class='ocrx_word' id='word_1_535' title='bbox 1516 384 1665 421; x_wconf 88' lang='lat' dir='ltr'>Eutichii</span> <span class='ocrx_word' id='word_1_536' title='bbox 1700 382 1896 420; x_wconf 80' lang='lat' dir='ltr'>Patriarchae</span> <span class='ocrx_word' id='word_1_537' title='bbox 1929 382 2147 437; x_wconf 61' lang='lat' dir='ltr'>A¹⁶·1·0m.‚„1</span> 
     </span>
     <span class='ocr_line' id='line_1_86' title="bbox 2026 442 2142 482; baseline -0.017 -8"><span class='ocrx_word' id='word_1_538' title='bbox 2026 442 2142 482; x_wconf 82' lang='lat' dir='ltr'>fol.247</span> 
     </span>
    </p>
   </div>
   <div class='ocr_carea' id='block_1_15' title="bbox 1129 436 2014 680">
    <p class='ocr_par' dir='ltr' id='par_1_17' title="bbox 1130 436 1301 471">
     <span class='ocr_line' id='line_1_87' title="bbox 1130 436 1301 471; baseline -0.006 0"><span class='ocrx_word' id='word_1_539' title='bbox 1130 436 1283 471; x_wconf 86' lang='lat' dir='ltr'>xandrini</span> <span class='ocrx_word' id='word_1_540' title='bbox 1293 462 1301 470; x_wconf 94' lang='lat'>.</span> 
     </span>
    </p>

    <p class='ocr_par' dir='ltr' id='par_1_18' title="bbox 1129 484 2014 680">
     <span class='ocr_line' id='line_1_88' title="bbox 1178 484 2011 536; baseline 0 -15"><span class='ocrx_word' id='word_1_541' title='bbox 1178 488 1307 535; x_wconf 82' lang='lat' dir='ltr'>Qinta</span> <span class='ocrx_word' id='word_1_542' title='bbox 1317 486 1461 536; x_wconf 80' lang='lat' dir='ltr'>Qaestio</span> <span class='ocrx_word' id='word_1_543' title='bbox 1470 486 1515 520; x_wconf 88' lang='lat' dir='ltr'>est</span> <span class='ocrx_word' id='word_1_544' title='bbox 1529 498 1535 518; x_wconf 92' lang='lat'>:</span> <span class='ocrx_word' id='word_1_545' title='bbox 1548 486 1687 533; x_wconf 81' lang='lat' dir='ltr'>Qanto</span> <span class='ocrx_word' id='word_1_546' title='bbox 1699 495 1847 529; x_wconf 88' lang='lat' dir='ltr'>tempore</span> <span class='ocrx_word' id='word_1_547' title='bbox 1858 484 1926 520; x_wconf 77' lang='lat' dir='ltr'>haec</span> <span class='ocrx_word' id='word_1_548' title='bbox 1937 484 2011 522; x_wconf 87' lang='lat' dir='ltr'>Pie-</span> 
     </span>
     <span class='ocr_line' id='line_1_89' title="bbox 1129 536 2013 580; baseline -0.001 -8"><span class='ocrx_word' id='word_1_549' title='bbox 1129 549 1176 572; x_wconf 84' lang='lat' dir='ltr'>tas</span> <span class='ocrx_word' id='word_1_550' title='bbox 1188 537 1349 571; x_wconf 88' lang='lat' dir='ltr'>duraverit</span> <span class='ocrx_word' id='word_1_551' title='bbox 1358 536 1444 580; x_wconf 90' lang='lat' dir='ltr'>apud</span> <span class='ocrx_word' id='word_1_552' title='bbox 1452 536 1612 570; x_wconf 87' lang='lat' dir='ltr'>Ecclesias</span> <span class='ocrx_word' id='word_1_553' title='bbox 1624 538 1637 570; x_wconf 85' lang='lat'>?</span> <span class='ocrx_word' id='word_1_554' title='bbox 1658 536 1857 579; x_wconf 89' lang='lat' dir='ltr'>Respondeo</span> <span class='ocrx_word' id='word_1_555' title='bbox 1866 537 2013 580; x_wconf 88' lang='lat' dir='ltr'>primum</span> 
     </span>
     <span class='ocr_line' id='line_1_90' title="bbox 1130 585 2014 631; baseline -0.001 -10"><span class='ocrx_word' id='word_1_556' title='bbox 1130 588 1250 630; x_wconf 72' lang='lat' dir='ltr'>Latine</span> <span class='ocrx_word' id='word_1_557' title='bbox 1261 587 1391 631; x_wconf 88' lang='lat' dir='ltr'>pietatis</span> <span class='ocrx_word' id='word_1_558' title='bbox 1399 585 1563 621; x_wconf 73' lang='lat' dir='ltr'>defestum</span> <span class='ocrx_word' id='word_1_559' title='bbox 1572 596 1751 629; x_wconf 90' lang='lat' dir='ltr'>utcumque</span> <span class='ocrx_word' id='word_1_560' title='bbox 1763 586 1878 631; x_wconf 86' lang='lat' dir='ltr'>colligi</span> <span class='ocrx_word' id='word_1_561' title='bbox 1888 598 1931 620; x_wconf 87' lang='lat' dir='ltr'>ex</span> <span class='ocrx_word' id='word_1_562' title='bbox 1942 587 2014 621; x_wconf 85' lang='lat' dir='ltr'>san-</span> 
     </span>
     <span class='ocr_line' id='line_1_91' title="bbox 1131 635 2014 680; baseline 0 -9"><span class='ocrx_word' id='word_1_563' title='bbox 1131 638 1172 671; x_wconf 70' lang='lat' dir='ltr'>&amp;i</span> <span class='ocrx_word' id='word_1_564' title='bbox 1187 637 1299 671; x_wconf 86' lang='lat' dir='ltr'>Isidori</span> <span class='ocrx_word' id='word_1_565' title='bbox 1309 636 1508 680; x_wconf 79' lang='lat' dir='ltr'>Hispalensis</span> <span class='ocrx_word' id='word_1_566' title='bbox 1519 636 1672 679; x_wconf 86' lang='lat' dir='ltr'>Episcopi</span> <span class='ocrx_word' id='word_1_567' title='bbox 1685 635 1794 669; x_wconf 83' lang='lat' dir='ltr'>Libris</span> <span class='ocrx_word' id='word_1_568' title='bbox 1815 635 1855 669; x_wconf 92' lang='lat' dir='ltr'>de</span> <span class='ocrx_word' id='word_1_569' title='bbox 1877 637 2014 671; x_wconf 86' lang='lat' dir='ltr'>Divinis</span> 
     </span>
    </p>
   </div>
   <div class='ocr_carea' id='block_1_16' title="bbox 1131 677 2189 784">
    <p class='ocr_par' dir='ltr' id='par_1_19' title="bbox 1131 677 2189 784">
     <span class='ocr_line' id='line_1_92' title="bbox 1132 677 2189 731; baseline -0.002 -10"><span class='ocrx_word' id='word_1_570' title='bbox 1132 688 1280 722; x_wconf 88' lang='lat' dir='ltr'>Officiis:</span> <span class='ocrx_word' id='word_1_571' title='bbox 1307 691 1417 720; x_wconf 87' lang='lat' dir='ltr'>Omnis</span> <span class='ocrx_word' id='word_1_572' title='bbox 1430 685 1522 731; x_wconf 79' lang='lat' dir='ltr'>sexta</span> <span class='ocrx_word' id='word_1_573' title='bbox 1532 690 1625 719; x_wconf 86' lang='lat' dir='ltr'>Feria</span> <span class='ocrx_word' id='word_1_574' title='bbox 1644 693 1768 728; x_wconf 83' lang='lat' dir='ltr'>propter</span> <span class='ocrx_word' id='word_1_575' title='bbox 1780 686 1936 725; x_wconf 84' lang='lat' dir='ltr'>Pafflonem</span> <span class='ocrx_word' id='word_1_576' title='bbox 1959 690 2015 720; x_wconf 81' lang='lat' dir='ltr'>Do·</span> <span class='ocrx_word' id='word_1_577' title='bbox 2031 677 2129 709; x_wconf 51' lang='lat' dir='ltr'>Lib-&#39;¹³</span> <span class='ocrx_word' id='word_1_578' title='bbox 2140 722 2148 731; x_wconf 35' lang='lat'>¹</span> <span class='ocrx_word' id='word_1_579' title='bbox 2185 679 2189 681; x_wconf 41' lang='lat'>⁵</span> 
     </span>
     <span class='ocr_line' id='line_1_93' title="bbox 1131 727 2146 784; baseline 0 -14"><span class='ocrx_word' id='word_1_580' title='bbox 1131 743 1205 771; x_wconf 79' lang='lat' dir='ltr'>mini</span> <span class='ocrx_word' id='word_1_581' title='bbox 1215 740 1236 770; x_wconf 77' lang='grc' dir='ltr'><em>ἂ</em></span> <span class='ocrx_word' id='word_1_582' title='bbox 1245 735 1421 780; x_wconf 85' lang='lat' dir='ltr'>quibusdam</span> <span class='ocrx_word' id='word_1_583' title='bbox 1428 740 1460 784; x_wconf 87' lang='lat' dir='ltr'><em>J</em></span> <span class='ocrx_word' id='word_1_584' title='bbox 1462 739 1602 778; x_wconf 79' lang='lat' dir='ltr'>ejunarur·</span> <span class='ocrx_word' id='word_1_585' title='bbox 1614 760 1624 776; x_wconf 91' lang='lat'>‚</span> <span class='ocrx_word' id='word_1_586' title='bbox 1644 734 1704 779; x_wconf 68' lang='lat' dir='ltr'>fied</span> <span class='ocrx_word' id='word_1_587' title='bbox 1714 737 1747 769; x_wconf 65' lang='lat' dir='ltr'>eit</span> <span class='ocrx_word' id='word_1_588' title='bbox 1757 734 1901 768; x_wconf 63' lang='lat' dir='ltr'>sabbathi·</span> <span class='ocrx_word' id='word_1_589' title='bbox 1911 737 1976 769; x_wconf 82' lang='lat' dir='ltr'>dies</span> <span class='ocrx_word' id='word_1_590' title='bbox 1993 738 2016 770; x_wconf 75' lang='grc' dir='ltr'><em>ἃ</em></span> <span class='ocrx_word' id='word_1_591' title='bbox 2031 727 2086 757; x_wconf 86' lang='lat' dir='ltr'>cap</span> <span class='ocrx_word' id='word_1_592' title='bbox 2087 731 2146 756; x_wconf 53' lang='grc' dir='ltr'>’μ’</span> 
     </span>
    </p>
   </div>
   <div class='ocr_carea' id='block_1_17' title="bbox 1128 784 2022 1479">
    <p class='ocr_par' dir='ltr' id='par_1_20' title="bbox 1128 784 2022 1479">
     <span class='ocr_line' id='line_1_94' title="bbox 1128 784 2017 832; baseline 0 -12"><span class='ocrx_word' id='word_1_593' title='bbox 1128 785 1283 830; x_wconf 82' lang='lat' dir='ltr'>plerisque.</span> <span class='ocrx_word' id='word_1_594' title='bbox 1310 786 1417 832; x_wconf 87' lang='lat' dir='ltr'>Igitur</span> <span class='ocrx_word' id='word_1_595' title='bbox 1426 798 1467 821; x_wconf 91' lang='lat' dir='ltr'>ex</span> <span class='ocrx_word' id='word_1_596' title='bbox 1477 796 1559 821; x_wconf 90' lang='lat' dir='ltr'>tunc</span> <span class='ocrx_word' id='word_1_597' title='bbox 1572 786 1739 830; x_wconf 87' lang='lat' dir='ltr'>utriusque</span> <span class='ocrx_word' id='word_1_598' title='bbox 1752 784 1817 819; x_wconf 91' lang='lat' dir='ltr'>diei</span> <span class='ocrx_word' id='word_1_599' title='bbox 1843 785 2017 827; x_wconf 64' lang='lat' dir='ltr'>jejunandi</span> 
     </span>
     <span class='ocr_line' id='line_1_95' title="bbox 1133 834 2017 881; baseline -0.003 -10"><span class='ocrx_word' id='word_1_600' title='bbox 1133 838 1203 871; x_wconf 87' lang='lat' dir='ltr'>Lex</span> <span class='ocrx_word' id='word_1_601' title='bbox 1213 837 1419 880; x_wconf 78' lang='lat' dir='ltr'>exoleverat3</span> <span class='ocrx_word' id='word_1_602' title='bbox 1445 837 1480 871; x_wconf 88' lang='lat'>&amp;</span> <span class='ocrx_word' id='word_1_603' title='bbox 1491 836 1624 880; x_wconf 90' lang='lat' dir='ltr'>quidem</span> <span class='ocrx_word' id='word_1_604' title='bbox 1637 836 1742 881; x_wconf 89' lang='lat' dir='ltr'>magis</span> <span class='ocrx_word' id='word_1_605' title='bbox 1762 836 1857 870; x_wconf 82' lang='lat' dir='ltr'>sextae</span> <span class='ocrx_word' id='word_1_606' title='bbox 1875 834 1977 870; x_wconf 80' lang='lat' dir='ltr'>Feriae</span> <span class='ocrx_word' id='word_1_607' title='bbox 2002 859 2017 877; x_wconf 90' lang='lat'>,</span> 
     </span>
     <span class='ocr_line' id='line_1_96' title="bbox 1131 884 2017 930; baseline -0.001 -10"><span class='ocrx_word' id='word_1_608' title='bbox 1131 887 1229 930; x_wconf 70' lang='lat' dir='ltr'>quam</span> <span class='ocrx_word' id='word_1_609' title='bbox 1241 885 1407 921; x_wconf 89' lang='lat' dir='ltr'>Sabbathi.</span> <span class='ocrx_word' id='word_1_610' title='bbox 1434 887 1599 921; x_wconf 88' lang='lat' dir='ltr'>Existimo</span> <span class='ocrx_word' id='word_1_611' title='bbox 1610 886 1645 921; x_wconf 91' lang='lat' dir='ltr'>id</span> <span class='ocrx_word' id='word_1_612' title='bbox 1656 887 1778 920; x_wconf 65' lang='lat' dir='ltr'>fastum</span> <span class='ocrx_word' id='word_1_613' title='bbox 1795 896 1851 929; x_wconf 90' lang='lat' dir='ltr'>per</span> <span class='ocrx_word' id='word_1_614' title='bbox 1872 884 2017 919; x_wconf 88' lang='lat' dir='ltr'>Arianos</span> 
     </span>
     <span class='ocr_line' id='line_1_97' title="bbox 1132 934 2019 981; baseline 0 -11"><span class='ocrx_word' id='word_1_615' title='bbox 1132 934 1272 970; x_wconf 89' lang='lat' dir='ltr'>Gothos.</span> <span class='ocrx_word' id='word_1_616' title='bbox 1300 937 1344 970; x_wconf 93' lang='lat' dir='ltr'>Et</span> <span class='ocrx_word' id='word_1_617' title='bbox 1355 937 1432 981; x_wconf 87' lang='lat' dir='ltr'>quia</span> <span class='ocrx_word' id='word_1_618' title='bbox 1443 938 1569 971; x_wconf 68' lang='lat' dir='ltr'>sanstus</span> <span class='ocrx_word' id='word_1_619' title='bbox 1581 935 1730 971; x_wconf 83' lang='lat' dir='ltr'>Leander</span> <span class='ocrx_word' id='word_1_620' title='bbox 1740 935 1862 970; x_wconf 87' lang='lat' dir='ltr'>avitam</span> <span class='ocrx_word' id='word_1_621' title='bbox 1889 935 2019 980; x_wconf 88' lang='lat' dir='ltr'>Legem</span> 
     </span>
     <span class='ocr_line' id='line_1_98' title="bbox 1131 984 2019 1030; baseline 0 -11"><span class='ocrx_word' id='word_1_622' title='bbox 1131 997 1273 1030; x_wconf 86' lang='lat' dir='ltr'>reparare</span> <span class='ocrx_word' id='word_1_623' title='bbox 1289 997 1359 1020; x_wconf 89' lang='lat' dir='ltr'>non</span> <span class='ocrx_word' id='word_1_624' title='bbox 1371 986 1481 1030; x_wconf 89' lang='lat' dir='ltr'>potuit</span> <span class='ocrx_word' id='word_1_625' title='bbox 1493 1010 1505 1026; x_wconf 93' lang='lat'><strong>,</strong></span> <span class='ocrx_word' id='word_1_626' title='bbox 1525 985 1718 1020; x_wconf 89' lang='lat' dir='ltr'>melioribus</span> <span class='ocrx_word' id='word_1_627' title='bbox 1727 996 1838 1020; x_wconf 89' lang='lat' dir='ltr'>tamen</span> <span class='ocrx_word' id='word_1_628' title='bbox 1847 984 2019 1020; x_wconf 82' lang='lat' dir='ltr'>Fidelibus</span> 
     </span>
     <span class='ocr_line' id='line_1_99' title="bbox 1131 1034 2018 1080; baseline -0.001 -10"><span class='ocrx_word' id='word_1_629' title='bbox 1131 1036 1279 1080; x_wconf 80' lang='lat' dir='ltr'>persuasit</span> <span class='ocrx_word' id='word_1_630' title='bbox 1303 1035 1523 1070; x_wconf 85' lang='lat' dir='ltr'>voluntariam</span> <span class='ocrx_word' id='word_1_631' title='bbox 1547 1036 1719 1071; x_wconf 83' lang='lat' dir='ltr'>Pietatem.</span> <span class='ocrx_word' id='word_1_632' title='bbox 1758 1035 1872 1070; x_wconf 88' lang='lat' dir='ltr'>Gallia</span> <span class='ocrx_word' id='word_1_633' title='bbox 1895 1034 2018 1070; x_wconf 83' lang='lat' dir='ltr'>eodem</span> 
     </span>
     <span class='ocr_line' id='line_1_100' title="bbox 1130 1085 2020 1129; baseline 0 -10"><span class='ocrx_word' id='word_1_634' title='bbox 1130 1095 1276 1129; x_wconf 90' lang='lat' dir='ltr'>tempore</span> <span class='ocrx_word' id='word_1_635' title='bbox 1286 1086 1414 1128; x_wconf 85' lang='lat' dir='ltr'>pervasa</span> <span class='ocrx_word' id='word_1_636' title='bbox 1424 1085 1488 1119; x_wconf 84' lang='lat' dir='ltr'>fuit</span> <span class='ocrx_word' id='word_1_637' title='bbox 1501 1085 1520 1119; x_wconf 72' lang='grc' dir='ltr'>ὲ</span> <span class='ocrx_word' id='word_1_638' title='bbox 1530 1086 1664 1119; x_wconf 89' lang='lat' dir='ltr'>Francis</span> <span class='ocrx_word' id='word_1_639' title='bbox 1675 1110 1686 1126; x_wconf 94' lang='lat'>‚</span> <span class='ocrx_word' id='word_1_640' title='bbox 1712 1085 1885 1119; x_wconf 67' lang='lat' dir='ltr'>wandalis</span> <span class='ocrx_word' id='word_1_641' title='bbox 1904 1110 1915 1125; x_wconf 90' lang='lat'>‚</span> <span class='ocrx_word' id='word_1_642' title='bbox 1939 1085 2020 1119; x_wconf 87' lang='lat' dir='ltr'>Bur-</span> 
     </span>
     <span class='ocr_line' id='line_1_101' title="bbox 1129 1133 2020 1180; baseline 0 -12"><span class='ocrx_word' id='word_1_643' title='bbox 1129 1134 1250 1180; x_wconf 90' lang='lat' dir='ltr'>gundis</span> <span class='ocrx_word' id='word_1_644' title='bbox 1264 1147 1273 1176; x_wconf 82' lang='lat'>;</span> <span class='ocrx_word' id='word_1_645' title='bbox 1299 1133 1379 1168; x_wconf 89' lang='lat' dir='ltr'>hinc</span> <span class='ocrx_word' id='word_1_646' title='bbox 1389 1135 1422 1169; x_wconf 71' lang='grc' dir='ltr'>ὃς</span> <span class='ocrx_word' id='word_1_647' title='bbox 1435 1134 1480 1168; x_wconf 88' lang='lat' dir='ltr'>ibi</span> <span class='ocrx_word' id='word_1_648' title='bbox 1493 1135 1647 1169; x_wconf 86' lang='lat' dir='ltr'>existimo</span> <span class='ocrx_word' id='word_1_649' title='bbox 1661 1145 1740 1169; x_wconf 90' lang='lat' dir='ltr'>tunc</span> <span class='ocrx_word' id='word_1_650' title='bbox 1751 1135 1872 1168; x_wconf 78' lang='lat' dir='ltr'>avitam</span> <span class='ocrx_word' id='word_1_651' title='bbox 1890 1135 2020 1179; x_wconf 79' lang='lat' dir='ltr'>Legem</span> 
     </span>
     <span class='ocr_line' id='line_1_102' title="bbox 1129 1183 2020 1227; baseline -0.001 -8"><span class='ocrx_word' id='word_1_652' title='bbox 1129 1185 1288 1222; x_wconf 78' lang='lat' dir='ltr'>defeciffe.</span> <span class='ocrx_word' id='word_1_653' title='bbox 1315 1184 1424 1221; x_wconf 86' lang='lat' dir='ltr'>Unde</span> <span class='ocrx_word' id='word_1_654' title='bbox 1435 1185 1470 1218; x_wconf 90' lang='lat' dir='ltr'>in</span> <span class='ocrx_word' id='word_1_655' title='bbox 1482 1184 1665 1219; x_wconf 82' lang='lat' dir='ltr'>Gallicanis</span> <span class='ocrx_word' id='word_1_656' title='bbox 1687 1183 1830 1227; x_wconf 83' lang='lat' dir='ltr'>synodis</span> <span class='ocrx_word' id='word_1_657' title='bbox 1853 1183 1946 1217; x_wconf 85' lang='lat' dir='ltr'>nulla</span> <span class='ocrx_word' id='word_1_658' title='bbox 1970 1183 2020 1218; x_wconf 77' lang='lat' dir='ltr'>est</span> 
     </span>
     <span class='ocr_line' id='line_1_103' title="bbox 1133 1232 2019 1279; baseline -0.002 -10"><span class='ocrx_word' id='word_1_659' title='bbox 1133 1235 1221 1269; x_wconf 87' lang='lat' dir='ltr'>istius</span> <span class='ocrx_word' id='word_1_660' title='bbox 1233 1234 1361 1279; x_wconf 87' lang='lat' dir='ltr'>pietatis</span> <span class='ocrx_word' id='word_1_661' title='bbox 1372 1235 1531 1268; x_wconf 83' lang='lat' dir='ltr'>memoria</span> <span class='ocrx_word' id='word_1_662' title='bbox 1541 1245 1598 1269; x_wconf 89' lang='lat' dir='ltr'>aut</span> <span class='ocrx_word' id='word_1_663' title='bbox 1610 1235 1779 1278; x_wconf 72' lang='lat' dir='ltr'>reparatio.</span> <span class='ocrx_word' id='word_1_664' title='bbox 1803 1234 1851 1268; x_wconf 90' lang='lat' dir='ltr'>At</span> <span class='ocrx_word' id='word_1_665' title='bbox 1863 1232 1940 1268; x_wconf 74' lang='lat' dir='ltr'>vero</span> <span class='ocrx_word' id='word_1_666' title='bbox 1950 1234 2019 1277; x_wconf 83' lang='lat' dir='ltr'>ipsa</span> 
     </span>
     <span class='ocr_line' id='line_1_104' title="bbox 1133 1283 2019 1330; baseline -0.002 -10"><span class='ocrx_word' id='word_1_667' title='bbox 1133 1286 1233 1330; x_wconf 72' lang='lat' dir='ltr'>longe</span> <span class='ocrx_word' id='word_1_668' title='bbox 1243 1285 1369 1319; x_wconf 77' lang='lat' dir='ltr'>diutius</span> <span class='ocrx_word' id='word_1_669' title='bbox 1395 1284 1531 1329; x_wconf 88' lang='lat' dir='ltr'>perstitit</span> <span class='ocrx_word' id='word_1_670' title='bbox 1545 1285 1580 1318; x_wconf 90' lang='lat' dir='ltr'>in</span> <span class='ocrx_word' id='word_1_671' title='bbox 1594 1284 1747 1319; x_wconf 86' lang='lat' dir='ltr'>Romana</span> <span class='ocrx_word' id='word_1_672' title='bbox 1760 1284 1914 1324; x_wconf 82' lang='lat' dir='ltr'>Ecclesia,</span> <span class='ocrx_word' id='word_1_673' title='bbox 1923 1283 2019 1318; x_wconf 83' lang='lat' dir='ltr'>adeo-</span> 
     </span>
     <span class='ocr_line' id='line_1_105' title="bbox 1133 1332 2022 1378; baseline -0.001 -10"><span class='ocrx_word' id='word_1_674' title='bbox 1133 1347 1196 1378; x_wconf 90' lang='lat' dir='ltr'>que</span> <span class='ocrx_word' id='word_1_675' title='bbox 1208 1336 1286 1369; x_wconf 88' lang='lat' dir='ltr'>&amp;in</span> <span class='ocrx_word' id='word_1_676' title='bbox 1298 1335 1392 1369; x_wconf 87' lang='lat' dir='ltr'>omni</span> <span class='ocrx_word' id='word_1_677' title='bbox 1404 1334 1509 1371; x_wconf 86' lang='lat' dir='ltr'>Italia.</span> <span class='ocrx_word' id='word_1_678' title='bbox 1537 1336 1643 1370; x_wconf 82' lang='lat' dir='ltr'>Lucet</span> <span class='ocrx_word' id='word_1_679' title='bbox 1653 1346 1695 1369; x_wconf 87' lang='lat' dir='ltr'>ex</span> <span class='ocrx_word' id='word_1_680' title='bbox 1707 1336 1736 1370; x_wconf 90' lang='lat' dir='ltr'>S.</span> <span class='ocrx_word' id='word_1_681' title='bbox 1765 1333 1902 1368; x_wconf 88' lang='lat' dir='ltr'>Nicolai</span> <span class='ocrx_word' id='word_1_682' title='bbox 1920 1332 2022 1377; x_wconf 79' lang='lat' dir='ltr'>primi</span> 
     </span>
     <span class='ocr_line' id='line_1_106' title="bbox 1135 1383 2022 1430; baseline -0.001 -11"><span class='ocrx_word' id='word_1_683' title='bbox 1135 1385 1307 1428; x_wconf 83' lang='lat' dir='ltr'>Rescripto</span> <span class='ocrx_word' id='word_1_684' title='bbox 1317 1385 1359 1419; x_wconf 88' lang='lat' dir='ltr'>ad</span> <span class='ocrx_word' id='word_1_685' title='bbox 1370 1385 1531 1419; x_wconf 81' lang='lat' dir='ltr'>Consulta</span> <span class='ocrx_word' id='word_1_686' title='bbox 1543 1385 1759 1430; x_wconf 88' lang='lat' dir='ltr'>Bulgarorum</span> <span class='ocrx_word' id='word_1_687' title='bbox 1773 1409 1784 1425; x_wconf 88' lang='lat'>‚</span> <span class='ocrx_word' id='word_1_688' title='bbox 1809 1383 1900 1428; x_wconf 82' lang='lat' dir='ltr'>quod</span> <span class='ocrx_word' id='word_1_689' title='bbox 1922 1384 1997 1427; x_wconf 70' lang='lat' dir='ltr'>ipsis</span> <span class='ocrx_word' id='word_1_690' title='bbox 2008 1406 2022 1423; x_wconf 90' lang='lat'>‚</span> 
     </span>
     <span class='ocr_line' id='line_1_107' title="bbox 1135 1433 2022 1479; baseline -0.003 -10"><span class='ocrx_word' id='word_1_691' title='bbox 1135 1435 1247 1469; x_wconf 89' lang='lat' dir='ltr'>Latini</span> <span class='ocrx_word' id='word_1_692' title='bbox 1256 1435 1370 1478; x_wconf 79' lang='lat' dir='ltr'>jejunii</span> <span class='ocrx_word' id='word_1_693' title='bbox 1379 1434 1548 1468; x_wconf 88' lang='lat' dir='ltr'>Solemnes</span> <span class='ocrx_word' id='word_1_694' title='bbox 1560 1434 1628 1469; x_wconf 87' lang='lat' dir='ltr'>dies</span> <span class='ocrx_word' id='word_1_695' title='bbox 1639 1434 1835 1479; x_wconf 86' lang='lat' dir='ltr'>rogantibus</span> <span class='ocrx_word' id='word_1_696' title='bbox 1846 1459 1856 1473; x_wconf 91' lang='lat'><em>,</em></span> <span class='ocrx_word' id='word_1_697' title='bbox 1882 1433 2022 1476; x_wconf 81' lang='lat' dir='ltr'>exponit</span> 
     </span>
    </p>
   </div>
   <div class='ocr_carea' id='block_1_18' title="bbox 1134 1477 2141 1578">
    <p class='ocr_par' dir='ltr' id='par_1_21' title="bbox 1134 1477 2141 1578">
     <span class='ocr_line' id='line_1_108' title="bbox 1135 1477 2132 1528; baseline -0.005 -9"><span class='ocrx_word' id='word_1_698' title='bbox 1135 1485 1261 1528; x_wconf 84' lang='lat' dir='ltr'>Jejunia</span> <span class='ocrx_word' id='word_1_699' title='bbox 1270 1484 1394 1524; x_wconf 87' lang='lat' dir='ltr'>omnia,</span> <span class='ocrx_word' id='word_1_700' title='bbox 1403 1483 1587 1527; x_wconf 75' lang='lat' dir='ltr'>quaesanc‘la</span> <span class='ocrx_word' id='word_1_701' title='bbox 1601 1488 1738 1517; x_wconf 84' lang='lat' dir='ltr'>Romana</span> <span class='ocrx_word' id='word_1_702' title='bbox 1744 1482 1875 1526; x_wconf 83' lang='lat' dir='ltr'>suscepit</span> <span class='ocrx_word' id='word_1_703' title='bbox 1883 1487 2022 1526; x_wconf 81' lang='lat' dir='ltr'>Antiqui·</span> <span class='ocrx_word' id='word_1_704' title='bbox 2038 1477 2132 1513; x_wconf 53' lang='lat' dir='ltr'>Lib-45</span> 
     </span>
     <span class='ocr_line' id='line_1_109' title="bbox 1134 1525 2141 1578; baseline -0.002 -9"><span class='ocrx_word' id='word_1_705' title='bbox 1134 1537 1183 1569; x_wconf 73' lang='lat' dir='ltr'>tiis</span> <span class='ocrx_word' id='word_1_706' title='bbox 1196 1559 1206 1574; x_wconf 92' lang='lat'>‚</span> <span class='ocrx_word' id='word_1_707' title='bbox 1233 1537 1268 1569; x_wconf 66' lang='grc' dir='ltr'>ὁ·</span> <span class='ocrx_word' id='word_1_708' title='bbox 1277 1543 1358 1567; x_wconf 83' lang='lat' dir='ltr'>tenet</span> <span class='ocrx_word' id='word_1_709' title='bbox 1369 1533 1509 1574; x_wconf 81' lang='lat' dir='ltr'>Ecclefia,</span> <span class='ocrx_word' id='word_1_710' title='bbox 1520 1543 1619 1577; x_wconf 88' lang='lat' dir='ltr'>atque</span> <span class='ocrx_word' id='word_1_711' title='bbox 1633 1533 1784 1578; x_wconf 82' lang='lat' dir='ltr'>adjungit</span> <span class='ocrx_word' id='word_1_712' title='bbox 1799 1548 1808 1566; x_wconf 90' lang='lat'><em>:</em></span> <span class='ocrx_word' id='word_1_713' title='bbox 1830 1539 1861 1566; x_wconf 83' lang='lat' dir='ltr'>in</span> <span class='ocrx_word' id='word_1_714' title='bbox 1865 1532 1960 1576; x_wconf 81' lang='lat' dir='ltr'>sexta</span> <span class='ocrx_word' id='word_1_715' title='bbox 1971 1545 2021 1567; x_wconf 83' lang='lat' dir='ltr'>ve·</span> <span class='ocrx_word' id='word_1_716' title='bbox 2037 1527 2099 1557; x_wconf 65' lang='lat'>⁶³9·</span> <span class='ocrx_word' id='word_1_717' title='bbox 2113 1525 2141 1553; x_wconf 80' lang='lat'>5·</span> 
     </span>
    </p>
   </div>
   <div class='ocr_carea' id='block_1_19' title="bbox 1129 1581 2062 3222">
    <p class='ocr_par' dir='ltr' id='par_1_22' title="bbox 1129 1581 2062 3123">
     <span class='ocr_line' id='line_1_110' title="bbox 1133 1581 2022 1626; baseline -0.002 -8"><span class='ocrx_word' id='word_1_718' title='bbox 1133 1588 1165 1619; x_wconf 72' lang='grc' dir='ltr'>τὸ</span> <span class='ocrx_word' id='word_1_719' title='bbox 1178 1589 1271 1618; x_wconf 83' lang='lat' dir='ltr'>Feria</span> <span class='ocrx_word' id='word_1_720' title='bbox 1282 1590 1376 1616; x_wconf 85' lang='lat' dir='ltr'>omnis</span> <span class='ocrx_word' id='word_1_721' title='bbox 1388 1583 1581 1617; x_wconf 62' lang='lat' dir='ltr'>hebdomada</span> <span class='ocrx_word' id='word_1_722' title='bbox 1592 1586 1614 1616; x_wconf 69' lang='grc' dir='ltr'><em>ἃ</em></span> <span class='ocrx_word' id='word_1_723' title='bbox 1630 1590 1767 1617; x_wconf 86' lang='lat' dir='ltr'>carnium</span> <span class='ocrx_word' id='word_1_724' title='bbox 1775 1581 1823 1626; x_wconf 78' lang='lat' dir='ltr'>efic</span> <span class='ocrx_word' id='word_1_725' title='bbox 1833 1584 1998 1626; x_wconf 82' lang='lat' dir='ltr'>cessandum</span> <span class='ocrx_word' id='word_1_726' title='bbox 2009 1608 2022 1624; x_wconf 90' lang='lat'>,</span> 
     </span>
     <span class='ocr_line' id='line_1_111' title="bbox 1133 1633 2020 1680; baseline -0.005 -11"><span class='ocrx_word' id='word_1_727' title='bbox 1133 1637 1168 1669; x_wconf 62' lang='grc' dir='ltr'>Θ</span> <span class='ocrx_word' id='word_1_728' title='bbox 1172 1636 1317 1680; x_wconf 77' lang='lat' dir='ltr'>JeJuniis</span> <span class='ocrx_word' id='word_1_729' title='bbox 1325 1633 1362 1673; x_wconf 85' lang='lat' dir='ltr'>est</span> <span class='ocrx_word' id='word_1_730' title='bbox 1372 1634 1607 1666; x_wconf 84' lang='lat' dir='ltr'>incumbendum.</span> <span class='ocrx_word' id='word_1_731' title='bbox 1636 1634 1679 1667; x_wconf 89' lang='lat' dir='ltr'>Et</span> <span class='ocrx_word' id='word_1_732' title='bbox 1690 1634 1723 1667; x_wconf 88' lang='lat' dir='ltr'>in</span> <span class='ocrx_word' id='word_1_733' title='bbox 1739 1634 1889 1676; x_wconf 85' lang='lat' dir='ltr'>sequenti</span> <span class='ocrx_word' id='word_1_734' title='bbox 1901 1634 2020 1677; x_wconf 84' lang='lat' dir='ltr'>capite:</span> 
     </span>
     <span class='ocr_line' id='line_1_112' title="bbox 1133 1683 2024 1725; baseline -0.001 -7"><span class='ocrx_word' id='word_1_735' title='bbox 1133 1687 1226 1718; x_wconf 71' lang='lat' dir='ltr'>Sexta</span> <span class='ocrx_word' id='word_1_736' title='bbox 1250 1687 1342 1716; x_wconf 80' lang='lat' dir='ltr'>Feria</span> <span class='ocrx_word' id='word_1_737' title='bbox 1364 1685 1526 1723; x_wconf 81' lang='lat' dir='ltr'>Paffionem</span> <span class='ocrx_word' id='word_1_738' title='bbox 1539 1687 1724 1717; x_wconf 61' lang='lat' dir='ltr'>Dominio-am</span> <span class='ocrx_word' id='word_1_739' title='bbox 1739 1707 1750 1723; x_wconf 92' lang='lat'><strong><em>‚</em></strong></span> <span class='ocrx_word' id='word_1_740' title='bbox 1771 1685 1806 1717; x_wconf 68' lang='lat'>(9⁹</span> <span class='ocrx_word' id='word_1_741' title='bbox 1826 1683 2024 1725; x_wconf 83' lang='lat' dir='ltr'>Apostolorum</span> 
     </span>
     <span class='ocr_line' id='line_1_113' title="bbox 1136 1733 2024 1776; baseline 0.001 -9"><span class='ocrx_word' id='word_1_742' title='bbox 1136 1733 1302 1774; x_wconf 83' lang='lat' dir='ltr'>moestitiam</span> <span class='ocrx_word' id='word_1_743' title='bbox 1325 1735 1484 1766; x_wconf 79' lang='lat' dir='ltr'>recolentes</span> <span class='ocrx_word' id='word_1_744' title='bbox 1495 1758 1505 1774; x_wconf 90' lang='lat'>‚</span> <span class='ocrx_word' id='word_1_745' title='bbox 1530 1733 1572 1765; x_wconf 71' lang='lat' dir='ltr'>ab</span> <span class='ocrx_word' id='word_1_746' title='bbox 1590 1741 1719 1767; x_wconf 72' lang='lat' dir='ltr'>omnium</span> <span class='ocrx_word' id='word_1_747' title='bbox 1728 1739 1862 1766; x_wconf 75' lang='lat' dir='ltr'>carnium</span> <span class='ocrx_word' id='word_1_748' title='bbox 1882 1736 1977 1776; x_wconf 87' lang='lat' dir='ltr'>epulis</span> <span class='ocrx_word' id='word_1_749' title='bbox 1988 1735 2024 1768; x_wconf 63' lang='grc' dir='ltr'><em>Θ</em></span> 
     </span>
     <span class='ocr_line' id='line_1_114' title="bbox 1136 1782 2024 1827; baseline -0.001 -10"><span class='ocrx_word' id='word_1_750' title='bbox 1136 1785 1318 1827; x_wconf 84' lang='lat' dir='ltr'>pinguedine</span> <span class='ocrx_word' id='word_1_751' title='bbox 1321 1782 1423 1827; x_wconf 87' lang='lat' dir='ltr'>gustus</span> <span class='ocrx_word' id='word_1_752' title='bbox 1434 1783 1524 1823; x_wconf 82' lang='lat' dir='ltr'>noster</span> <span class='ocrx_word' id='word_1_753' title='bbox 1535 1786 1682 1817; x_wconf 86' lang='lat' dir='ltr'>arcendus</span> <span class='ocrx_word' id='word_1_754' title='bbox 1693 1783 1732 1825; x_wconf 75' lang='lat' dir='ltr'>eft</span> <span class='ocrx_word' id='word_1_755' title='bbox 1744 1808 1754 1824; x_wconf 89' lang='lat'><strong>,</strong></span> <span class='ocrx_word' id='word_1_756' title='bbox 1776 1792 1892 1825; x_wconf 84' lang='lat' dir='ltr'>praeter</span> <span class='ocrx_word' id='word_1_757' title='bbox 1908 1783 1937 1826; x_wconf 82' lang='lat' dir='ltr'><em>fi</em></span> <span class='ocrx_word' id='word_1_758' title='bbox 1953 1788 2024 1816; x_wconf 87' lang='lat' dir='ltr'>Na-</span> 
     </span>
     <span class='ocr_line' id='line_1_115' title="bbox 1135 1833 2024 1876; baseline 0 -10"><span class='ocrx_word' id='word_1_759' title='bbox 1135 1840 1244 1867; x_wconf 81' lang='lat' dir='ltr'>tivitas</span> <span class='ocrx_word' id='word_1_760' title='bbox 1258 1837 1380 1866; x_wconf 85' lang='lat' dir='ltr'>Domini</span> <span class='ocrx_word' id='word_1_761' title='bbox 1394 1835 1428 1867; x_wconf 58' lang='grc' dir='ltr'>δ’</span> <span class='ocrx_word' id='word_1_762' title='bbox 1439 1834 1691 1876; x_wconf 65' lang='lat' dir='ltr'>Epiphaniam,</span> <span class='ocrx_word' id='word_1_763' title='bbox 1702 1843 1756 1867; x_wconf 88' lang='lat' dir='ltr'>aut</span> <span class='ocrx_word' id='word_1_764' title='bbox 1768 1833 1932 1873; x_wconf 81' lang='lat' dir='ltr'>Festivitas</span> <span class='ocrx_word' id='word_1_765' title='bbox 1944 1837 2024 1867; x_wconf 76' lang='lat' dir='ltr'>Bea-</span> 
     </span>
     <span class='ocr_line' id='line_1_116' title="bbox 1135 1882 2022 1927; baseline 0 -11"><span class='ocrx_word' id='word_1_766' title='bbox 1135 1892 1175 1916; x_wconf 82' lang='lat' dir='ltr'>tae</span> <span class='ocrx_word' id='word_1_767' title='bbox 1188 1886 1299 1915; x_wconf 76' lang='lat' dir='ltr'>Matris</span> <span class='ocrx_word' id='word_1_768' title='bbox 1315 1886 1437 1915; x_wconf 83' lang='lat' dir='ltr'>Domini</span> <span class='ocrx_word' id='word_1_769' title='bbox 1450 1885 1486 1916; x_wconf 68' lang='lat' dir='ltr'>o·</span> <span class='ocrx_word' id='word_1_770' title='bbox 1496 1889 1683 1917; x_wconf 69' lang='lat' dir='ltr'>intemerata</span> <span class='ocrx_word' id='word_1_771' title='bbox 1694 1889 1827 1927; x_wconf 70' lang='lat' dir='ltr'>Virginis</span> <span class='ocrx_word' id='word_1_772' title='bbox 1839 1887 1961 1923; x_wconf 57' lang='grc' dir='ltr'>Μανία,</span> <span class='ocrx_word' id='word_1_773' title='bbox 1967 1882 2022 1926; x_wconf 80' lang='lat' dir='ltr'>seu</span> 
     </span>
     <span class='ocr_line' id='line_1_117' title="bbox 1137 1932 2024 1978; baseline 0.001 -13"><span class='ocrx_word' id='word_1_774' title='bbox 1137 1932 1329 1975; x_wconf 73' lang='lat' dir='ltr'>Apostolorum</span> <span class='ocrx_word' id='word_1_775' title='bbox 1341 1935 1517 1974; x_wconf 73' lang='lat' dir='ltr'>Principum</span> <span class='ocrx_word' id='word_1_776' title='bbox 1530 1935 1659 1967; x_wconf 77' lang='lat' dir='ltr'>Petri&amp;</span> <span class='ocrx_word' id='word_1_777' title='bbox 1671 1935 1808 1973; x_wconf 66' lang='lat' dir='ltr'>Paulx·‚ac</span> <span class='ocrx_word' id='word_1_778' title='bbox 1813 1932 1911 1976; x_wconf 69' lang='lat' dir='ltr'>sanc‘Ji</span> <span class='ocrx_word' id='word_1_779' title='bbox 1918 1937 1951 1978; x_wconf 85' lang='lat' dir='ltr'><em>J</em></span> <span class='ocrx_word' id='word_1_780' title='bbox 1953 1946 2024 1966; x_wconf 64' lang='lat' dir='ltr'>oan»</span> 
     </span>
     <span class='ocr_line' id='line_1_118' title="bbox 1137 1981 2023 2026; baseline 0.001 -10"><span class='ocrx_word' id='word_1_781' title='bbox 1137 1989 1185 2016; x_wconf 83' lang='lat' dir='ltr'>m’s</span> <span class='ocrx_word' id='word_1_782' title='bbox 1198 1981 1358 2025; x_wconf 63' lang='lat' dir='ltr'>Baptistae,</span> <span class='ocrx_word' id='word_1_783' title='bbox 1372 1994 1424 2016; x_wconf 88' lang='lat' dir='ltr'>nec</span> <span class='ocrx_word' id='word_1_784' title='bbox 1438 1981 1642 2026; x_wconf 75' lang='lat' dir='ltr'>non&amp;sanc7i</span> <span class='ocrx_word' id='word_1_785' title='bbox 1656 1985 1782 2017; x_wconf 82' lang='lat' dir='ltr'>Andreae</span> <span class='ocrx_word' id='word_1_786' title='bbox 1795 1983 1917 2025; x_wconf 79' lang='lat' dir='ltr'>Apostoli</span> <span class='ocrx_word' id='word_1_787' title='bbox 1929 2008 1939 2023; x_wconf 89' lang='lat'>,</span> <span class='ocrx_word' id='word_1_788' title='bbox 1950 1990 2023 2026; x_wconf 83' lang='lat' dir='ltr'>quin</span> 
     </span>
     <span class='ocr_line' id='line_1_119' title="bbox 1137 2032 2062 2076; baseline -0.002 -10"><span class='ocrx_word' id='word_1_789' title='bbox 1137 2039 1228 2066; x_wconf 86' lang='lat' dir='ltr'>etiam</span> <span class='ocrx_word' id='word_1_790' title='bbox 1247 2034 1282 2066; x_wconf 67' lang='grc'>6*</span> <span class='ocrx_word' id='word_1_791' title='bbox 1301 2034 1395 2066; x_wconf 83' lang='lat' dir='ltr'>Beati</span> <span class='ocrx_word' id='word_1_792' title='bbox 1414 2032 1562 2074; x_wconf 81' lang='lat' dir='ltr'>Stephani</span> <span class='ocrx_word' id='word_1_793' title='bbox 1586 2036 1828 2072; x_wconf 75' lang='lat' dir='ltr'>Proto-Martyris</span> <span class='ocrx_word' id='word_1_794' title='bbox 1851 2058 1861 2074; x_wconf 90' lang='lat'><strong>,</strong></span> <span class='ocrx_word' id='word_1_795' title='bbox 1887 2032 1953 2076; x_wconf 78' lang='lat' dir='ltr'>ipfh-</span> <span class='ocrx_word' id='word_1_796' title='bbox 1974 2036 2023 2067; x_wconf 78' lang='lat' dir='ltr'>die</span> <span class='ocrx_word' id='word_1_797' title='bbox 2059 2060 2062 2064; x_wconf 96' lang='lat'>.</span> 
     </span>
     <span class='ocr_line' id='line_1_120' title="bbox 1129 2082 2023 2128; baseline 0.001 -13"><span class='ocrx_word' id='word_1_798' title='bbox 1129 2082 1259 2124; x_wconf 84' lang='lat' dir='ltr'>fortaffis</span> <span class='ocrx_word' id='word_1_799' title='bbox 1292 2088 1412 2115; x_wconf 79' lang='lat' dir='ltr'>evenire</span> <span class='ocrx_word' id='word_1_800' title='bbox 1432 2089 1596 2126; x_wconf 79' lang='lat' dir='ltr'>contigerit.</span> <span class='ocrx_word' id='word_1_801' title='bbox 1623 2083 1667 2116; x_wconf 87' lang='lat' dir='ltr'>Et</span> <span class='ocrx_word' id='word_1_802' title='bbox 1684 2083 1834 2128; x_wconf 65' lang='lat' dir='ltr'>adjungit</span> <span class='ocrx_word' id='word_1_803' title='bbox 1861 2096 1868 2115; x_wconf 77' lang='lat' dir='ltr'>t</span> <span class='ocrx_word' id='word_1_804' title='bbox 1897 2085 2023 2126; x_wconf 73' lang='lat' dir='ltr'>,Quarta</span> 
     </span>
     <span class='ocr_line' id='line_1_121' title="bbox 1138 2131 2023 2175; baseline 0.002 -10"><span class='ocrx_word' id='word_1_805' title='bbox 1138 2136 1230 2166; x_wconf 83' lang='lat' dir='ltr'>Feria</span> <span class='ocrx_word' id='word_1_806' title='bbox 1244 2157 1254 2173; x_wconf 91' lang='lat'>‚</span> <span class='ocrx_word' id='word_1_807' title='bbox 1279 2139 1424 2175; x_wconf 81' lang='lat' dir='ltr'>quamvis</span> <span class='ocrx_word' id='word_1_808' title='bbox 1436 2134 1453 2166; x_wconf 71' lang='grc' dir='ltr'><em>ἑ</em></span> <span class='ocrx_word' id='word_1_809' title='bbox 1462 2139 1578 2166; x_wconf 79' lang='lat' dir='ltr'>caeteris</span> <span class='ocrx_word' id='word_1_810' title='bbox 1589 2133 1694 2166; x_wconf 76' lang='lat' dir='ltr'>diebus</span> <span class='ocrx_word' id='word_1_811' title='bbox 1700 2141 1817 2175; x_wconf 81' lang='lat' dir='ltr'>praeter</span> <span class='ocrx_word' id='word_1_812' title='bbox 1829 2131 1953 2175; x_wconf 81' lang='lat' dir='ltr'>sextam</span> <span class='ocrx_word' id='word_1_813' title='bbox 1966 2138 2023 2167; x_wconf 86' lang='lat' dir='ltr'>Fe-</span> 
     </span>
     <span class='ocr_line' id='line_1_122' title="bbox 1136 2181 2022 2225; baseline 0.001 -10"><span class='ocrx_word' id='word_1_814' title='bbox 1136 2190 1213 2215; x_wconf 83' lang='lat' dir='ltr'>riam</span> <span class='ocrx_word' id='word_1_815' title='bbox 1233 2181 1275 2224; x_wconf 81' lang='lat' dir='ltr'>fit</span> <span class='ocrx_word' id='word_1_816' title='bbox 1297 2183 1430 2224; x_wconf 82' lang='lat' dir='ltr'>amplius</span> <span class='ocrx_word' id='word_1_817' title='bbox 1458 2182 1627 2216; x_wconf 78' lang='lat' dir='ltr'>moeroribus</span> <span class='ocrx_word' id='word_1_818' title='bbox 1659 2185 1841 2225; x_wconf 89' lang='lat' dir='ltr'>operandum</span> <span class='ocrx_word' id='word_1_819' title='bbox 1862 2208 1873 2223; x_wconf 93' lang='lat'>‚</span> <span class='ocrx_word' id='word_1_820' title='bbox 1907 2192 1966 2225; x_wconf 87' lang='lat' dir='ltr'>pro</span> <span class='ocrx_word' id='word_1_821' title='bbox 1990 2195 2022 2217; x_wconf 87' lang='lat' dir='ltr'>eo</span> 
     </span>
     <span class='ocr_line' id='line_1_123' title="bbox 1135 2231 2022 2278; baseline 0.001 -13"><span class='ocrx_word' id='word_1_822' title='bbox 1135 2235 1214 2275; x_wconf 84' lang='lat' dir='ltr'>quod</span> <span class='ocrx_word' id='word_1_823' title='bbox 1233 2236 1376 2265; x_wconf 87' lang='lat' dir='ltr'>Dominus</span> <span class='ocrx_word' id='word_1_824' title='bbox 1389 2231 1451 2275; x_wconf 77' lang='lat' dir='ltr'>ipso</span> <span class='ocrx_word' id='word_1_825' title='bbox 1461 2234 1509 2265; x_wconf 84' lang='lat' dir='ltr'>die</span> <span class='ocrx_word' id='word_1_826' title='bbox 1520 2239 1554 2265; x_wconf 84' lang='lat' dir='ltr'>in</span> <span class='ocrx_word' id='word_1_827' title='bbox 1564 2235 1649 2266; x_wconf 78' lang='lat' dir='ltr'>corde</span> <span class='ocrx_word' id='word_1_828' title='bbox 1659 2243 1748 2267; x_wconf 72' lang='lat' dir='ltr'>terre</span> <span class='ocrx_word' id='word_1_829' title='bbox 1759 2259 1770 2274; x_wconf 92' lang='lat'>,</span> <span class='ocrx_word' id='word_1_830' title='bbox 1795 2234 1831 2266; x_wconf 83' lang='lat' dir='ltr'>id</span> <span class='ocrx_word' id='word_1_831' title='bbox 1837 2233 1875 2274; x_wconf 81' lang='lat' dir='ltr'>est</span> <span class='ocrx_word' id='word_1_832' title='bbox 1885 2258 1896 2273; x_wconf 92' lang='lat'>,</span> <span class='ocrx_word' id='word_1_833' title='bbox 1915 2235 2022 2278; x_wconf 82' lang='lat' dir='ltr'>Judae</span> 
     </span>
     <span class='ocr_line' id='line_1_124' title="bbox 1135 2282 2023 2326; baseline 0.002 -11"><span class='ocrx_word' id='word_1_834' title='bbox 1135 2284 1314 2322; x_wconf 78' lang='lat' dir='ltr'>traditoris,</span> <span class='ocrx_word' id='word_1_835' title='bbox 1338 2284 1548 2324; x_wconf 78' lang='lat' dir='ltr'>quodammodo</span> <span class='ocrx_word' id='word_1_836' title='bbox 1561 2282 1696 2326; x_wconf 85' lang='lat' dir='ltr'>sepultus</span> <span class='ocrx_word' id='word_1_837' title='bbox 1721 2292 1789 2317; x_wconf 81' lang='lat' dir='ltr'>erat</span> <span class='ocrx_word' id='word_1_838' title='bbox 1807 2308 1817 2324; x_wconf 87' lang='lat'>‚</span> <span class='ocrx_word' id='word_1_839' title='bbox 1843 2285 1920 2316; x_wconf 67' lang='lat' dir='ltr'>attam</span> <span class='ocrx_word' id='word_1_840' title='bbox 1943 2283 2023 2317; x_wconf 76' lang='lat' dir='ltr'>hunc</span> 
     </span>
     <span class='ocr_line' id='line_1_125' title="bbox 1135 2331 2022 2376; baseline 0.001 -11"><span class='ocrx_word' id='word_1_841' title='bbox 1135 2332 1196 2376; x_wconf 70' lang='lat' dir='ltr'>ipse</span> <span class='ocrx_word' id='word_1_842' title='bbox 1219 2339 1306 2365; x_wconf 83' lang='lat' dir='ltr'>morti</span> <span class='ocrx_word' id='word_1_843' title='bbox 1319 2334 1440 2365; x_wconf 80' lang='lat' dir='ltr'>tradere</span> <span class='ocrx_word' id='word_1_844' title='bbox 1452 2333 1681 2374; x_wconf 77' lang='lat' dir='ltr'>meditabatur;</span> <span class='ocrx_word' id='word_1_845' title='bbox 1706 2336 1820 2366; x_wconf 85' lang='lat' dir='ltr'>Tamen</span> <span class='ocrx_word' id='word_1_846' title='bbox 1842 2331 1871 2374; x_wconf 82' lang='lat' dir='ltr'><em>fi</em></span> <span class='ocrx_word' id='word_1_847' title='bbox 1890 2332 2022 2373; x_wconf 76' lang='lat' dir='ltr'>vestrum</span> 
     </span>
     <span class='ocr_line' id='line_1_126' title="bbox 1135 2384 2007 2425; baseline 0.002 -10"><span class='ocrx_word' id='word_1_848' title='bbox 1135 2389 1202 2425; x_wconf 85' lang='lat' dir='ltr'>quis</span> <span class='ocrx_word' id='word_1_849' title='bbox 1213 2384 1312 2416; x_wconf 84' lang='lat' dir='ltr'>eodem</span> <span class='ocrx_word' id='word_1_850' title='bbox 1323 2384 1372 2415; x_wconf 87' lang='lat' dir='ltr'>die</span> <span class='ocrx_word' id='word_1_851' title='bbox 1384 2384 1451 2415; x_wconf 84' lang='lat' dir='ltr'>vult</span> <span class='ocrx_word' id='word_1_852' title='bbox 1458 2406 1468 2421; x_wconf 90' lang='lat'>,</span> <span class='ocrx_word' id='word_1_853' title='bbox 1486 2389 1599 2424; x_wconf 82' lang='lat' dir='ltr'>poterit</span> <span class='ocrx_word' id='word_1_854' title='bbox 1610 2386 1725 2416; x_wconf 71' lang='lat' dir='ltr'>omnino</span> <span class='ocrx_word' id='word_1_855' title='bbox 1735 2394 1839 2416; x_wconf 87' lang='lat' dir='ltr'>carnes</span> <span class='ocrx_word' id='word_1_856' title='bbox 1849 2385 2007 2424; x_wconf 72' lang='lat' dir='ltr'>comedere,</span> 
     </span>
     <span class='ocr_line' id='line_1_127' title="bbox 1134 2430 2019 2476; baseline 0.001 -11"><span class='ocrx_word' id='word_1_857' title='bbox 1134 2432 1191 2474; x_wconf 82' lang='lat' dir='ltr'>nist</span> <span class='ocrx_word' id='word_1_858' title='bbox 1200 2432 1287 2474; x_wconf 63' lang='lat' dir='ltr'>forte*</span> <span class='ocrx_word' id='word_1_859' title='bbox 1295 2430 1351 2473; x_wconf 79' lang='lat' dir='ltr'>fibi</span> <span class='ocrx_word' id='word_1_860' title='bbox 1371 2442 1426 2465; x_wconf 86' lang='lat' dir='ltr'>aut</span> <span class='ocrx_word' id='word_1_861' title='bbox 1445 2434 1465 2463; x_wconf 77' lang='grc' dir='ltr'><em>ἃ</em></span> <span class='ocrx_word' id='word_1_862' title='bbox 1485 2433 1639 2466; x_wconf 78' lang='lat' dir='ltr'>sacerdote</span> <span class='ocrx_word' id='word_1_863' title='bbox 1651 2433 1718 2476; x_wconf 84' lang='lat' dir='ltr'>effet</span> <span class='ocrx_word' id='word_1_864' title='bbox 1726 2433 1940 2475; x_wconf 58' lang='lat' dir='ltr'>inter-dmum</span> <span class='ocrx_word' id='word_1_865' title='bbox 1962 2442 2019 2466; x_wconf 79' lang='lat' dir='ltr'>aut</span> 
     </span>
     <span class='ocr_line' id='line_1_128' title="bbox 1134 2482 2020 2527; baseline 0 -13"><span class='ocrx_word' id='word_1_866' title='bbox 1134 2482 1231 2526; x_wconf 85' lang='lat' dir='ltr'>ipsam</span> <span class='ocrx_word' id='word_1_867' title='bbox 1251 2486 1376 2514; x_wconf 84' lang='lat' dir='ltr'>Feriam</span> <span class='ocrx_word' id='word_1_868' title='bbox 1396 2488 1476 2515; x_wconf 84' lang='lat' dir='ltr'>inter</span> <span class='ocrx_word' id='word_1_869' title='bbox 1501 2484 1701 2527; x_wconf 71' lang='lat' dir='ltr'>jejuniorum</span> <span class='ocrx_word' id='word_1_870' title='bbox 1723 2484 1788 2516; x_wconf 85' lang='lat' dir='ltr'>dies</span> <span class='ocrx_word' id='word_1_871' title='bbox 1807 2488 1927 2516; x_wconf 81' lang='lat' dir='ltr'>evenire</span> <span class='ocrx_word' id='word_1_872' title='bbox 1953 2494 2020 2516; x_wconf 88' lang='lat' dir='ltr'>con-.</span> 
     </span>
     <span class='ocr_line' id='line_1_129' title="bbox 1135 2529 2019 2576; baseline 0.001 -12"><span class='ocrx_word' id='word_1_873' title='bbox 1135 2538 1257 2576; x_wconf 76' lang='lat' dir='ltr'>tigerit,</span> <span class='ocrx_word' id='word_1_874' title='bbox 1282 2540 1337 2564; x_wconf 82' lang='lat' dir='ltr'>aut</span> <span class='ocrx_word' id='word_1_875' title='bbox 1356 2533 1435 2565; x_wconf 61' lang='lat' dir='ltr'>cert?</span> <span class='ocrx_word' id='word_1_876' title='bbox 1454 2529 1521 2574; x_wconf 87' lang='lat' dir='ltr'>ipse·</span> <span class='ocrx_word' id='word_1_877' title='bbox 1538 2541 1607 2566; x_wconf 80' lang='lat' dir='ltr'>voto</span> <span class='ocrx_word' id='word_1_878' title='bbox 1621 2530 1661 2575; x_wconf 80' lang='lat' dir='ltr'>se</span> <span class='ocrx_word' id='word_1_879' title='bbox 1674 2530 1736 2575; x_wconf 72' lang='lat' dir='ltr'>ipso</span> <span class='ocrx_word' id='word_1_880' title='bbox 1756 2533 1805 2565; x_wconf 79' lang='lat' dir='ltr'>die</span> <span class='ocrx_word' id='word_1_881' title='bbox 1826 2543 1932 2566; x_wconf 80' lang='lat' dir='ltr'>carnes</span> <span class='ocrx_word' id='word_1_882' title='bbox 1960 2545 2019 2566; x_wconf 87' lang='lat' dir='ltr'>non</span> 
     </span>
     <span class='ocr_line' id='line_1_130' title="bbox 1134 2581 2018 2627; baseline 0.001 -12"><span class='ocrx_word' id='word_1_883' title='bbox 1134 2582 1318 2622; x_wconf 82' lang='lat' dir='ltr'>comesturum</span> <span class='ocrx_word' id='word_1_884' title='bbox 1328 2581 1539 2622; x_wconf 79' lang='lat' dir='ltr'>constrinxerit.</span> <span class='ocrx_word' id='word_1_885' title='bbox 1567 2581 1638 2616; x_wconf 81' lang='lat' dir='ltr'>Isto</span> <span class='ocrx_word' id='word_1_886' title='bbox 1655 2582 1758 2627; x_wconf 85' lang='lat' dir='ltr'>igitur</span> <span class='ocrx_word' id='word_1_887' title='bbox 1778 2593 1925 2626; x_wconf 87' lang='lat' dir='ltr'>tem-pore</span> <span class='ocrx_word' id='word_1_888' title='bbox 1952 2582 2018 2616; x_wconf 86' lang='lat' dir='ltr'>Ro·</span> 
     </span>
     <span class='ocr_line' id='line_1_131' title="bbox 1134 2630 2017 2666; baseline 0 0"><span class='ocrx_word' id='word_1_889' title='bbox 1134 2644 1230 2666; x_wconf 87' lang='lat' dir='ltr'>mana</span> <span class='ocrx_word' id='word_1_890' title='bbox 1248 2632 1348 2666; x_wconf 88' lang='lat' dir='ltr'>etiam</span> <span class='ocrx_word' id='word_1_891' title='bbox 1370 2631 1515 2666; x_wconf 81' lang='lat' dir='ltr'>Ecclesia</span> <span class='ocrx_word' id='word_1_892' title='bbox 1530 2630 1675 2666; x_wconf 84' lang='lat' dir='ltr'>servabat</span> <span class='ocrx_word' id='word_1_893' title='bbox 1698 2632 1798 2666; x_wconf 71' lang='lat' dir='ltr'>solitis</span> <span class='ocrx_word' id='word_1_894' title='bbox 1810 2634 1905 2666; x_wconf 83' lang='lat' dir='ltr'>sextae</span> <span class='ocrx_word' id='word_1_895' title='bbox 1915 2633 2017 2666; x_wconf 79' lang='lat' dir='ltr'>Feriae</span> 
     </span>
     <span class='ocr_line' id='line_1_132' title="bbox 1135 2682 2017 2729; baseline -0.001 -12"><span class='ocrx_word' id='word_1_896' title='bbox 1135 2682 1299 2725; x_wconf 85' lang='lat' dir='ltr'>Jejunium</span> <span class='ocrx_word' id='word_1_897' title='bbox 1321 2692 1331 2723; x_wconf 91' lang='lat'>;</span> <span class='ocrx_word' id='word_1_898' title='bbox 1369 2682 1498 2729; x_wconf 84' lang='lat' dir='ltr'>Qarta</span> <span class='ocrx_word' id='word_1_899' title='bbox 1525 2692 1636 2715; x_wconf 84' lang='lat' dir='ltr'>autem</span> <span class='ocrx_word' id='word_1_900' title='bbox 1657 2682 1758 2715; x_wconf 81' lang='lat' dir='ltr'>etiam</span> <span class='ocrx_word' id='word_1_901' title='bbox 1784 2682 2017 2716; x_wconf 86' lang='lat' dir='ltr'>abstinentiam</span> 
     </span>
     <span class='ocr_line' id='line_1_133' title="bbox 1135 2731 2016 2776; baseline -0.001 -10"><span class='ocrx_word' id='word_1_902' title='bbox 1135 2731 1312 2776; x_wconf 85' lang='lat' dir='ltr'>perdiderat</span> <span class='ocrx_word' id='word_1_903' title='bbox 1325 2755 1335 2771; x_wconf 90' lang='lat'>‚</span> <span class='ocrx_word' id='word_1_904' title='bbox 1360 2732 1394 2765; x_wconf 88' lang='lat'>&amp;</span> <span class='ocrx_word' id='word_1_905' title='bbox 1418 2732 1553 2775; x_wconf 86' lang='lat' dir='ltr'>quisque</span> <span class='ocrx_word' id='word_1_906' title='bbox 1574 2732 1608 2764; x_wconf 92' lang='lat' dir='ltr'>in</span> <span class='ocrx_word' id='word_1_907' title='bbox 1627 2732 1694 2774; x_wconf 86' lang='lat' dir='ltr'>ipsa</span> <span class='ocrx_word' id='word_1_908' title='bbox 1704 2741 1830 2774; x_wconf 83' lang='lat' dir='ltr'>poterat</span> <span class='ocrx_word' id='word_1_909' title='bbox 1842 2731 1939 2765; x_wconf 88' lang='lat' dir='ltr'>etiam</span> <span class='ocrx_word' id='word_1_910' title='bbox 1950 2742 2016 2765; x_wconf 92' lang='lat' dir='ltr'>car-</span> 
     </span>
     <span class='ocr_line' id='line_1_134' title="bbox 1134 2780 2016 2824; baseline 0 -9"><span class='ocrx_word' id='word_1_911' title='bbox 1134 2793 1189 2816; x_wconf 86' lang='lat' dir='ltr'>nes</span> <span class='ocrx_word' id='word_1_912' title='bbox 1201 2781 1405 2815; x_wconf 86' lang='lat' dir='ltr'>manducare.</span> <span class='ocrx_word' id='word_1_913' title='bbox 1433 2780 1658 2814; x_wconf 81' lang='lat' dir='ltr'>Haeclibertas</span> <span class='ocrx_word' id='word_1_914' title='bbox 1671 2806 1680 2820; x_wconf 93' lang='lat'>‚</span> <span class='ocrx_word' id='word_1_915' title='bbox 1709 2781 1906 2824; x_wconf 86' lang='lat' dir='ltr'>pedetentim</span> <span class='ocrx_word' id='word_1_916' title='bbox 1921 2781 2016 2815; x_wconf 83' lang='lat' dir='ltr'>incae-</span> 
     </span>
     <span class='ocr_line' id='line_1_135' title="bbox 1133 2830 2015 2876; baseline 0 -11"><span class='ocrx_word' id='word_1_917' title='bbox 1133 2834 1180 2876; x_wconf 89' lang='lat' dir='ltr'>pit</span> <span class='ocrx_word' id='word_1_918' title='bbox 1193 2856 1202 2872; x_wconf 87' lang='lat'>‚</span> <span class='ocrx_word' id='word_1_919' title='bbox 1216 2832 1379 2876; x_wconf 88' lang='lat' dir='ltr'>&amp;ignoro</span> <span class='ocrx_word' id='word_1_920' title='bbox 1389 2831 1458 2873; x_wconf 83' lang='lat' dir='ltr'>ejus</span> <span class='ocrx_word' id='word_1_921' title='bbox 1470 2830 1611 2874; x_wconf 86' lang='lat' dir='ltr'>primum</span> <span class='ocrx_word' id='word_1_922' title='bbox 1631 2830 1812 2864; x_wconf 61' lang='lat' dir='ltr'>Auciorem.</span> <span class='ocrx_word' id='word_1_923' title='bbox 1842 2831 1931 2864; x_wconf 87' lang='lat' dir='ltr'>Nam</span> <span class='ocrx_word' id='word_1_924' title='bbox 1944 2842 2015 2865; x_wconf 80' lang='lat' dir='ltr'>non</span> 
     </span>
     <span class='ocr_line' id='line_1_136' title="bbox 1133 2881 2016 2924; baseline -0.002 -8"><span class='ocrx_word' id='word_1_925' title='bbox 1133 2882 1244 2916; x_wconf 89' lang='lat' dir='ltr'>multis</span> <span class='ocrx_word' id='word_1_926' title='bbox 1269 2881 1339 2924; x_wconf 87' lang='lat' dir='ltr'>post</span> <span class='ocrx_word' id='word_1_927' title='bbox 1364 2882 1509 2914; x_wconf 65' lang='lat' dir='ltr'>sanstum</span> <span class='ocrx_word' id='word_1_928' title='bbox 1533 2881 1655 2924; x_wconf 86' lang='lat' dir='ltr'>Papam</span> <span class='ocrx_word' id='word_1_929' title='bbox 1668 2881 1948 2914; x_wconf 72' lang='lat' dir='ltr'>NIcolaumannis</span> <span class='ocrx_word' id='word_1_930' title='bbox 1959 2891 2016 2914; x_wconf 82' lang='lat' dir='ltr'>ex-</span> 
     </span>
     <span class='ocr_line' id='line_1_137' title="bbox 1132 2930 2010 2976; baseline -0.001 -11"><span class='ocrx_word' id='word_1_931' title='bbox 1132 2931 1254 2976; x_wconf 88' lang='lat' dir='ltr'>stingui</span> <span class='ocrx_word' id='word_1_932' title='bbox 1273 2931 1372 2973; x_wconf 86' lang='lat' dir='ltr'>coepit</span> <span class='ocrx_word' id='word_1_933' title='bbox 1384 2931 1505 2975; x_wconf 87' lang='lat' dir='ltr'>Magni</span> <span class='ocrx_word' id='word_1_934' title='bbox 1518 2930 1630 2964; x_wconf 86' lang='lat' dir='ltr'>Caroli</span> <span class='ocrx_word' id='word_1_935' title='bbox 1643 2941 1767 2974; x_wconf 74' lang='lat' dir='ltr'>genuS,</span> <span class='ocrx_word' id='word_1_936' title='bbox 1790 2930 1823 2963; x_wconf 88' lang='lat'>&amp;</span> <span class='ocrx_word' id='word_1_937' title='bbox 1834 2941 1914 2964; x_wconf 85' lang='lat' dir='ltr'>tunc</span> <span class='ocrx_word' id='word_1_938' title='bbox 1926 2931 2010 2964; x_wconf 87' lang='lat' dir='ltr'>mul-</span> 
     </span>
     <span class='ocr_line' id='line_1_138' title="bbox 1132 2979 2013 3016; baseline -0.002 0"><span class='ocrx_word' id='word_1_939' title='bbox 1132 2992 1203 3016; x_wconf 89' lang='lat' dir='ltr'>tum</span> <span class='ocrx_word' id='word_1_940' title='bbox 1226 2980 1454 3014; x_wconf 79' lang='lat' dir='ltr'>Ecclefiasticae</span> <span class='ocrx_word' id='word_1_941' title='bbox 1466 2980 1694 3014; x_wconf 67' lang='lat' dir='ltr'>Sanetimoniae</span> <span class='ocrx_word' id='word_1_942' title='bbox 1704 2990 1816 3013; x_wconf 88' lang='lat' dir='ltr'>aurum</span> <span class='ocrx_word' id='word_1_943' title='bbox 1828 2979 1874 3013; x_wconf 85' lang='lat' dir='ltr'>est</span> <span class='ocrx_word' id='word_1_944' title='bbox 1886 2981 2013 3015; x_wconf 88' lang='lat' dir='ltr'>versum</span> 
     </span>
     <span class='ocr_line' id='line_1_139' title="bbox 1132 3028 2011 3075; baseline 0 -10"><span class='ocrx_word' id='word_1_945' title='bbox 1132 3031 1217 3075; x_wconf 87' lang='lat' dir='ltr'>apud</span> <span class='ocrx_word' id='word_1_946' title='bbox 1230 3042 1290 3063; x_wconf 87' lang='lat' dir='ltr'>nos</span> <span class='ocrx_word' id='word_1_947' title='bbox 1302 3030 1439 3064; x_wconf 85' lang='lat' dir='ltr'>Latinos</span> <span class='ocrx_word' id='word_1_948' title='bbox 1452 3031 1487 3063; x_wconf 87' lang='lat' dir='ltr'>in</span> <span class='ocrx_word' id='word_1_949' title='bbox 1500 3030 1639 3063; x_wconf 87' lang='lat' dir='ltr'>scoriam</span> <span class='ocrx_word' id='word_1_950' title='bbox 1653 3053 1664 3068; x_wconf 90' lang='lat'>‚</span> <span class='ocrx_word' id='word_1_951' title='bbox 1691 3028 1834 3063; x_wconf 81' lang='lat' dir='ltr'>multum</span> <span class='ocrx_word' id='word_1_952' title='bbox 1846 3029 1917 3063; x_wconf 85' lang='lat' dir='ltr'>vini</span> <span class='ocrx_word' id='word_1_953' title='bbox 1926 3040 2011 3065; x_wconf 80' lang='lat' dir='ltr'>tran-</span> 
     </span>
     <span class='ocr_line' id='line_1_140' title="bbox 1131 3081 1394 3123; baseline -0.011 -8"><span class='ocrx_word' id='word_1_954' title='bbox 1131 3082 1200 3115; x_wconf 81' lang='lat' dir='ltr'>sivit</span> <span class='ocrx_word' id='word_1_955' title='bbox 1211 3081 1245 3114; x_wconf 88' lang='lat' dir='ltr'>in</span> <span class='ocrx_word' id='word_1_956' title='bbox 1256 3091 1374 3123; x_wconf 88' lang='lat' dir='ltr'>aquam</span> <span class='ocrx_word' id='word_1_957' title='bbox 1388 3106 1394 3112; x_wconf 94' lang='lat'>.</span> 
     </span>
    </p>

    <p class='ocr_par' dir='ltr' id='par_1_23' title="bbox 1130 3127 2009 3222">
     <span class='ocr_line' id='line_1_141' title="bbox 1180 3127 2009 3170; baseline 0.001 -6"><span class='ocrx_word' id='word_1_958' title='bbox 1180 3131 1273 3164; x_wconf 89' lang='lat' dir='ltr'>Hinc</span> <span class='ocrx_word' id='word_1_959' title='bbox 1293 3130 1327 3164; x_wconf 88' lang='lat'>&amp;</span> <span class='ocrx_word' id='word_1_960' title='bbox 1349 3131 1443 3163; x_wconf 82' lang='lat' dir='ltr'>sextae</span> <span class='ocrx_word' id='word_1_961' title='bbox 1462 3128 1561 3162; x_wconf 82' lang='lat' dir='ltr'>Feriae</span> <span class='ocrx_word' id='word_1_962' title='bbox 1572 3127 1871 3170; x_wconf 81' lang='lat' dir='ltr'>Jejuniumdefecit.</span> <span class='ocrx_word' id='word_1_963' title='bbox 1902 3129 2009 3165; x_wconf 84' lang='lat' dir='ltr'>Unde</span> 
     </span>
     <span class='ocr_line' id='line_1_142' title="bbox 1130 3178 2009 3222; baseline 0.001 -8"><span class='ocrx_word' id='word_1_964' title='bbox 1130 3180 1238 3214; x_wconf 89' lang='lat' dir='ltr'>scribit</span> <span class='ocrx_word' id='word_1_965' title='bbox 1253 3180 1285 3212; x_wconf 88' lang='lat' dir='ltr'>in</span> <span class='ocrx_word' id='word_1_966' title='bbox 1300 3178 1395 3214; x_wconf 63' lang='lat' dir='ltr'>saneti</span> <span class='ocrx_word' id='word_1_967' title='bbox 1407 3178 1494 3211; x_wconf 89' lang='lat' dir='ltr'>Petri</span> <span class='ocrx_word' id='word_1_968' title='bbox 1508 3178 1665 3211; x_wconf 85' lang='lat' dir='ltr'>Damiani</span> <span class='ocrx_word' id='word_1_969' title='bbox 1677 3179 1742 3213; x_wconf 89' lang='lat' dir='ltr'>vita</span> <span class='ocrx_word' id='word_1_970' title='bbox 1769 3179 1910 3222; x_wconf 83' lang='lat' dir='ltr'>Joannes</span> <span class='ocrx_word' id='word_1_971' title='bbox 1930 3181 2009 3215; x_wconf 91' lang='lat' dir='ltr'>Mo-</span> 
     </span>
    </p>
   </div>
   <div class='ocr_carea' id='block_1_20' title="bbox 1130 3227 2143 3272">
    <p class='ocr_par' dir='ltr' id='par_1_24' title="bbox 1130 3227 2143 3272">
     <span class='ocr_line' id='line_1_143' title="bbox 1130 3227 2143 3272; baseline 0.002 -8"><span class='ocrx_word' id='word_1_972' title='bbox 1130 3229 1251 3264; x_wconf 88' lang='lat' dir='ltr'>nachus</span> <span class='ocrx_word' id='word_1_973' title='bbox 1265 3243 1274 3261; x_wconf 90' lang='lat'><em>:</em></span> <span class='ocrx_word' id='word_1_974' title='bbox 1300 3231 1430 3269; x_wconf 78' lang='lat' dir='ltr'>spiritus</span> <span class='ocrx_word' id='word_1_975' title='bbox 1452 3227 1578 3260; x_wconf 68' lang='lat' dir='ltr'>sancius</span> <span class='ocrx_word' id='word_1_976' title='bbox 1601 3229 1699 3262; x_wconf 62' lang='lat' dir='ltr'>saneti</span> <span class='ocrx_word' id='word_1_977' title='bbox 1713 3229 1801 3262; x_wconf 88' lang='lat' dir='ltr'>Petri</span> <span class='ocrx_word' id='word_1_978' title='bbox 1814 3231 1940 3272; x_wconf 84' lang='lat' dir='ltr'>eloquia,</span> <span class='ocrx_word' id='word_1_979' title='bbox 1958 3242 2010 3264; x_wconf 75' lang='lat' dir='ltr'>‘ve-</span> <span class='ocrx_word' id='word_1_980' title='bbox 2024 3234 2085 3266; x_wconf 74' lang='lat'>1³01.</span> <span class='ocrx_word' id='word_1_981' title='bbox 2097 3238 2143 3266; x_wconf 63' lang='lat'>12:</span> 
     </span>
    </p>
   </div>
   <div class='ocr_carea' id='block_1_21' title="bbox 1126 3276 2009 3562">
    <p class='ocr_par' dir='ltr' id='par_1_25' title="bbox 1126 3276 2009 3522">
     <span class='ocr_line' id='line_1_144' title="bbox 1127 3276 2009 3324; baseline 0 -11"><span class='ocrx_word' id='word_1_982' title='bbox 1127 3283 1172 3313; x_wconf 86' lang='lat' dir='ltr'>lut</span> <span class='ocrx_word' id='word_1_983' title='bbox 1193 3282 1210 3313; x_wconf 75' lang='grc' dir='ltr'><em>ἑ</em></span> <span class='ocrx_word' id='word_1_984' title='bbox 1226 3279 1384 3322; x_wconf 83' lang='lat' dir='ltr'>largiffima</span> <span class='ocrx_word' id='word_1_985' title='bbox 1408 3276 1507 3319; x_wconf 83' lang='lat' dir='ltr'>fontis</span> <span class='ocrx_word' id='word_1_986' title='bbox 1525 3288 1606 3310; x_wconf 81' lang='lat' dir='ltr'>vena</span> <span class='ocrx_word' id='word_1_987' title='bbox 1624 3280 1829 3311; x_wconf 82' lang='lat' dir='ltr'>redundantia</span> <span class='ocrx_word' id='word_1_988' title='bbox 1854 3304 1865 3320; x_wconf 87' lang='lat'>,</span> <span class='ocrx_word' id='word_1_989' title='bbox 1883 3279 2009 3324; x_wconf 73' lang='lat' dir='ltr'>singulo—</span> 
     </span>
     <span class='ocr_line' id='line_1_145' title="bbox 1127 3329 2007 3372; baseline 0.001 -9"><span class='ocrx_word' id='word_1_990' title='bbox 1127 3342 1194 3363; x_wconf 88' lang='lat' dir='ltr'>rum</span> <span class='ocrx_word' id='word_1_991' title='bbox 1213 3332 1374 3370; x_wconf 83' lang='lat' dir='ltr'>capacitati</span> <span class='ocrx_word' id='word_1_992' title='bbox 1396 3338 1522 3371; x_wconf 85' lang='lat' dir='ltr'>congrua</span> <span class='ocrx_word' id='word_1_993' title='bbox 1534 3329 1718 3369; x_wconf 87' lang='lat' dir='ltr'>propinabat</span> <span class='ocrx_word' id='word_1_994' title='bbox 1739 3342 1746 3361; x_wconf 77' lang='lat' dir='ltr'>z</span> <span class='ocrx_word' id='word_1_995' title='bbox 1776 3332 1853 3362; x_wconf 87' lang='lat' dir='ltr'>Hinc</span> <span class='ocrx_word' id='word_1_996' title='bbox 1878 3341 2007 3372; x_wconf 82' lang='lat' dir='ltr'>namque</span> 
     </span>
     <span class='ocr_line' id='line_1_146' title="bbox 1126 3377 2008 3421; baseline 0 -9"><span class='ocrx_word' id='word_1_997' title='bbox 1126 3379 1164 3418; x_wconf 87' lang='lat' dir='ltr'>est</span> <span class='ocrx_word' id='word_1_998' title='bbox 1176 3404 1186 3419; x_wconf 92' lang='lat'>‚</span> <span class='ocrx_word' id='word_1_999' title='bbox 1212 3379 1290 3421; x_wconf 88' lang='lat' dir='ltr'>quod</span> <span class='ocrx_word' id='word_1_1000' title='bbox 1307 3379 1373 3410; x_wconf 86' lang='lat' dir='ltr'>dies</span> <span class='ocrx_word' id='word_1_1001' title='bbox 1391 3382 1498 3410; x_wconf 80' lang='lat' dir='ltr'>Crucis</span> <span class='ocrx_word' id='word_1_1002' title='bbox 1520 3377 1558 3409; x_wconf 82' lang='lat' dir='ltr'>ab</span> <span class='ocrx_word' id='word_1_1003' title='bbox 1584 3384 1751 3412; x_wconf 82' lang='lat' dir='ltr'>innumeris</span> <span class='ocrx_word' id='word_1_1004' title='bbox 1769 3379 1925 3412; x_wconf 86' lang='lat' dir='ltr'>Fidelibus</span> <span class='ocrx_word' id='word_1_1005' title='bbox 1950 3379 2008 3413; x_wconf 83' lang='lat' dir='ltr'>hac</span> 
     </span>
     <span class='ocr_line' id='line_1_147' title="bbox 1128 3427 2008 3468; baseline -0.002 -6"><span class='ocrx_word' id='word_1_1006' title='bbox 1128 3438 1190 3462; x_wconf 85' lang='lat' dir='ltr'>tota</span> <span class='ocrx_word' id='word_1_1007' title='bbox 1213 3431 1374 3461; x_wconf 81' lang='lat' dir='ltr'>Provincia</span> <span class='ocrx_word' id='word_1_1008' title='bbox 1390 3427 1425 3460; x_wconf 90' lang='lat' dir='ltr'>ob</span> <span class='ocrx_word' id='word_1_1009' title='bbox 1443 3433 1645 3461; x_wconf 81' lang='lat' dir='ltr'>reverentiam</span> <span class='ocrx_word' id='word_1_1010' title='bbox 1672 3432 1834 3461; x_wconf 83' lang='lat' dir='ltr'>Dominicae</span> <span class='ocrx_word' id='word_1_1011' title='bbox 1867 3429 2008 3468; x_wconf 82' lang='lat' dir='ltr'>Paffiom‘s</span> 
     </span>
     <span class='ocr_line' id='line_1_148' title="bbox 1127 3476 2006 3522; baseline -0.003 -10"><span class='ocrx_word' id='word_1_1012' title='bbox 1127 3486 1159 3513; x_wconf 83' lang='lat' dir='ltr'>in</span> <span class='ocrx_word' id='word_1_1013' title='bbox 1176 3476 1365 3519; x_wconf 66' lang='lat' dir='ltr'>,abstinentia</span> <span class='ocrx_word' id='word_1_1014' title='bbox 1397 3477 1568 3513; x_wconf 83' lang='lat' dir='ltr'>celebratur.</span> <span class='ocrx_word' id='word_1_1015' title='bbox 1605 3480 1710 3522; x_wconf 73' lang='lat' dir='ltr'>,Quam</span> <span class='ocrx_word' id='word_1_1016' title='bbox 1740 3479 1880 3513; x_wconf 82' lang='lat' dir='ltr'>videlicet</span> <span class='ocrx_word' id='word_1_1017' title='bbox 1902 3476 2006 3519; x_wconf 70' lang='lat' dir='ltr'>obser-</span> 
     </span>
    </p>

    <p class='ocr_par' dir='ltr' id='par_1_26' title="bbox 1584 3527 2007 3562">
     <span class='ocr_line' id='line_1_149' title="bbox 1584 3527 2007 3562; baseline -0.007 0"><span class='ocrx_word' id='word_1_1018' title='bbox 1584 3527 1617 3562; x_wconf 90' lang='lat' dir='ltr'>R</span> <span class='ocrx_word' id='word_1_1019' title='bbox 1866 3533 2007 3561; x_wconf 69' lang='lat' dir='ltr'>vantium</span> 
     </span>
    </p>
   </div>
  </div>
 </body>
</html>
