<?xml version="1.0" encoding="UTF-8"?>
<!DOCTYPE html PUBLIC "-//W3C//DTD XHTML 1.0 Transitional//EN"
    "http://www.w3.org/TR/xhtml1/DTD/xhtml1-transitional.dtd">
<html xmlns="http://www.w3.org/1999/xhtml" xml:lang="en" lang="en">
 <head>
  <title>
</title>
<meta http-equiv="Content-Type" content="text/html;charset=utf-8" />
  <meta name='ocr-system' content='tesseract 3.04.00' />
  <meta name='ocr-capabilities' content='ocr_page ocr_carea ocr_par ocr_line ocrx_word'/>
</head>
<body>
  <div class='ocr_page' id='page_1' title='image "./operaomniastudio01lupuuoft_0197.png"; bbox 0 0 2346 3776; ppageno 0'>
   <div class='ocr_carea' id='block_1_1' title="bbox 642 110 1090 163">
    <p class='ocr_par' dir='ltr' id='par_1_1' title="bbox 642 110 1090 163">
     <span class='ocr_line' id='line_1_1' title="bbox 642 110 1090 163; baseline 0.007 -3"><span class='ocrx_word' id='word_1_1' title='bbox 642 110 1090 163; x_wconf 73' lang='lat' dir='ltr'><em>DrsseuTA-mo</em></span> 
     </span>
    </p>
   </div>
   <div class='ocr_carea' id='block_1_2' title="bbox 200 190 1081 241">
    <p class='ocr_par' dir='ltr' id='par_1_2' title="bbox 200 190 1081 241">
     <span class='ocr_line' id='line_1_2' title="bbox 200 190 1081 241; baseline -0.012 -10"><span class='ocrx_word' id='word_1_2' title='bbox 200 198 294 241; x_wconf 82' lang='lat' dir='ltr'><em>putus</em></span> <span class='ocrx_word' id='word_1_3' title='bbox 314 197 421 241; x_wconf 77' lang='lat' dir='ltr'><em>ubique</em></span> <span class='ocrx_word' id='word_1_4' title='bbox 439 195 596 229; x_wconf 72' lang='lat' dir='ltr'><em>admodum</em></span> <span class='ocrx_word' id='word_1_5' title='bbox 618 190 776 236; x_wconf 65' lang='lat' dir='ltr'><em>dffnfiffet</em></span> <span class='ocrx_word' id='word_1_6' title='bbox 788 215 800 230; x_wconf 89' lang='lat'><em>‚</em></span> <span class='ocrx_word' id='word_1_7' title='bbox 824 193 1007 233; x_wconf 79' lang='lat' dir='ltr'><em>Divinaeque</em></span> <span class='ocrx_word' id='word_1_8' title='bbox 1026 196 1081 227; x_wconf 71' lang='lat' dir='ltr'><em>Le.</em></span> 
     </span>
    </p>
   </div>
   <div class='ocr_carea' id='block_1_3' title="bbox 196 241 1087 339">
    <p class='ocr_par' dir='ltr' id='par_1_3' title="bbox 196 241 1087 339">
     <span class='ocr_line' id='line_1_3' title="bbox 196 241 1087 293; baseline -0.007 -11"><span class='ocrx_word' id='word_1_9' title='bbox 196 260 254 293; x_wconf 86' lang='lat' dir='ltr'><em>ges</em></span> <span class='ocrx_word' id='word_1_10' title='bbox 277 249 312 282; x_wconf 65' lang='lat' dir='ltr'><em>(st</em></span> <span class='ocrx_word' id='word_1_11' title='bbox 331 247 469 289; x_wconf 84' lang='lat' dir='ltr'><em>Instituta</em></span> <span class='ocrx_word' id='word_1_12' title='bbox 487 242 646 285; x_wconf 77' lang='lat' dir='ltr'><em>confusione</em></span> <span class='ocrx_word' id='word_1_13' title='bbox 662 243 798 286; x_wconf 86' lang='lat' dir='ltr'><em>quadam</em></span> <span class='ocrx_word' id='word_1_14' title='bbox 807 241 895 283; x_wconf 82' lang='lat' dir='ltr'><em>essent</em></span> <span class='ocrx_word' id='word_1_15' title='bbox 901 248 1058 283; x_wconf 80' lang='lat' dir='ltr'><em>permixta</em></span> <span class='ocrx_word' id='word_1_16' title='bbox 1066 263 1087 284; x_wconf 83' lang='lat'><em>,·</em></span> 
     </span>
     <span class='ocr_line' id='line_1_4' title="bbox 201 289 1077 339; baseline -0.008 -7"><span class='ocrx_word' id='word_1_17' title='bbox 201 303 248 331; x_wconf 84' lang='lat' dir='ltr'><em>ita</em></span> <span class='ocrx_word' id='word_1_18' title='bbox 260 307 295 332; x_wconf 90' lang='lat' dir='ltr'><em>ut</em></span> <span class='ocrx_word' id='word_1_19' title='bbox 305 302 443 339; x_wconf 85' lang='lat' dir='ltr'><em>temporis</em></span> <span class='ocrx_word' id='word_1_20' title='bbox 454 301 487 327; x_wconf 87' lang='lat' dir='ltr'><em>in</em></span> <span class='ocrx_word' id='word_1_21' title='bbox 498 306 555 328; x_wconf 89' lang='lat' dir='ltr'><em>uno</em></span> <span class='ocrx_word' id='word_1_22' title='bbox 563 294 719 335; x_wconf 88' lang='lat' dir='ltr'><em>eodemque</em></span> <span class='ocrx_word' id='word_1_23' title='bbox 732 290 816 332; x_wconf 66' lang='lat' dir='ltr'><em>Festo</em></span> <span class='ocrx_word' id='word_1_24' title='bbox 825 289 1008 334; x_wconf 82' lang='lat' dir='ltr'><em>observando</em></span> <span class='ocrx_word' id='word_1_25' title='bbox 1018 297 1077 327; x_wconf 87' lang='lat' dir='ltr'><em>Va—</em></span> 
     </span>
    </p>
   </div>
   <div class='ocr_carea' id='block_1_4' title="bbox 2 340 1076 3531">
    <p class='ocr_par' dir='ltr' id='par_1_4' title="bbox 2 340 1076 3531">
     <span class='ocr_line' id='line_1_5' title="bbox 199 340 1076 389; baseline -0.007 -8"><span class='ocrx_word' id='word_1_26' title='bbox 199 354 296 382; x_wconf 81' lang='lat' dir='ltr'><em>rietas</em></span> <span class='ocrx_word' id='word_1_27' title='bbox 307 349 341 382; x_wconf 64' lang='grc' dir='ltr'><em>ὁ·</em></span> <span class='ocrx_word' id='word_1_28' title='bbox 354 344 562 389; x_wconf 74' lang='lat' dir='ltr'><em>Discrepantia</em></span> <span class='ocrx_word' id='word_1_29' title='bbox 572 349 739 377; x_wconf 84' lang='lat' dir='ltr'><em>maximam</em></span> <span class='ocrx_word' id='word_1_30' title='bbox 749 340 926 385; x_wconf 65' lang='lat' dir='ltr'><em>disbordiam</em></span> <span class='ocrx_word' id='word_1_31' title='bbox 949 341 1076 384; x_wconf 88' lang='lat' dir='ltr'><em>Pascha-</em></span> 
     </span>
     <span class='ocr_line' id='line_1_6' title="bbox 200 393 1074 440; baseline -0.007 -9"><span class='ocrx_word' id='word_1_32' title='bbox 200 403 243 431; x_wconf 80' lang='lat' dir='ltr'><em>tis</em></span> <span class='ocrx_word' id='word_1_33' title='bbox 261 396 479 440; x_wconf 72' lang='lat' dir='ltr'><em>solemnitatem</em></span> <span class='ocrx_word' id='word_1_34' title='bbox 497 394 714 428; x_wconf 77' lang='lat' dir='ltr'><em>celebrantibus</em></span> <span class='ocrx_word' id='word_1_35' title='bbox 739 398 885 426; x_wconf 86' lang='lat' dir='ltr'><em>excitaret</em></span> <span class='ocrx_word' id='word_1_36' title='bbox 905 405 917 425; x_wconf 93' lang='lat'><em>.·</em></span> <span class='ocrx_word' id='word_1_37' title='bbox 953 393 1074 435; x_wconf 73' lang='lat' dir='ltr'><em>,Quippe</em></span> 
     </span>
     <span class='ocr_line' id='line_1_7' title="bbox 199 440 1074 487; baseline -0.005 -6"><span class='ocrx_word' id='word_1_38' title='bbox 199 449 299 481; x_wconf 87' lang='lat' dir='ltr'><em>eodem</em></span> <span class='ocrx_word' id='word_1_39' title='bbox 320 454 449 487; x_wconf 88' lang='lat' dir='ltr'><em>tempore</em></span> <span class='ocrx_word' id='word_1_40' title='bbox 468 446 523 478; x_wconf 86' lang='lat' dir='ltr'><em>alii</em></span> <span class='ocrx_word' id='word_1_41' title='bbox 533 446 672 486; x_wconf 79' lang='lat' dir='ltr'><em>jejuniis</em></span> <span class='ocrx_word' id='word_1_42' title='bbox 691 445 726 478; x_wconf 64' lang='lat'><em>(9</em></span> <span class='ocrx_word' id='word_1_43' title='bbox 745 447 870 484; x_wconf 85' lang='lat' dir='ltr'><em>corporis</em></span> <span class='ocrx_word' id='word_1_44' title='bbox 881 440 1074 482; x_wconf 69' lang='lat' dir='ltr'><em>affliclatione</em></span> 
     </span>
     <span class='ocr_line' id='line_1_8' title="bbox 195 492 1071 540; baseline -0.008 -11"><span class='ocrx_word' id='word_1_45' title='bbox 195 496 231 540; x_wconf 84' lang='lat' dir='ltr'><em>se</em></span> <span class='ocrx_word' id='word_1_46' title='bbox 252 495 452 535; x_wconf 80' lang='lat' dir='ltr'><em>exercebant,</em></span> <span class='ocrx_word' id='word_1_47' title='bbox 476 496 609 528; x_wconf 87' lang='lat' dir='ltr'><em>nonnulli</em></span> <span class='ocrx_word' id='word_1_48' title='bbox 612 493 648 538; x_wconf 87' lang='lat' dir='ltr'><em>se</em></span> <span class='ocrx_word' id='word_1_49' title='bbox 657 492 903 532; x_wconf 87' lang='lat' dir='ltr'><em>tradebantotio,</em></span> <span class='ocrx_word' id='word_1_50' title='bbox 930 492 1071 535; x_wconf 60' lang='lat' dir='ltr'><em>&amp;remis</em></span> 
     </span>
     <span class='ocr_line' id='line_1_9' title="bbox 191 543 1074 589; baseline 0 -11"><span class='ocrx_word' id='word_1_51' title='bbox 191 545 265 588; x_wconf 80' lang='lat' dir='ltr'><em>sioni</em></span> <span class='ocrx_word' id='word_1_52' title='bbox 283 552 459 579; x_wconf 89' lang='lat' dir='ltr'><em>animorum.</em></span> <span class='ocrx_word' id='word_1_53' title='bbox 495 547 693 589; x_wconf 72' lang='lat' dir='ltr'><em>,Quamquam</em></span> <span class='ocrx_word' id='word_1_54' title='bbox 713 553 795 585; x_wconf 74' lang='lat' dir='ltr'><em>nemo</em></span> <span class='ocrx_word' id='word_1_55' title='bbox 816 543 893 575; x_wconf 66' lang='lat' dir='ltr'><em>certe*</em></span> <span class='ocrx_word' id='word_1_56' title='bbox 909 551 997 587; x_wconf 74' lang='lat' dir='ltr'><em>erat,</em></span> <span class='ocrx_word' id='word_1_57' title='bbox 1022 550 1074 586; x_wconf 87' lang='lat' dir='ltr'><em>qui</em></span> 
     </span>
     <span class='ocr_line' id='line_1_10' title="bbox 196 592 1073 636; baseline -0.005 -6"><span class='ocrx_word' id='word_1_58' title='bbox 196 595 264 630; x_wconf 74' lang='lat' dir='ltr'><em>huic</em></span> <span class='ocrx_word' id='word_1_59' title='bbox 284 597 361 629; x_wconf 91' lang='lat' dir='ltr'><em>malo</em></span> <span class='ocrx_word' id='word_1_60' title='bbox 379 596 544 630; x_wconf 87' lang='lat' dir='ltr'><em>remedium</em></span> <span class='ocrx_word' id='word_1_61' title='bbox 565 601 703 629; x_wconf 83' lang='lat' dir='ltr'><em>invenire</em></span> <span class='ocrx_word' id='word_1_62' title='bbox 718 598 850 636; x_wconf 81' lang='lat' dir='ltr'><em>potuerit</em></span> <span class='ocrx_word' id='word_1_63' title='bbox 869 616 880 633; x_wconf 92' lang='lat'>‚</span> <span class='ocrx_word' id='word_1_64' title='bbox 901 592 1073 636; x_wconf 84' lang='lat' dir='ltr'><em>praesertim</em></span> 
     </span>
     <span class='ocr_line' id='line_1_11' title="bbox 196 647 1073 687; baseline -0.002 -9"><span class='ocrx_word' id='word_1_65' title='bbox 196 657 262 679; x_wconf 89' lang='lat' dir='ltr'><em>cum</em></span> <span class='ocrx_word' id='word_1_66' title='bbox 280 652 425 680; x_wconf 88' lang='lat' dir='ltr'><em>contentio</em></span> <span class='ocrx_word' id='word_1_67' title='bbox 445 647 641 687; x_wconf 79' lang='lat' dir='ltr'><em>diffidentium</em></span> <span class='ocrx_word' id='word_1_68' title='bbox 659 649 773 681; x_wconf 71' lang='lat' dir='ltr'><em>animos</em></span> <span class='ocrx_word' id='word_1_69' title='bbox 796 653 835 675; x_wconf 90' lang='lat' dir='ltr'><em>ex</em></span> <span class='ocrx_word' id='word_1_70' title='bbox 847 654 929 684; x_wconf 84' lang='lat' dir='ltr'><em>aequo</em></span> <span class='ocrx_word' id='word_1_71' title='bbox 939 649 1073 686; x_wconf 85' lang='lat' dir='ltr'><em>exagita-</em></span> 
     </span>
     <span class='ocr_line' id='line_1_12' title="bbox 61 693 1072 740; baseline -0.008 -7"><span class='ocrx_word' id='word_1_72' title='bbox 61 701 124 734; x_wconf 81' lang='lat' dir='ltr'><em>Lib.</em></span> <span class='ocrx_word' id='word_1_73' title='bbox 136 712 159 732; x_wconf 86' lang='lat'><em>1.</em></span> <span class='ocrx_word' id='word_1_74' title='bbox 184 705 249 729; x_wconf 73' lang='lat' dir='ltr'><em>vret.</em></span> <span class='ocrx_word' id='word_1_75' title='bbox 284 697 436 740; x_wconf 85' lang='lat' dir='ltr'>Exponit</span> <span class='ocrx_word' id='word_1_76' title='bbox 457 697 614 731; x_wconf 89' lang='lat' dir='ltr'><em>Hermias</em></span> <span class='ocrx_word' id='word_1_77' title='bbox 636 695 839 730; x_wconf 89' lang='lat' dir='ltr'><em>Sozomenus</em></span> <span class='ocrx_word' id='word_1_78' title='bbox 860 705 867 724; x_wconf 91' lang='lat'><strong>:</strong></span> <span class='ocrx_word' id='word_1_79' title='bbox 893 693 1072 736; x_wconf 87' lang='lat' dir='ltr'>Imperator</span> 
     </span>
     <span class='ocr_line' id='line_1_13' title="bbox 2 741 1071 789; baseline -0.008 -7"><span class='ocrx_word' id='word_1_80' title='bbox 2 787 4 789; x_wconf 40' lang='grc'>,</span> <span class='ocrx_word' id='word_1_81' title='bbox 59 751 119 781; x_wconf 72' lang='lat'><em>⁶²?-</em></span> <span class='ocrx_word' id='word_1_82' title='bbox 135 753 177 778; x_wconf 77' lang='lat'><em>15·</em></span> <span class='ocrx_word' id='word_1_83' title='bbox 194 745 437 781; x_wconf 84' lang='lat' dir='ltr'><em>Constantinus</em></span> <span class='ocrx_word' id='word_1_84' title='bbox 458 771 470 787; x_wconf 91' lang='lat'><em>,</em></span> <span class='ocrx_word' id='word_1_85' title='bbox 494 758 560 780; x_wconf 90' lang='lat' dir='ltr'><em>cum</em></span> <span class='ocrx_word' id='word_1_86' title='bbox 578 751 682 779; x_wconf 83' lang='lat' dir='ltr'><em>certior</em></span> <span class='ocrx_word' id='word_1_87' title='bbox 694 744 802 787; x_wconf 58' lang='lat' dir='ltr'><em>sadus</em></span> <span class='ocrx_word' id='word_1_88' title='bbox 818 743 904 786; x_wconf 88' lang='lat' dir='ltr'><em>esset,</em></span> <span class='ocrx_word' id='word_1_89' title='bbox 929 741 1071 785; x_wconf 87' lang='lat' dir='ltr'><em>quosdam</em></span> 
     </span>
     <span class='ocr_line' id='line_1_14' title="bbox 192 794 1072 840; baseline -0.006 -10"><span class='ocrx_word' id='word_1_90' title='bbox 192 796 310 840; x_wconf 53' lang='lat' dir='ltr'><em>essem&amp;</em></span> <span class='ocrx_word' id='word_1_91' title='bbox 319 798 403 830; x_wconf 91' lang='lat' dir='ltr'><em>diem</em></span> <span class='ocrx_word' id='word_1_92' title='bbox 416 795 536 837; x_wconf 83' lang='lat' dir='ltr'><em>Festum</em></span> <span class='ocrx_word' id='word_1_93' title='bbox 548 794 674 838; x_wconf 81' lang='lat' dir='ltr'><em>Paschae</em></span> <span class='ocrx_word' id='word_1_94' title='bbox 684 796 743 828; x_wconf 89' lang='lat' dir='ltr'><em>alio</em></span> <span class='ocrx_word' id='word_1_95' title='bbox 746 794 869 836; x_wconf 68' lang='lat' dir='ltr'><em>penitus</em></span> <span class='ocrx_word' id='word_1_96' title='bbox 879 804 958 826; x_wconf 84' lang='lat' dir='ltr'><em>more</em></span> <span class='ocrx_word' id='word_1_97' title='bbox 970 804 1004 825; x_wconf 89' lang='lat' dir='ltr'><em>ac</em></span> <span class='ocrx_word' id='word_1_98' title='bbox 1013 804 1072 825; x_wconf 90' lang='lat' dir='ltr'><em>mo-</em></span> 
     </span>
     <span class='ocr_line' id='line_1_15' title="bbox 194 842 1071 889; baseline -0.005 -10"><span class='ocrx_word' id='word_1_99' title='bbox 194 848 257 887; x_wconf 88' lang='lat' dir='ltr'><em>do,</em></span> <span class='ocrx_word' id='word_1_100' title='bbox 282 848 374 889; x_wconf 73' lang='lat' dir='ltr'><em>quaeim</em></span> <span class='ocrx_word' id='word_1_101' title='bbox 382 852 484 879; x_wconf 85' lang='lat' dir='ltr'><em>caeteri</em></span> <span class='ocrx_word' id='word_1_102' title='bbox 503 857 603 879; x_wconf 87' lang='lat' dir='ltr'><em>omnes</em></span> <span class='ocrx_word' id='word_1_103' title='bbox 615 870 627 885; x_wconf 95' lang='lat'>‚</span> <span class='ocrx_word' id='word_1_104' title='bbox 652 844 832 878; x_wconf 83' lang='lat' dir='ltr'><em>celebrarent</em></span> <span class='ocrx_word' id='word_1_105' title='bbox 851 867 864 883; x_wconf 93' lang='lat'><em>,</em></span> <span class='ocrx_word' id='word_1_106' title='bbox 889 842 991 876; x_wconf 76' lang='lat' dir='ltr'><em>acerbe</em></span> <span class='ocrx_word' id='word_1_107' title='bbox 1006 854 1071 885; x_wconf 85' lang='lat' dir='ltr'><em>quo-</em></span> 
     </span>
     <span class='ocr_line' id='line_1_16' title="bbox 192 893 1072 939; baseline -0.005 -10"><span class='ocrx_word' id='word_1_108' title='bbox 192 907 252 939; x_wconf 80' lang='lat' dir='ltr'><em>que</em></span> <span class='ocrx_word' id='word_1_109' title='bbox 270 897 350 929; x_wconf 84' lang='lat' dir='ltr'><em>tulit.</em></span> <span class='ocrx_word' id='word_1_110' title='bbox 388 900 476 928; x_wconf 88' lang='lat' dir='ltr'><em>Nam</em></span> <span class='ocrx_word' id='word_1_111' title='bbox 498 895 655 935; x_wconf 74' lang='lat' dir='ltr'><em>nonnulli,</em></span> <span class='ocrx_word' id='word_1_112' title='bbox 680 894 767 928; x_wconf 82' lang='lat' dir='ltr'><em>urbes</em></span> <span class='ocrx_word' id='word_1_113' title='bbox 794 893 901 927; x_wconf 72' lang='lat' dir='ltr'><em>versus</em></span> <span class='ocrx_word' id='word_1_114' title='bbox 921 897 1072 926; x_wconf 79' lang='lat' dir='ltr'><em>Orientem</em></span> 
     </span>
     <span class='ocr_line' id='line_1_17' title="bbox 193 942 1073 988; baseline -0.003 -10"><span class='ocrx_word' id='word_1_115' title='bbox 193 946 350 979; x_wconf 74' lang='lat' dir='ltr'><em>incolentes</em></span> <span class='ocrx_word' id='word_1_116' title='bbox 362 968 374 985; x_wconf 91' lang='lat'><em>,</em></span> <span class='ocrx_word' id='word_1_117' title='bbox 398 946 448 979; x_wconf 81' lang='lat' dir='ltr'><em>iilo</em></span> <span class='ocrx_word' id='word_1_118' title='bbox 459 954 588 987; x_wconf 79' lang='lat' dir='ltr'><em>tempore</em></span> <span class='ocrx_word' id='word_1_119' title='bbox 596 945 635 978; x_wconf 86' lang='lat' dir='ltr'><em>ab</em></span> <span class='ocrx_word' id='word_1_120' title='bbox 645 946 717 979; x_wconf 83' lang='lat' dir='ltr'><em>aliis</em></span> <span class='ocrx_word' id='word_1_121' title='bbox 727 946 767 978; x_wconf 87' lang='lat' dir='ltr'><em>de</em></span> <span class='ocrx_word' id='word_1_122' title='bbox 789 943 840 976; x_wconf 85' lang='lat' dir='ltr'><em>boc</em></span> <span class='ocrx_word' id='word_1_123' title='bbox 860 942 944 982; x_wconf 86' lang='lat' dir='ltr'><em>Festo</em></span> <span class='ocrx_word' id='word_1_124' title='bbox 959 944 1073 988; x_wconf 78' lang='lat' dir='ltr'><em>agendo</em></span> 
     </span>
     <span class='ocr_line' id='line_1_18' title="bbox 197 994 1071 1040; baseline -0.003 -11"><span class='ocrx_word' id='word_1_125' title='bbox 197 994 372 1039; x_wconf 65' lang='lat' dir='ltr'><em>diffensere;</em></span> <span class='ocrx_word' id='word_1_126' title='bbox 399 998 465 1040; x_wconf 69' lang='lat' dir='ltr'><em>,Qui</em></span> <span class='ocrx_word' id='word_1_127' title='bbox 484 994 539 1036; x_wconf 75' lang='lat' dir='ltr'><em>etfi</em></span> <span class='ocrx_word' id='word_1_128' title='bbox 552 997 573 1027; x_wconf 78' lang='grc' dir='ltr'><em>ἂ</em></span> <span class='ocrx_word' id='word_1_129' title='bbox 598 1001 806 1029; x_wconf 80' lang='lat' dir='ltr'><em>communione</em></span> <span class='ocrx_word' id='word_1_130' title='bbox 826 1003 932 1026; x_wconf 88' lang='lat' dir='ltr'><em>mutua</em></span> <span class='ocrx_word' id='word_1_131' title='bbox 951 994 1071 1026; x_wconf 73' lang='lat' dir='ltr'><em>minime</em></span> 
     </span>
     <span class='ocr_line' id='line_1_19' title="bbox 189 1044 1069 1088; baseline -0.005 -9"><span class='ocrx_word' id='word_1_132' title='bbox 189 1051 410 1087; x_wconf 77' lang='lat' dir='ltr'><em>temperarint,</em></span> <span class='ocrx_word' id='word_1_133' title='bbox 435 1045 516 1086; x_wconf 82' lang='lat' dir='ltr'><em>istud</em></span> <span class='ocrx_word' id='word_1_134' title='bbox 533 1055 635 1079; x_wconf 83' lang='lat' dir='ltr'><em>tamen</em></span> <span class='ocrx_word' id='word_1_135' title='bbox 652 1045 790 1086; x_wconf 77' lang='lat' dir='ltr'><em>Festum,</em></span> <span class='ocrx_word' id='word_1_136' title='bbox 811 1044 938 1087; x_wconf 78' lang='lat' dir='ltr'><em>propius</em></span> <span class='ocrx_word' id='word_1_137' title='bbox 951 1045 995 1076; x_wconf 90' lang='lat' dir='ltr'><em>ad</em></span> <span class='ocrx_word' id='word_1_138' title='bbox 1003 1046 1037 1088; x_wconf 87' lang='lat' dir='ltr'><strong><em>J</em></strong></span> <span class='ocrx_word' id='word_1_139' title='bbox 1039 1055 1069 1076; x_wconf 72' lang='lat' dir='ltr'><em>w</em></span> 
     </span>
     <span class='ocr_line' id='line_1_20' title="bbox 188 1092 1069 1139; baseline -0.003 -11"><span class='ocrx_word' id='word_1_140' title='bbox 188 1096 321 1130; x_wconf 84' lang='lat' dir='ltr'><em>daeorum</em></span> <span class='ocrx_word' id='word_1_141' title='bbox 340 1093 582 1139; x_wconf 82' lang='lat' dir='ltr'><em>consuetudinem</em></span> <span class='ocrx_word' id='word_1_142' title='bbox 601 1097 773 1130; x_wconf 86' lang='lat' dir='ltr'><em>accedentes</em></span> <span class='ocrx_word' id='word_1_143' title='bbox 793 1118 804 1134; x_wconf 90' lang='lat'><em>,</em></span> <span class='ocrx_word' id='word_1_144' title='bbox 829 1094 974 1128; x_wconf 86' lang='lat' dir='ltr'><em>celebrare</em></span> <span class='ocrx_word' id='word_1_145' title='bbox 989 1092 1069 1136; x_wconf 86' lang='lat' dir='ltr'><em>soliti</em></span> 
     </span>
     <span class='ocr_line' id='line_1_21' title="bbox 181 1143 1068 1189; baseline -0.002 -12"><span class='ocrx_word' id='word_1_146' title='bbox 181 1143 264 1188; x_wconf 77' lang='lat' dir='ltr'><em>fient.</em></span> <span class='ocrx_word' id='word_1_147' title='bbox 292 1148 367 1189; x_wconf 74' lang='lat' dir='ltr'><em>,Qua</em></span> <span class='ocrx_word' id='word_1_148' title='bbox 386 1148 508 1188; x_wconf 87' lang='lat' dir='ltr'><em>quidem</em></span> <span class='ocrx_word' id='word_1_149' title='bbox 529 1145 691 1188; x_wconf 74' lang='lat' dir='ltr'><em>diffienfione</em></span> <span class='ocrx_word' id='word_1_150' title='bbox 706 1144 896 1188; x_wconf 85' lang='lat' dir='ltr'><em>splendorem</em></span> <span class='ocrx_word' id='word_1_151' title='bbox 916 1143 996 1183; x_wconf 75' lang='lat' dir='ltr'><em>Festi</em></span> <span class='ocrx_word' id='word_1_152' title='bbox 1006 1154 1068 1175; x_wconf 83' lang='lat' dir='ltr'><em>ma-</em></span> 
     </span>
     <span class='ocr_line' id='line_1_22' title="bbox 180 1193 1066 1238; baseline -0.001 -11"><span class='ocrx_word' id='word_1_153' title='bbox 180 1197 311 1238; x_wconf 73' lang='lat' dir='ltr'><em>gnopere</em></span> <span class='ocrx_word' id='word_1_154' title='bbox 331 1193 534 1237; x_wconf 74' lang='lat' dir='ltr'><em>obfiurarunt.</em></span> <span class='ocrx_word' id='word_1_155' title='bbox 561 1199 667 1238; x_wconf 88' lang='lat' dir='ltr'><em>Itaque</em></span> <span class='ocrx_word' id='word_1_156' title='bbox 678 1198 699 1228; x_wconf 77' lang='grc' dir='ltr'><em>ἂ</em></span> <span class='ocrx_word' id='word_1_157' title='bbox 713 1194 903 1234; x_wconf 83' lang='lat' dir='ltr'><em>Constantino</em></span> <span class='ocrx_word' id='word_1_158' title='bbox 913 1193 1066 1227; x_wconf 86' lang='lat' dir='ltr'><em>vehemen-</em></span> 
     </span>
     <span class='ocr_line' id='line_1_23' title="bbox 191 1243 1067 1288; baseline 0 -11"><span class='ocrx_word' id='word_1_159' title='bbox 191 1254 239 1279; x_wconf 86' lang='lat' dir='ltr'><em>ter</em></span> <span class='ocrx_word' id='word_1_160' title='bbox 258 1245 425 1282; x_wconf 86' lang='lat' dir='ltr'><em>laboratum</em></span> <span class='ocrx_word' id='word_1_161' title='bbox 443 1244 482 1284; x_wconf 82' lang='lat' dir='ltr'><em>est</em></span> <span class='ocrx_word' id='word_1_162' title='bbox 493 1269 504 1285; x_wconf 90' lang='lat'>‚</span> <span class='ocrx_word' id='word_1_163' title='bbox 529 1253 565 1277; x_wconf 87' lang='lat' dir='ltr'><em>ut</em></span> <span class='ocrx_word' id='word_1_164' title='bbox 580 1243 743 1288; x_wconf 74' lang='lat' dir='ltr'><em>difflenssone</em></span> <span class='ocrx_word' id='word_1_165' title='bbox 764 1268 776 1284; x_wconf 93' lang='lat'><em>,</em></span> <span class='ocrx_word' id='word_1_166' title='bbox 801 1245 840 1276; x_wconf 89' lang='lat' dir='ltr'><em>de</em></span> <span class='ocrx_word' id='word_1_167' title='bbox 856 1252 983 1284; x_wconf 88' lang='lat' dir='ltr'><em>utraque</em></span> <span class='ocrx_word' id='word_1_168' title='bbox 1000 1246 1047 1277; x_wconf 82' lang='lat' dir='ltr'><em>Re</em></span> <span class='ocrx_word' id='word_1_169' title='bbox 1057 1266 1067 1282; x_wconf 89' lang='lat'>‚</span> 
     </span>
     <span class='ocr_line' id='line_1_24' title="bbox 183 1291 1068 1337; baseline -0.003 -8"><span class='ocrx_word' id='word_1_170' title='bbox 183 1295 300 1337; x_wconf 85' lang='lat' dir='ltr'><em>utique</em></span> <span class='ocrx_word' id='word_1_171' title='bbox 323 1294 449 1327; x_wconf 87' lang='lat' dir='ltr'><em>Ariana</em></span> <span class='ocrx_word' id='word_1_172' title='bbox 471 1294 591 1326; x_wconf 80' lang='lat' dir='ltr'><em>Haerefi</em></span> <span class='ocrx_word' id='word_1_173' title='bbox 611 1294 646 1326; x_wconf 73' lang='grc' dir='ltr'><em>ὃς</em></span> <span class='ocrx_word' id='word_1_174' title='bbox 670 1291 837 1327; x_wconf 79' lang='lat' dir='ltr'><em>Paschalis</em></span> <span class='ocrx_word' id='word_1_175' title='bbox 867 1292 1068 1326; x_wconf 86' lang='lat' dir='ltr'><em>Festivitatis</em></span> 
     </span>
     <span class='ocr_line' id='line_1_25' title="bbox 185 1340 1064 1385; baseline -0.003 -8"><span class='ocrx_word' id='word_1_176' title='bbox 185 1341 394 1383; x_wconf 81' lang='lat' dir='ltr'><em>differentia,</em></span> <span class='ocrx_word' id='word_1_177' title='bbox 414 1340 562 1385; x_wconf 74' lang='lat' dir='ltr'><em>sicfiepta‚</em></span> <span class='ocrx_word' id='word_1_178' title='bbox 585 1341 743 1384; x_wconf 72' lang='lat' dir='ltr'><em>Ecclesiam</em></span> <span class='ocrx_word' id='word_1_179' title='bbox 763 1342 890 1384; x_wconf 76' lang='lat' dir='ltr'><em>prorsus</em></span> <span class='ocrx_word' id='word_1_180' title='bbox 915 1341 1064 1375; x_wconf 83' lang='lat' dir='ltr'><em>liberaret.</em></span> 
     </span>
     <span class='ocr_line' id='line_1_26' title="bbox 184 1390 1064 1436; baseline -0.003 -8"><span class='ocrx_word' id='word_1_181' title='bbox 184 1396 225 1428; x_wconf 75' lang='lat' dir='ltr'><em>At</em></span> <span class='ocrx_word' id='word_1_182' title='bbox 235 1398 375 1436; x_wconf 86' lang='lat' dir='ltr'><em>quoniam</em></span> <span class='ocrx_word' id='word_1_183' title='bbox 385 1391 437 1425; x_wconf 84' lang='lat' dir='ltr'><em>boc</em></span> <span class='ocrx_word' id='word_1_184' title='bbox 448 1393 563 1425; x_wconf 83' lang='lat' dir='ltr'><em>Malum</em></span> <span class='ocrx_word' id='word_1_185' title='bbox 574 1416 585 1432; x_wconf 94' lang='lat'><em>,</em></span> <span class='ocrx_word' id='word_1_186' title='bbox 606 1390 726 1433; x_wconf 69' lang='lat' dir='ltr'><em>fimodi</em></span> <span class='ocrx_word' id='word_1_187' title='bbox 740 1401 901 1434; x_wconf 85' lang='lat' dir='ltr'><em>antequam</em></span> <span class='ocrx_word' id='word_1_188' title='bbox 914 1393 957 1424; x_wconf 90' lang='lat' dir='ltr'><em>ad</em></span> <span class='ocrx_word' id='word_1_189' title='bbox 960 1394 1064 1434; x_wconf 89' lang='lat' dir='ltr'><em>plures</em></span> 
     </span>
     <span class='ocr_line' id='line_1_27' title="bbox 183 1440 1065 1485; baseline -0.003 -9"><span class='ocrx_word' id='word_1_190' title='bbox 183 1451 323 1476; x_wconf 77' lang='lat' dir='ltr'><em>manaret</em></span> <span class='ocrx_word' id='word_1_191' title='bbox 335 1467 346 1482; x_wconf 91' lang='lat'>‚</span> <span class='ocrx_word' id='word_1_192' title='bbox 371 1451 548 1475; x_wconf 88' lang='lat' dir='ltr'><em>coerceretur</em></span> <span class='ocrx_word' id='word_1_193' title='bbox 560 1466 571 1482; x_wconf 91' lang='lat'><em>,</em></span> <span class='ocrx_word' id='word_1_194' title='bbox 587 1440 696 1484; x_wconf 89' lang='lat' dir='ltr'><em>sanari</em></span> <span class='ocrx_word' id='word_1_195' title='bbox 700 1444 778 1485; x_wconf 76' lang='lat' dir='ltr'><em>posse</em></span> <span class='ocrx_word' id='word_1_196' title='bbox 787 1441 999 1483; x_wconf 83' lang='lat' dir='ltr'><em>existimabat;</em></span> <span class='ocrx_word' id='word_1_197' title='bbox 1020 1442 1065 1474; x_wconf 80' lang='lat' dir='ltr'><em>id-</em></span> 
     </span>
     <span class='ocr_line' id='line_1_28' title="bbox 181 1491 1062 1536; baseline -0.002 -10"><span class='ocrx_word' id='word_1_198' title='bbox 181 1496 257 1526; x_wconf 65' lang='lat' dir='ltr'><em>eirci</em></span> <span class='ocrx_word' id='word_1_199' title='bbox 271 1492 346 1534; x_wconf 83' lang='lat' dir='ltr'><em>mifit</em></span> <span class='ocrx_word' id='word_1_200' title='bbox 356 1499 456 1526; x_wconf 83' lang='lat' dir='ltr'><em>virum</em></span> <span class='ocrx_word' id='word_1_201' title='bbox 468 1515 479 1531; x_wconf 93' lang='lat'><em>,</em></span> <span class='ocrx_word' id='word_1_202' title='bbox 498 1503 586 1534; x_wconf 91' lang='lat' dir='ltr'><em>quem</em></span> <span class='ocrx_word' id='word_1_203' title='bbox 594 1494 672 1525; x_wconf 77' lang='lat' dir='ltr'><em>circa</em></span> <span class='ocrx_word' id='word_1_204' title='bbox 680 1491 716 1536; x_wconf 87' lang='lat' dir='ltr'><em>se</em></span> <span class='ocrx_word' id='word_1_205' title='bbox 726 1492 855 1525; x_wconf 82' lang='lat' dir='ltr'><em>habebat</em></span> <span class='ocrx_word' id='word_1_206' title='bbox 865 1516 876 1531; x_wconf 90' lang='lat'><em>,</em></span> <span class='ocrx_word' id='word_1_207' title='bbox 896 1493 961 1535; x_wconf 74' lang='lat' dir='ltr'><em>fide</em></span> <span class='ocrx_word' id='word_1_208' title='bbox 972 1493 1007 1525; x_wconf 58' lang='lat' dir='ltr'><em>Q?</em></span> <span class='ocrx_word' id='word_1_209' title='bbox 1016 1497 1062 1524; x_wconf 85' lang='lat' dir='ltr'><em>vi-</em></span> 
     </span>
     <span class='ocr_line' id='line_1_29' title="bbox 181 1540 1063 1586; baseline -0.005 -9"><span class='ocrx_word' id='word_1_210' title='bbox 181 1552 224 1578; x_wconf 78' lang='lat' dir='ltr'><em>eae</em></span> <span class='ocrx_word' id='word_1_211' title='bbox 234 1548 407 1586; x_wconf 78' lang='lat' dir='ltr'><em>integritate</em></span> <span class='ocrx_word' id='word_1_212' title='bbox 413 1540 606 1583; x_wconf 84' lang='lat' dir='ltr'><em>praestantem</em></span> <span class='ocrx_word' id='word_1_213' title='bbox 619 1566 631 1582; x_wconf 93' lang='lat'><em>,</em></span> <span class='ocrx_word' id='word_1_214' title='bbox 656 1544 690 1576; x_wconf 69' lang='grc'><em>(9</em></span> <span class='ocrx_word' id='word_1_215' title='bbox 706 1541 910 1586; x_wconf 74' lang='lat' dir='ltr'><em>superioribus</em></span> <span class='ocrx_word' id='word_1_216' title='bbox 929 1547 1063 1584; x_wconf 78' lang='lat' dir='ltr'><em>tempori·</em></span> 
     </span>
     <span class='ocr_line' id='line_1_30' title="bbox 179 1591 1063 1636; baseline -0.002 -10"><span class='ocrx_word' id='word_1_217' title='bbox 179 1591 239 1626; x_wconf 77' lang='lat' dir='ltr'><em>bus</em></span> <span class='ocrx_word' id='word_1_218' title='bbox 247 1591 282 1625; x_wconf 89' lang='lat' dir='ltr'><em>ob</em></span> <span class='ocrx_word' id='word_1_219' title='bbox 293 1598 400 1626; x_wconf 86' lang='lat' dir='ltr'><em>varias</em></span> <span class='ocrx_word' id='word_1_220' title='bbox 421 1593 581 1636; x_wconf 80' lang='lat' dir='ltr'><em>Religionis</em></span> <span class='ocrx_word' id='word_1_221' title='bbox 603 1591 782 1632; x_wconf 82' lang='lat' dir='ltr'><em>Christianae</em></span> <span class='ocrx_word' id='word_1_222' title='bbox 802 1592 993 1633; x_wconf 70' lang='lat' dir='ltr'><em>Confeffiones</em></span> <span class='ocrx_word' id='word_1_223' title='bbox 1005 1592 1063 1624; x_wconf 89' lang='lat' dir='ltr'><em>ad-</em></span> 
     </span>
     <span class='ocr_line' id='line_1_31' title="bbox 176 1640 1063 1685; baseline -0.003 -9"><span class='ocrx_word' id='word_1_224' title='bbox 176 1643 298 1676; x_wconf 67' lang='lat' dir='ltr'><em>modum</em></span> <span class='ocrx_word' id='word_1_225' title='bbox 309 1641 496 1681; x_wconf 76' lang='lat' dir='ltr'><em>nobilitatum</em></span> <span class='ocrx_word' id='word_1_226' title='bbox 507 1667 519 1682; x_wconf 94' lang='lat'><em>,</em></span> <span class='ocrx_word' id='word_1_227' title='bbox 549 1641 664 1683; x_wconf 76' lang='lat' dir='ltr'><em>Hostum</em></span> <span class='ocrx_word' id='word_1_228' title='bbox 680 1644 747 1676; x_wconf 87' lang='lat' dir='ltr'><em>dico</em></span> <span class='ocrx_word' id='word_1_229' title='bbox 760 1667 771 1683; x_wconf 89' lang='lat'>‚</span> <span class='ocrx_word' id='word_1_230' title='bbox 787 1640 975 1685; x_wconf 18' lang='lat' dir='ltr'><em>*Episcopum</em></span> <span class='ocrx_word' id='word_1_231' title='bbox 994 1645 1063 1674; x_wconf 87' lang='lat' dir='ltr'><em>Cor-</em></span> 
     </span>
     <span class='ocr_line' id='line_1_32' title="bbox 177 1691 1062 1738; baseline -0.001 -13"><span class='ocrx_word' id='word_1_232' title='bbox 177 1691 268 1737; x_wconf 74' lang='lat' dir='ltr'><em>dubae</em></span> <span class='ocrx_word' id='word_1_233' title='bbox 276 1716 288 1732; x_wconf 90' lang='lat'>‚</span> <span class='ocrx_word' id='word_1_234' title='bbox 297 1695 354 1734; x_wconf 74' lang='lat' dir='ltr'><em>quo</em></span> <span class='ocrx_word' id='word_1_235' title='bbox 365 1693 431 1725; x_wconf 86' lang='lat' dir='ltr'><em>illos</em></span> <span class='ocrx_word' id='word_1_236' title='bbox 441 1698 495 1734; x_wconf 88' lang='lat' dir='ltr'><em>qui</em></span> <span class='ocrx_word' id='word_1_237' title='bbox 505 1698 539 1725; x_wconf 87' lang='lat' dir='ltr'><em>in</em></span> <span class='ocrx_word' id='word_1_238' title='bbox 552 1695 664 1738; x_wconf 57' lang='lat' dir='ltr'><em>AEjpto</em></span> <span class='ocrx_word' id='word_1_239' title='bbox 675 1694 714 1726; x_wconf 89' lang='lat' dir='ltr'><em>de</em></span> <span class='ocrx_word' id='word_1_240' title='bbox 720 1694 783 1736; x_wconf 83' lang='lat' dir='ltr'><em>fide</em></span> <span class='ocrx_word' id='word_1_241' title='bbox 795 1692 1043 1735; x_wconf 82' lang='lat' dir='ltr'><em>digladiabantur</em></span> <span class='ocrx_word' id='word_1_242' title='bbox 1051 1716 1062 1732; x_wconf 90' lang='lat'><em>,</em></span> 
     </span>
     <span class='ocr_line' id='line_1_33' title="bbox 176 1740 1062 1786; baseline -0.002 -10"><span class='ocrx_word' id='word_1_243' title='bbox 176 1749 243 1776; x_wconf 77' lang='lat' dir='ltr'><em>tum</em></span> <span class='ocrx_word' id='word_1_244' title='bbox 254 1740 306 1774; x_wconf 88' lang='lat' dir='ltr'><em>hos</em></span> <span class='ocrx_word' id='word_1_245' title='bbox 317 1748 368 1783; x_wconf 86' lang='lat' dir='ltr'><em>qui</em></span> <span class='ocrx_word' id='word_1_246' title='bbox 379 1748 411 1774; x_wconf 90' lang='lat' dir='ltr'><em>in</em></span> <span class='ocrx_word' id='word_1_247' title='bbox 422 1747 546 1775; x_wconf 83' lang='lat' dir='ltr'><em>Oriente</em></span> <span class='ocrx_word' id='word_1_248' title='bbox 567 1743 605 1774; x_wconf 88' lang='lat' dir='ltr'><em>de</em></span> <span class='ocrx_word' id='word_1_249' title='bbox 629 1742 714 1783; x_wconf 86' lang='lat' dir='ltr'><em>Festo</em></span> <span class='ocrx_word' id='word_1_250' title='bbox 735 1742 897 1786; x_wconf 89' lang='lat' dir='ltr'><em>Paschatis</em></span> <span class='ocrx_word' id='word_1_251' title='bbox 919 1743 1062 1786; x_wconf 69' lang='lat' dir='ltr'><em>distentio-</em></span> 
     </span>
     <span class='ocr_line' id='line_1_34' title="bbox 175 1791 1061 1838; baseline 0.002 -14"><span class='ocrx_word' id='word_1_252' title='bbox 175 1791 271 1831; x_wconf 87' lang='lat' dir='ltr'><em>bant,</em></span> <span class='ocrx_word' id='word_1_253' title='bbox 297 1793 342 1824; x_wconf 90' lang='lat' dir='ltr'><em>ad</em></span> <span class='ocrx_word' id='word_1_254' title='bbox 351 1793 533 1824; x_wconf 84' lang='lat' dir='ltr'><em>concordiam</em></span> <span class='ocrx_word' id='word_1_255' title='bbox 554 1792 712 1825; x_wconf 83' lang='lat' dir='ltr'><em>reduceret.</em></span> <span class='ocrx_word' id='word_1_256' title='bbox 752 1791 877 1838; x_wconf 84' lang='lat' dir='ltr'><em>Eadem</em></span> <span class='ocrx_word' id='word_1_257' title='bbox 904 1792 946 1826; x_wconf 89' lang='lat' dir='ltr'><em>de</em></span> <span class='ocrx_word' id='word_1_258' title='bbox 965 1804 1000 1827; x_wconf 91' lang='lat' dir='ltr'><em>re</em></span> <span class='ocrx_word' id='word_1_259' title='bbox 1019 1792 1061 1826; x_wconf 88' lang='lat' dir='ltr'><em>ad</em></span> 
     </span>
     <span class='ocr_line' id='line_1_35' title="bbox 174 1840 1061 1885; baseline 0 -9"><span class='ocrx_word' id='word_1_260' title='bbox 174 1841 531 1885; x_wconf 86' lang='lat' dir='ltr'><em>decimum-septimum</em></span> <span class='ocrx_word' id='word_1_261' title='bbox 550 1840 764 1876; x_wconf 88' lang='lat' dir='ltr'><em>Constantini</em></span> <span class='ocrx_word' id='word_1_262' title='bbox 787 1842 928 1876; x_wconf 89' lang='lat' dir='ltr'><em>Annum</em></span> <span class='ocrx_word' id='word_1_263' title='bbox 950 1841 1061 1876; x_wconf 85' lang='lat' dir='ltr'><em>scribit</em></span> 
     </span>
     <span class='ocr_line' id='line_1_36' title="bbox 174 1889 1058 1936; baseline -0.001 -11"><span class='ocrx_word' id='word_1_264' title='bbox 174 1892 300 1927; x_wconf 70' lang='lat' dir='ltr'><em>sanstus</em></span> <span class='ocrx_word' id='word_1_265' title='bbox 319 1891 450 1934; x_wconf 86' lang='lat' dir='ltr'><em>Martyr</em></span> <span class='ocrx_word' id='word_1_266' title='bbox 468 1889 694 1934; x_wconf 86' lang='lat' dir='ltr'><em>Theophanes</em></span> <span class='ocrx_word' id='word_1_267' title='bbox 714 1904 722 1924; x_wconf 81' lang='lat' dir='ltr'><strong><em>z</em></strong></span> <span class='ocrx_word' id='word_1_268' title='bbox 748 1896 809 1925; x_wconf 84' lang='lat' dir='ltr'><em>Hoc</em></span> <span class='ocrx_word' id='word_1_269' title='bbox 828 1903 906 1925; x_wconf 89' lang='lat' dir='ltr'><em>anno</em></span> <span class='ocrx_word' id='word_1_270' title='bbox 926 1895 1058 1936; x_wconf 81' lang='lat' dir='ltr'><em>Magnus</em></span> 
     </span>
     <span class='ocr_line' id='line_1_37' title="bbox 172 1940 1060 1986; baseline 0.002 -12"><span class='ocrx_word' id='word_1_271' title='bbox 172 1940 387 1982; x_wconf 79' lang='lat' dir='ltr'><em>Constantinus</em></span> <span class='ocrx_word' id='word_1_272' title='bbox 400 1964 411 1981; x_wconf 94' lang='lat'>‚</span> <span class='ocrx_word' id='word_1_273' title='bbox 435 1951 502 1973; x_wconf 90' lang='lat' dir='ltr'><em>cum</em></span> <span class='ocrx_word' id='word_1_274' title='bbox 514 1944 579 1973; x_wconf 85' lang='lat' dir='ltr'><em>Arii</em></span> <span class='ocrx_word' id='word_1_275' title='bbox 589 1950 701 1974; x_wconf 88' lang='lat' dir='ltr'><em>motum</em></span> <span class='ocrx_word' id='word_1_276' title='bbox 717 1940 896 1985; x_wconf 73' lang='lat' dir='ltr'><em>resitiviffet,</em></span> <span class='ocrx_word' id='word_1_277' title='bbox 923 1944 958 1976; x_wconf 78' lang='lat'><em>&amp;</em></span> <span class='ocrx_word' id='word_1_278' title='bbox 979 1943 1060 1986; x_wconf 60' lang='lat' dir='ltr'><em>aegre*</em></span> 
     </span>
     <span class='ocr_line' id='line_1_38' title="bbox 164 1991 1058 2036; baseline 0.001 -12"><span class='ocrx_word' id='word_1_279' title='bbox 164 1991 266 2034; x_wconf 84' lang='lat' dir='ltr'><em>ferret</em></span> <span class='ocrx_word' id='word_1_280' title='bbox 279 2015 290 2031; x_wconf 92' lang='lat'>‚</span> <span class='ocrx_word' id='word_1_281' title='bbox 314 1992 359 2023; x_wconf 85' lang='lat' dir='ltr'><em>ad</em></span> <span class='ocrx_word' id='word_1_282' title='bbox 377 1991 583 2023; x_wconf 79' lang='lat' dir='ltr'><em>Alexandrum</em></span> <span class='ocrx_word' id='word_1_283' title='bbox 603 1992 638 2024; x_wconf 67' lang='grc' dir='ltr'><em>Θ·</em></span> <span class='ocrx_word' id='word_1_284' title='bbox 665 1994 768 2024; x_wconf 85' lang='lat' dir='ltr'><em>Arium</em></span> <span class='ocrx_word' id='word_1_285' title='bbox 789 2016 801 2032; x_wconf 93' lang='lat'>‚</span> <span class='ocrx_word' id='word_1_286' title='bbox 838 2000 873 2024; x_wconf 94' lang='lat' dir='ltr'><em>ut</em></span> <span class='ocrx_word' id='word_1_287' title='bbox 894 1992 1058 2036; x_wconf 83' lang='lat' dir='ltr'><em>malignum</em></span> 
     </span>
     <span class='ocr_line' id='line_1_39' title="bbox 170 2040 1057 2085; baseline 0.001 -11"><span class='ocrx_word' id='word_1_288' title='bbox 170 2053 286 2075; x_wconf 89' lang='lat' dir='ltr'><em>omnem</em></span> <span class='ocrx_word' id='word_1_289' title='bbox 297 2041 401 2081; x_wconf 78' lang='lat' dir='ltr'><em>diffidit</em></span> <span class='ocrx_word' id='word_1_290' title='bbox 413 2049 523 2073; x_wconf 90' lang='lat' dir='ltr'><em>motum</em></span> <span class='ocrx_word' id='word_1_291' title='bbox 533 2040 721 2083; x_wconf 62' lang='lat' dir='ltr'><em>dissolverent</em></span> <span class='ocrx_word' id='word_1_292' title='bbox 732 2065 742 2081; x_wconf 93' lang='lat'>‚</span> <span class='ocrx_word' id='word_1_293' title='bbox 768 2052 803 2074; x_wconf 88' lang='lat' dir='ltr'><em>ac</em></span> <span class='ocrx_word' id='word_1_294' title='bbox 819 2049 927 2082; x_wconf 85' lang='lat' dir='ltr'><em>pacem</em></span> <span class='ocrx_word' id='word_1_295' title='bbox 936 2047 1017 2075; x_wconf 84' lang='lat' dir='ltr'><em>inter</em></span> <span class='ocrx_word' id='word_1_296' title='bbox 1021 2040 1057 2085; x_wconf 74' lang='lat' dir='ltr'><em>se</em></span> 
     </span>
     <span class='ocr_line' id='line_1_40' title="bbox 163 2089 1056 2136; baseline 0 -12"><span class='ocrx_word' id='word_1_297' title='bbox 163 2099 326 2136; x_wconf 76' lang='lat' dir='ltr'><em>gererent,</em></span> <span class='ocrx_word' id='word_1_298' title='bbox 351 2102 530 2124; x_wconf 89' lang='lat' dir='ltr'><em>communem</em></span> <span class='ocrx_word' id='word_1_299' title='bbox 542 2089 707 2134; x_wconf 75' lang='lat' dir='ltr'><em>Epistolam</em></span> <span class='ocrx_word' id='word_1_300' title='bbox 726 2091 818 2124; x_wconf 80' lang='lat' dir='ltr'><em>dedit.</em></span> <span class='ocrx_word' id='word_1_301' title='bbox 859 2092 922 2124; x_wconf 81' lang='lat' dir='ltr'><em>Sed</em></span> <span class='ocrx_word' id='word_1_302' title='bbox 937 2090 1056 2134; x_wconf 65' lang='lat' dir='ltr'><em>&amp;elus-</em></span> 
     </span>
     <span class='ocr_line' id='line_1_41' title="bbox 124 2138 1056 2184; baseline -0.001 -9"><span class='ocrx_word' id='word_1_303' title='bbox 124 2173 128 2179; x_wconf 71' lang='grc'><strong>,</strong></span> <span class='ocrx_word' id='word_1_304' title='bbox 161 2141 239 2175; x_wconf 75' lang='lat' dir='ltr'><em>&#39;dem</em></span> <span class='ocrx_word' id='word_1_305' title='bbox 248 2144 314 2174; x_wconf 88' lang='lat' dir='ltr'><em>Arii</em></span> <span class='ocrx_word' id='word_1_306' title='bbox 322 2141 418 2183; x_wconf 84' lang='lat' dir='ltr'><em>caussa</em></span> <span class='ocrx_word' id='word_1_307' title='bbox 429 2138 547 2181; x_wconf 62' lang='lat' dir='ltr'><em>Helium</em></span> <span class='ocrx_word' id='word_1_308' title='bbox 567 2139 786 2184; x_wconf 86' lang='lat' dir='ltr'><em>Cordubensem</em></span> <span class='ocrx_word' id='word_1_309' title='bbox 809 2140 991 2184; x_wconf 84' lang='lat' dir='ltr'><em>Episcopum</em></span> <span class='ocrx_word' id='word_1_310' title='bbox 1002 2147 1056 2174; x_wconf 87' lang='lat' dir='ltr'><em>mi-</em></span> 
     </span>
     <span class='ocr_line' id='line_1_42' title="bbox 161 2189 1056 2233; baseline -0.001 -9"><span class='ocrx_word' id='word_1_311' title='bbox 161 2189 203 2233; x_wconf 74' lang='lat' dir='ltr'><em>sit</em></span> <span class='ocrx_word' id='word_1_312' title='bbox 224 2191 462 2233; x_wconf 78' lang='lat' dir='ltr'><em>Alexandriam3</em></span> <span class='ocrx_word' id='word_1_313' title='bbox 490 2190 525 2224; x_wconf 58' lang='grc' dir='ltr'>Θ</span> <span class='ocrx_word' id='word_1_314' title='bbox 547 2201 616 2223; x_wconf 88' lang='lat' dir='ltr'><em>mox</em></span> <span class='ocrx_word' id='word_1_315' title='bbox 638 2196 671 2224; x_wconf 87' lang='lat' dir='ltr'><em>in</em></span> <span class='ocrx_word' id='word_1_316' title='bbox 691 2194 846 2224; x_wconf 86' lang='lat' dir='ltr'><em>Orientem</em></span> <span class='ocrx_word' id='word_1_317' title='bbox 867 2214 879 2230; x_wconf 90' lang='lat'>‚</span> <span class='ocrx_word' id='word_1_318' title='bbox 914 2192 959 2223; x_wconf 89' lang='lat' dir='ltr'><em>ad</em></span> <span class='ocrx_word' id='word_1_319' title='bbox 975 2196 1056 2223; x_wconf 88' lang='lat' dir='ltr'><em>anti-</em></span> 
     </span>
     <span class='ocr_line' id='line_1_43' title="bbox 168 2238 1055 2285; baseline 0 -12"><span class='ocrx_word' id='word_1_320' title='bbox 168 2251 261 2283; x_wconf 88' lang='lat' dir='ltr'><em>quam</em></span> <span class='ocrx_word' id='word_1_321' title='bbox 270 2241 466 2274; x_wconf 83' lang='lat' dir='ltr'><em>orientalium</em></span> <span class='ocrx_word' id='word_1_322' title='bbox 486 2238 724 2283; x_wconf 75' lang='lat' dir='ltr'><em>consuetudinem</em></span> <span class='ocrx_word' id='word_1_323' title='bbox 736 2265 747 2282; x_wconf 92' lang='lat'><em>,</em></span> <span class='ocrx_word' id='word_1_324' title='bbox 773 2252 835 2283; x_wconf 89' lang='lat' dir='ltr'><em>qua</em></span> <span class='ocrx_word' id='word_1_325' title='bbox 850 2241 987 2285; x_wconf 88' lang='lat' dir='ltr'><em>Judaico</em></span> <span class='ocrx_word' id='word_1_326' title='bbox 1007 2246 1055 2273; x_wconf 84' lang='lat' dir='ltr'><em>vi-</em></span> 
     </span>
     <span class='ocr_line' id='line_1_44' title="bbox 166 2285 1055 2333; baseline 0.001 -11"><span class='ocrx_word' id='word_1_327' title='bbox 166 2295 227 2323; x_wconf 84' lang='lat' dir='ltr'><em>cini</em></span> <span class='ocrx_word' id='word_1_328' title='bbox 238 2285 324 2324; x_wconf 82' lang='lat' dir='ltr'><em>Ritui</em></span> <span class='ocrx_word' id='word_1_329' title='bbox 337 2288 454 2333; x_wconf 85' lang='lat' dir='ltr'><em>Pascha</em></span> <span class='ocrx_word' id='word_1_330' title='bbox 464 2289 657 2323; x_wconf 87' lang='lat' dir='ltr'><em>celebrabant</em></span> <span class='ocrx_word' id='word_1_331' title='bbox 667 2315 677 2331; x_wconf 93' lang='lat'><em>,</em></span> <span class='ocrx_word' id='word_1_332' title='bbox 707 2291 938 2324; x_wconf 83' lang='lat' dir='ltr'><em>emendandam.</em></span> <span class='ocrx_word' id='word_1_333' title='bbox 966 2294 1055 2323; x_wconf 88' lang='lat' dir='ltr'><em>Utra-</em></span> 
     </span>
     <span class='ocr_line' id='line_1_45' title="bbox 169 2336 1054 2383; baseline 0.002 -11"><span class='ocrx_word' id='word_1_334' title='bbox 169 2350 225 2382; x_wconf 85' lang='lat' dir='ltr'><em>que</em></span> <span class='ocrx_word' id='word_1_335' title='bbox 234 2347 335 2373; x_wconf 86' lang='lat' dir='ltr'><em>tamen</em></span> <span class='ocrx_word' id='word_1_336' title='bbox 346 2336 378 2373; x_wconf 87' lang='lat' dir='ltr'><em>re</em></span> <span class='ocrx_word' id='word_1_337' title='bbox 389 2339 501 2381; x_wconf 68' lang='lat' dir='ltr'><em>infecla</em></span> <span class='ocrx_word' id='word_1_338' title='bbox 510 2338 649 2383; x_wconf 76' lang='lat' dir='ltr'><em>reversus</em></span> <span class='ocrx_word' id='word_1_339' title='bbox 659 2339 705 2381; x_wconf 83' lang='lat' dir='ltr'><em>est.</em></span> <span class='ocrx_word' id='word_1_340' title='bbox 747 2341 922 2375; x_wconf 87' lang='lat' dir='ltr'><em>Consonat</em></span> <span class='ocrx_word' id='word_1_341' title='bbox 937 2340 971 2374; x_wconf 88' lang='lat' dir='ltr'><em>in</em></span> <span class='ocrx_word' id='word_1_342' title='bbox 993 2340 1054 2374; x_wconf 85' lang='lat' dir='ltr'><em>Ec-</em></span> 
     </span>
     <span class='ocr_line' id='line_1_46' title="bbox 165 2388 1051 2425; baseline 0 -2"><span class='ocrx_word' id='word_1_343' title='bbox 165 2388 340 2424; x_wconf 85' lang='lat' dir='ltr'><em>clefiastica</em></span> <span class='ocrx_word' id='word_1_344' title='bbox 362 2389 512 2424; x_wconf 88' lang='lat' dir='ltr'><em>Historia</em></span> <span class='ocrx_word' id='word_1_345' title='bbox 540 2389 730 2425; x_wconf 80' lang='lat' dir='ltr'><em>Anastasius</em></span> <span class='ocrx_word' id='word_1_346' title='bbox 756 2389 1051 2425; x_wconf 87' lang='lat' dir='ltr'><em>Bibliothecarius:</em></span> 
     </span>
     <span class='ocr_line' id='line_1_47' title="bbox 166 2438 1053 2483; baseline 0.001 -12"><span class='ocrx_word' id='word_1_347' title='bbox 166 2441 417 2481; x_wconf 84' lang='lat' dir='ltr'><em>Septimo-decimo</em></span> <span class='ocrx_word' id='word_1_348' title='bbox 426 2443 548 2482; x_wconf 82' lang='lat' dir='ltr'><em>Imperii</em></span> <span class='ocrx_word' id='word_1_349' title='bbox 556 2438 606 2483; x_wconf 75' lang='lat' dir='ltr'><em>sui</em></span> <span class='ocrx_word' id='word_1_350' title='bbox 619 2451 699 2473; x_wconf 88' lang='lat' dir='ltr'><em>anno</em></span> <span class='ocrx_word' id='word_1_351' title='bbox 723 2439 956 2481; x_wconf 83' lang='lat' dir='ltr'><em>Constantinus,</em></span> <span class='ocrx_word' id='word_1_352' title='bbox 981 2451 1053 2473; x_wconf 90' lang='lat' dir='ltr'><em>com-</em></span> 
     </span>
     <span class='ocr_line' id='line_1_48' title="bbox 161 2488 1052 2533; baseline 0 -11"><span class='ocrx_word' id='word_1_353' title='bbox 161 2497 255 2531; x_wconf 79' lang='lat' dir='ltr'><em>perta</em></span> <span class='ocrx_word' id='word_1_354' title='bbox 282 2492 347 2521; x_wconf 78' lang='lat' dir='ltr'><em>Arii</em></span> <span class='ocrx_word' id='word_1_355' title='bbox 377 2495 563 2523; x_wconf 82' lang='lat' dir='ltr'><em>commotione</em></span> <span class='ocrx_word' id='word_1_356' title='bbox 594 2491 688 2524; x_wconf 76' lang='lat' dir='ltr'><em>valde?</em></span> <span class='ocrx_word' id='word_1_357' title='bbox 719 2491 883 2524; x_wconf 81' lang='lat' dir='ltr'><em>tribulatus</em></span> <span class='ocrx_word' id='word_1_358' title='bbox 899 2514 911 2531; x_wconf 88' lang='lat'>‚</span> <span class='ocrx_word' id='word_1_359' title='bbox 936 2488 1052 2533; x_wconf 76' lang='lat' dir='ltr'><em>firipsit</em></span> 
     </span>
     <span class='ocr_line' id='line_1_49' title="bbox 168 2538 1050 2582; baseline 0 -10"><span class='ocrx_word' id='word_1_360' title='bbox 168 2539 342 2573; x_wconf 85' lang='lat' dir='ltr'><em>Alexandro</em></span> <span class='ocrx_word' id='word_1_361' title='bbox 358 2540 395 2572; x_wconf 56' lang='grc' dir='ltr'><em>ὑ*</em></span> <span class='ocrx_word' id='word_1_362' title='bbox 413 2543 482 2571; x_wconf 87' lang='lat' dir='ltr'><em>Ario</em></span> <span class='ocrx_word' id='word_1_363' title='bbox 490 2550 670 2573; x_wconf 84' lang='lat' dir='ltr'><em>communem</em></span> <span class='ocrx_word' id='word_1_364' title='bbox 683 2540 846 2582; x_wconf 70' lang='lat' dir='ltr'><em>Epistolam</em></span> <span class='ocrx_word' id='word_1_365' title='bbox 856 2553 870 2582; x_wconf 92' lang='lat'><em>;</em></span> <span class='ocrx_word' id='word_1_366' title='bbox 897 2538 1050 2581; x_wconf 85' lang='lat' dir='ltr'><em>confilium</em></span> 
     </span>
     <span class='ocr_line' id='line_1_50' title="bbox 166 2587 1051 2633; baseline 0.002 -12"><span class='ocrx_word' id='word_1_367' title='bbox 166 2590 247 2622; x_wconf 86' lang='lat' dir='ltr'><em>dans</em></span> <span class='ocrx_word' id='word_1_368' title='bbox 267 2600 394 2631; x_wconf 87' lang='lat' dir='ltr'><em>nequam</em></span> <span class='ocrx_word' id='word_1_369' title='bbox 412 2595 628 2622; x_wconf 88' lang='lat' dir='ltr'><em>commotionem</em></span> <span class='ocrx_word' id='word_1_370' title='bbox 644 2587 807 2633; x_wconf 81' lang='lat' dir='ltr'><em>solvendi,</em></span> <span class='ocrx_word' id='word_1_371' title='bbox 834 2592 868 2623; x_wconf 65' lang='grc' dir='ltr'>Θ</span> <span class='ocrx_word' id='word_1_372' title='bbox 889 2592 933 2623; x_wconf 91' lang='lat' dir='ltr'><em>ad</em></span> <span class='ocrx_word' id='word_1_373' title='bbox 946 2598 1051 2632; x_wconf 86' lang='lat' dir='ltr'><em>pacem</em></span> 
     </span>
     <span class='ocr_line' id='line_1_51' title="bbox 166 2637 1052 2680; baseline 0.001 -9"><span class='ocrx_word' id='word_1_374' title='bbox 166 2647 301 2671; x_wconf 89' lang='lat' dir='ltr'><em>mutuam</em></span> <span class='ocrx_word' id='word_1_375' title='bbox 320 2640 473 2672; x_wconf 74' lang='lat' dir='ltr'><em>redeundi.</em></span> <span class='ocrx_word' id='word_1_376' title='bbox 520 2637 599 2680; x_wconf 79' lang='lat' dir='ltr'><em>Mifit</em></span> <span class='ocrx_word' id='word_1_377' title='bbox 620 2648 724 2673; x_wconf 86' lang='lat' dir='ltr'><em>autem</em></span> <span class='ocrx_word' id='word_1_378' title='bbox 748 2641 783 2673; x_wconf 70' lang='lat' dir='ltr'><em>o·</em></span> <span class='ocrx_word' id='word_1_379' title='bbox 805 2639 919 2680; x_wconf 78' lang='lat' dir='ltr'><em>Hostum</em></span> <span class='ocrx_word' id='word_1_380' title='bbox 938 2641 1052 2673; x_wconf 83' lang='lat' dir='ltr'><em>Cordu-</em></span> 
     </span>
     <span class='ocr_line' id='line_1_52' title="bbox 166 2688 1050 2731; baseline 0.003 -11"><span class='ocrx_word' id='word_1_381' title='bbox 166 2688 214 2722; x_wconf 86' lang='lat' dir='ltr'><em>bae</em></span> <span class='ocrx_word' id='word_1_382' title='bbox 243 2689 456 2722; x_wconf 80' lang='lat' dir='ltr'><em>Alexandriam</em></span> <span class='ocrx_word' id='word_1_383' title='bbox 474 2698 580 2722; x_wconf 86' lang='lat' dir='ltr'><em>contra</em></span> <span class='ocrx_word' id='word_1_384' title='bbox 600 2692 726 2731; x_wconf 85' lang='lat' dir='ltr'><em>Arium;</em></span> <span class='ocrx_word' id='word_1_385' title='bbox 753 2692 800 2722; x_wconf 83' lang='lat' dir='ltr'><em>Et</em></span> <span class='ocrx_word' id='word_1_386' title='bbox 822 2691 868 2722; x_wconf 80' lang='lat' dir='ltr'><em>ad</em></span> <span class='ocrx_word' id='word_1_387' title='bbox 879 2694 1050 2731; x_wconf 86' lang='lat' dir='ltr'><em>Orientem,</em></span> 
     </span>
     <span class='ocr_line' id='line_1_53' title="bbox 164 2737 1050 2785; baseline 0.002 -14"><span class='ocrx_word' id='word_1_388' title='bbox 164 2738 346 2771; x_wconf 59' lang='lat' dir='ltr'><em>correcturus</em></span> <span class='ocrx_word' id='word_1_389' title='bbox 371 2739 540 2772; x_wconf 83' lang='lat' dir='ltr'><em>orientales</em></span> <span class='ocrx_word' id='word_1_390' title='bbox 556 2763 568 2779; x_wconf 95' lang='lat'><em>,</em></span> <span class='ocrx_word' id='word_1_391' title='bbox 594 2737 712 2782; x_wconf 85' lang='lat' dir='ltr'><em>Pascha</em></span> <span class='ocrx_word' id='word_1_392' title='bbox 719 2739 811 2782; x_wconf 76' lang='lat' dir='ltr'><em>pejus</em></span> <span class='ocrx_word' id='word_1_393' title='bbox 830 2741 923 2783; x_wconf 69' lang='lat' dir='ltr'><em>quam</em></span> <span class='ocrx_word' id='word_1_394' title='bbox 935 2743 969 2785; x_wconf 83' lang='lat' dir='ltr'><strong><em>J</em></strong></span> <span class='ocrx_word' id='word_1_395' title='bbox 970 2741 1050 2773; x_wconf 86' lang='lat' dir='ltr'><em>udaei</em></span> 
     </span>
     <span class='ocr_line' id='line_1_54' title="bbox 165 2786 1049 2832; baseline 0.003 -12"><span class='ocrx_word' id='word_1_396' title='bbox 165 2799 205 2821; x_wconf 85' lang='lat' dir='ltr'><em>ex</em></span> <span class='ocrx_word' id='word_1_397' title='bbox 226 2794 354 2830; x_wconf 87' lang='lat' dir='ltr'><em>antiqua</em></span> <span class='ocrx_word' id='word_1_398' title='bbox 373 2786 579 2831; x_wconf 85' lang='lat' dir='ltr'><em>consuetudine</em></span> <span class='ocrx_word' id='word_1_399' title='bbox 603 2789 796 2823; x_wconf 86' lang='lat' dir='ltr'><em>celebrantes.</em></span> <span class='ocrx_word' id='word_1_400' title='bbox 837 2788 989 2832; x_wconf 75' lang='lat' dir='ltr'><em>Reversus</em></span> <span class='ocrx_word' id='word_1_401' title='bbox 1011 2789 1049 2830; x_wconf 89' lang='lat' dir='ltr'><em>est</em></span> 
     </span>
     <span class='ocr_line' id='line_1_55' title="bbox 165 2838 1048 2881; baseline 0.005 -11"><span class='ocrx_word' id='word_1_402' title='bbox 165 2846 269 2871; x_wconf 81' lang='lat' dir='ltr'><em>autem</em></span> <span class='ocrx_word' id='word_1_403' title='bbox 289 2838 334 2870; x_wconf 89' lang='lat' dir='ltr'><em>ad</em></span> <span class='ocrx_word' id='word_1_404' title='bbox 351 2847 508 2881; x_wconf 86' lang='lat' dir='ltr'><em>utrumque</em></span> <span class='ocrx_word' id='word_1_405' title='bbox 538 2840 686 2881; x_wconf 83' lang='lat' dir='ltr'><em>inefficax.</em></span> <span class='ocrx_word' id='word_1_406' title='bbox 722 2838 907 2874; x_wconf 88' lang='lat' dir='ltr'><em>Ambarum</em></span> <span class='ocrx_word' id='word_1_407' title='bbox 931 2839 1048 2873; x_wconf 88' lang='lat' dir='ltr'><em>harum</em></span> 
     </span>
     <span class='ocr_line' id='line_1_56' title="bbox 163 2887 1050 2931; baseline 0.003 -10"><span class='ocrx_word' id='word_1_408' title='bbox 163 2887 421 2923; x_wconf 81' lang='lat' dir='ltr'><em>contentionum</em></span> <span class='ocrx_word' id='word_1_409' title='bbox 432 2887 662 2931; x_wconf 87' lang='lat' dir='ltr'><em>sopiendarum</em></span> <span class='ocrx_word' id='word_1_410' title='bbox 673 2889 869 2923; x_wconf 88' lang='lat' dir='ltr'><em>mandatum</em></span> <span class='ocrx_word' id='word_1_411' title='bbox 877 2889 968 2924; x_wconf 88' lang='lat' dir='ltr'><em>dedit</em></span> <span class='ocrx_word' id='word_1_412' title='bbox 978 2890 1050 2924; x_wconf 86' lang='lat' dir='ltr'><em>Ho-</em></span> 
     </span>
     <span class='ocr_line' id='line_1_57' title="bbox 165 2937 1050 2976; baseline 0.005 -6"><span class='ocrx_word' id='word_1_413' title='bbox 165 2937 210 2971; x_wconf 85' lang='lat' dir='ltr'><em>sio</em></span> <span class='ocrx_word' id='word_1_414' title='bbox 221 2937 469 2976; x_wconf 79' lang='lat' dir='ltr'><em>Constantinus.</em></span> <span class='ocrx_word' id='word_1_415' title='bbox 498 2937 601 2972; x_wconf 87' lang='lat' dir='ltr'><em>Haud</em></span> <span class='ocrx_word' id='word_1_416' title='bbox 611 2937 710 2973; x_wconf 76' lang='lat' dir='ltr'><em>dubie</em></span> <span class='ocrx_word' id='word_1_417' title='bbox 721 2939 824 2974; x_wconf 91' lang='lat' dir='ltr'><em>etiam</em></span> <span class='ocrx_word' id='word_1_418' title='bbox 845 2941 970 2974; x_wconf 75' lang='lat' dir='ltr'><em>sanstus</em></span> <span class='ocrx_word' id='word_1_419' title='bbox 988 2939 1050 2974; x_wconf 89' lang='lat' dir='ltr'><em>Pa-</em></span> 
     </span>
     <span class='ocr_line' id='line_1_58' title="bbox 164 2983 415 3030; baseline -0.008 -9"><span class='ocrx_word' id='word_1_420' title='bbox 164 2997 206 3030; x_wconf 81' lang='lat' dir='ltr'><em>pa</em></span> <span class='ocrx_word' id='word_1_421' title='bbox 216 2987 388 3030; x_wconf 90' lang='lat' dir='ltr'><em>Sylvester.</em></span> <span class='ocrx_word' id='word_1_422' title='bbox 414 2983 415 2986; x_wconf 62' lang='grc'>’</span> 
     </span>
     <span class='ocr_line' id='line_1_59' title="bbox 213 3035 1049 3085; baseline 0.004 -14"><span class='ocrx_word' id='word_1_423' title='bbox 213 3037 296 3072; x_wconf 86' lang='lat' dir='ltr'><em>Haec</em></span> <span class='ocrx_word' id='word_1_424' title='bbox 310 3036 460 3085; x_wconf 82' lang='lat' dir='ltr'><em>Qaestio</em></span> <span class='ocrx_word' id='word_1_425' title='bbox 471 3035 518 3070; x_wconf 91' lang='lat' dir='ltr'><em>est</em></span> <span class='ocrx_word' id='word_1_426' title='bbox 529 3036 732 3073; x_wconf 86' lang='lat' dir='ltr'><em>elucidanda.</em></span> <span class='ocrx_word' id='word_1_427' title='bbox 768 3038 824 3073; x_wconf 86' lang='lat' dir='ltr'><em>De</em></span> <span class='ocrx_word' id='word_1_428' title='bbox 836 3039 902 3083; x_wconf 86' lang='lat' dir='ltr'><em>ipsa</em></span> <span class='ocrx_word' id='word_1_429' title='bbox 914 3039 950 3073; x_wconf 91' lang='lat' dir='ltr'><em>in</em></span> <span class='ocrx_word' id='word_1_430' title='bbox 961 3040 1049 3074; x_wconf 84' lang='lat' dir='ltr'><em>Lite-</em></span> 
     </span>
     <span class='ocr_line' id='line_1_60' title="bbox 165 3085 1050 3130; baseline 0.006 -11"><span class='ocrx_word' id='word_1_431' title='bbox 165 3086 208 3121; x_wconf 84' lang='lat' dir='ltr'><em>ris</em></span> <span class='ocrx_word' id='word_1_432' title='bbox 226 3086 268 3121; x_wconf 88' lang='lat' dir='ltr'><em>ad</em></span> <span class='ocrx_word' id='word_1_433' title='bbox 288 3085 466 3121; x_wconf 87' lang='lat' dir='ltr'><em>Africanos</em></span> <span class='ocrx_word' id='word_1_434' title='bbox 489 3086 667 3130; x_wconf 87' lang='lat' dir='ltr'><em>Episcopos</em></span> <span class='ocrx_word' id='word_1_435' title='bbox 688 3087 798 3122; x_wconf 85' lang='lat' dir='ltr'><em>scribit</em></span> <span class='ocrx_word' id='word_1_436' title='bbox 810 3090 935 3123; x_wconf 71' lang='lat' dir='ltr'><em>sanstus</em></span> <span class='ocrx_word' id='word_1_437' title='bbox 946 3088 1050 3124; x_wconf 87' lang='lat' dir='ltr'><em>Atha-</em></span> 
     </span>
     <span class='ocr_line' id='line_1_61' title="bbox 29 3123 1049 3181; baseline 0.002 -11"><span class='ocrx_word' id='word_1_438' title='bbox 29 3123 149 3161; x_wconf 59' lang='lat' dir='ltr'>F⁰¹·⁷¹⁸</span> <span class='ocrx_word' id='word_1_439' title='bbox 166 3136 290 3171; x_wconf 86' lang='lat' dir='ltr'><em>nasius:</em></span> <span class='ocrx_word' id='word_1_440' title='bbox 315 3139 378 3176; x_wconf 76' lang='lat' dir='ltr'><em>Syri</em></span> <span class='ocrx_word' id='word_1_441' title='bbox 391 3161 401 3177; x_wconf 89' lang='lat'>‚</span> <span class='ocrx_word' id='word_1_442' title='bbox 429 3137 537 3169; x_wconf 84' lang='lat' dir='ltr'><em>Cilices</em></span> <span class='ocrx_word' id='word_1_443' title='bbox 550 3160 560 3176; x_wconf 86' lang='lat'><em>,</em></span> <span class='ocrx_word' id='word_1_444' title='bbox 586 3138 621 3170; x_wconf 68' lang='lat'><em>&amp;¹</em></span> <span class='ocrx_word' id='word_1_445' title='bbox 642 3143 694 3179; x_wconf 87' lang='lat' dir='ltr'><em>qui</em></span> <span class='ocrx_word' id='word_1_446' title='bbox 715 3143 748 3170; x_wconf 84' lang='lat' dir='ltr'><em>in</em></span> <span class='ocrx_word' id='word_1_447' title='bbox 765 3137 976 3181; x_wconf 77' lang='lat' dir='ltr'><em>Mesopotamia</em></span> <span class='ocrx_word' id='word_1_448' title='bbox 998 3141 1049 3173; x_wconf 81' lang='lat' dir='ltr'><em>de-</em></span> 
     </span>
     <span class='ocr_line' id='line_1_62' title="bbox 160 3185 1046 3231; baseline 0.005 -13"><span class='ocrx_word' id='word_1_449' title='bbox 160 3194 240 3230; x_wconf 83' lang='lat' dir='ltr'><em>gunt</em></span> <span class='ocrx_word' id='word_1_450' title='bbox 251 3210 262 3226; x_wconf 92' lang='lat'><em>,</em></span> <span class='ocrx_word' id='word_1_451' title='bbox 287 3185 435 3230; x_wconf 87' lang='lat' dir='ltr'><em>nobiscum</em></span> <span class='ocrx_word' id='word_1_452' title='bbox 457 3186 666 3230; x_wconf 76' lang='lat' dir='ltr'><em>diffi²ntiebant</em></span> <span class='ocrx_word' id='word_1_453' title='bbox 688 3192 720 3219; x_wconf 79' lang='lat' dir='ltr'><em>t‘n</em></span> <span class='ocrx_word' id='word_1_454' title='bbox 732 3188 911 3230; x_wconf 84' lang='lat' dir='ltr'><em>temporibus</em></span> <span class='ocrx_word' id='word_1_455' title='bbox 924 3187 1046 3231; x_wconf 79' lang='lat' dir='ltr'><em>Pascbae</em></span> 
     </span>
     <span class='ocr_line' id='line_1_63' title="bbox 167 3235 1044 3281; baseline 0.006 -13"><span class='ocrx_word' id='word_1_456' title='bbox 167 3235 333 3270; x_wconf 86' lang='lat' dir='ltr'><em>celebrandi</em></span> <span class='ocrx_word' id='word_1_457' title='bbox 345 3261 356 3278; x_wconf 89' lang='lat'>‚</span> <span class='ocrx_word' id='word_1_458' title='bbox 373 3237 454 3279; x_wconf 87' lang='lat' dir='ltr'><em>quod</em></span> <span class='ocrx_word' id='word_1_459' title='bbox 462 3237 564 3270; x_wconf 90' lang='lat' dir='ltr'><em>eodem</em></span> <span class='ocrx_word' id='word_1_460' title='bbox 575 3237 625 3270; x_wconf 87' lang='lat' dir='ltr'><em>die</em></span> <span class='ocrx_word' id='word_1_461' title='bbox 635 3247 701 3269; x_wconf 88' lang='lat' dir='ltr'><em>cum</em></span> <span class='ocrx_word' id='word_1_462' title='bbox 704 3239 737 3281; x_wconf 85' lang='lat' dir='ltr'><strong><em>J</em></strong></span> <span class='ocrx_word' id='word_1_463' title='bbox 740 3238 836 3270; x_wconf 81' lang='lat' dir='ltr'><em>udaeis</em></span> <span class='ocrx_word' id='word_1_464' title='bbox 846 3239 1044 3273; x_wconf 86' lang='lat' dir='ltr'><em>celebrabant.</em></span> 
     </span>
     <span class='ocr_line' id='line_1_64' title="bbox 167 3284 1047 3332; baseline 0.005 -13"><span class='ocrx_word' id='word_1_465' title='bbox 167 3284 319 3321; x_wconf 81' lang='lat' dir='ltr'><em>Affirmat</em></span> <span class='ocrx_word' id='word_1_466' title='bbox 327 3287 374 3321; x_wconf 86' lang='lat' dir='ltr'><em>ita</em></span> <span class='ocrx_word' id='word_1_467' title='bbox 382 3287 451 3320; x_wconf 89' lang='lat' dir='ltr'><em>illic</em></span> <span class='ocrx_word' id='word_1_468' title='bbox 464 3286 558 3321; x_wconf 83' lang='lat' dir='ltr'><em>fuisse</em></span> <span class='ocrx_word' id='word_1_469' title='bbox 577 3287 679 3330; x_wconf 90' lang='lat' dir='ltr'><em>usque</em></span> <span class='ocrx_word' id='word_1_470' title='bbox 699 3285 740 3319; x_wconf 90' lang='lat' dir='ltr'><em>ad</em></span> <span class='ocrx_word' id='word_1_471' title='bbox 764 3287 933 3322; x_wconf 85' lang='lat' dir='ltr'><em>Nicaenam</em></span> <span class='ocrx_word' id='word_1_472' title='bbox 944 3288 1047 3332; x_wconf 90' lang='lat' dir='ltr'><em>Syno-</em></span> 
     </span>
     <span class='ocr_line' id='line_1_65' title="bbox 165 3333 1046 3374; baseline 0.006 -6"><span class='ocrx_word' id='word_1_473' title='bbox 165 3333 255 3368; x_wconf 88' lang='lat' dir='ltr'><em>dum.</em></span> <span class='ocrx_word' id='word_1_474' title='bbox 291 3335 400 3371; x_wconf 88' lang='lat' dir='ltr'><em>Etiam</em></span> <span class='ocrx_word' id='word_1_475' title='bbox 421 3347 559 3371; x_wconf 88' lang='lat' dir='ltr'><em>omnem</em></span> <span class='ocrx_word' id='word_1_476' title='bbox 588 3334 767 3370; x_wconf 76' lang='lat' dir='ltr'><em>Asiaticam</em></span> <span class='ocrx_word' id='word_1_477' title='bbox 797 3337 975 3372; x_wconf 87' lang='lat' dir='ltr'><em>Dioec&#39;efim</em></span> <span class='ocrx_word' id='word_1_478' title='bbox 1001 3339 1046 3374; x_wconf 85' lang='lat' dir='ltr'><em>ita</em></span> 
     </span>
     <span class='ocr_line' id='line_1_66' title="bbox 165 3383 1046 3439; baseline 0.005 -21"><span class='ocrx_word' id='word_1_479' title='bbox 165 3383 336 3419; x_wconf 73' lang='lat' dir='ltr'><em>celebrasse</em></span> <span class='ocrx_word' id='word_1_480' title='bbox 348 3410 358 3427; x_wconf 94' lang='lat'><em>,</em></span> <span class='ocrx_word' id='word_1_481' title='bbox 370 3386 455 3420; x_wconf 86' lang='lat' dir='ltr'><em>lucet</em></span> <span class='ocrx_word' id='word_1_482' title='bbox 469 3398 511 3421; x_wconf 81' lang='lat' dir='ltr'><em>ex</em></span> <span class='ocrx_word' id='word_1_483' title='bbox 520 3385 768 3439; x_wconf 81' lang='lat' dir='ltr'><em>Qaestionibus</em></span> <span class='ocrx_word' id='word_1_484' title='bbox 780 3387 871 3421; x_wconf 69' lang='lat' dir='ltr'><em>factis</em></span> <span class='ocrx_word' id='word_1_485' title='bbox 883 3388 969 3422; x_wconf 90' lang='lat' dir='ltr'><em>inter</em></span> <span class='ocrx_word' id='word_1_486' title='bbox 979 3390 1046 3423; x_wconf 84' lang='lat' dir='ltr'><em>san-</em></span> 
     </span>
     <span class='ocr_line' id='line_1_67' title="bbox 166 3433 1045 3481; baseline 0.006 -14"><span class='ocrx_word' id='word_1_487' title='bbox 166 3435 255 3468; x_wconf 66' lang='lat' dir='ltr'><em>stum</em></span> <span class='ocrx_word' id='word_1_488' title='bbox 280 3433 450 3470; x_wconf 68' lang='lat' dir='ltr'><em>victorem</em></span> <span class='ocrx_word' id='word_1_489' title='bbox 479 3436 677 3471; x_wconf 78' lang='lat' dir='ltr'><em>Pontificem</em></span> <span class='ocrx_word' id='word_1_490' title='bbox 700 3461 710 3477; x_wconf 93' lang='lat'><em>,</em></span> <span class='ocrx_word' id='word_1_491' title='bbox 747 3447 785 3470; x_wconf 88' lang='lat' dir='ltr'><em>ac</em></span> <span class='ocrx_word' id='word_1_492' title='bbox 816 3436 1045 3481; x_wconf 78' lang='lat' dir='ltr'><em>Polycratem,</em></span> 
     </span>
     <span class='ocr_line' id='line_1_68' title="bbox 167 3482 1046 3531; baseline 0.007 -13"><span class='ocrx_word' id='word_1_493' title='bbox 167 3482 368 3529; x_wconf 75' lang='lat' dir='ltr'><em>Ephefinum</em></span> <span class='ocrx_word' id='word_1_494' title='bbox 377 3485 576 3531; x_wconf 81' lang='lat' dir='ltr'><em>Episcopum</em></span> <span class='ocrx_word' id='word_1_495' title='bbox 588 3510 599 3528; x_wconf 92' lang='lat'>‚</span> <span class='ocrx_word' id='word_1_496' title='bbox 624 3485 803 3523; x_wconf 74' lang='lat' dir='ltr'><em>primatem</em></span> <span class='ocrx_word' id='word_1_497' title='bbox 815 3487 907 3528; x_wconf 79' lang='lat' dir='ltr'><em>istius</em></span> <span class='ocrx_word' id='word_1_498' title='bbox 917 3487 1046 3524; x_wconf 73' lang='lat' dir='ltr'><em>Dioece-</em></span> 
     </span>
    </p>
   </div>
   <div class='ocr_carea' id='block_1_5' title="bbox 1065 215 1102 2107">
    <p class='ocr_par' dir='ltr' id='par_1_5' title="bbox 1065 215 1102 2107">
     <span class='ocr_line' id='line_1_69' title="bbox 1080 215 1102 468; baseline -0.682 5"><span class='ocrx_word' id='word_1_499' title='bbox 1080 215 1102 468; x_wconf 95' lang='lat' dir='ltr'><em>     </em></span> 
     </span>
     <span class='ocr_line' id='line_1_70' title="bbox 1079 468 1096 718; baseline 0 -11"><span class='ocrx_word' id='word_1_500' title='bbox 1079 468 1096 718; x_wconf 95' lang='lat' dir='ltr'><em>     </em></span> 
     </span>
     <span class='ocr_line' id='line_1_71' title="bbox 1079 718 1094 912; baseline 0 -49"><span class='ocrx_word' id='word_1_501' title='bbox 1079 718 1094 912; x_wconf 95' lang='lat' dir='ltr'><em>   </em></span> 
     </span>
     <span class='ocr_line' id='line_1_72' title="bbox 1077 912 1093 962; baseline 0 2814"><span class='ocrx_word' id='word_1_502' title='bbox 1077 912 1093 962; x_wconf 95' lang='lat' dir='ltr'><em> </em></span> 
     </span>
     <span class='ocr_line' id='line_1_73' title="bbox 1074 962 1093 1162; baseline 0 -52"><span class='ocrx_word' id='word_1_503' title='bbox 1074 962 1093 1162; x_wconf 95' lang='lat' dir='ltr'><em>    </em></span> 
     </span>
     <span class='ocr_line' id='line_1_74' title="bbox 1070 1171 1091 1507; baseline 0 0"><span class='ocrx_word' id='word_1_504' title='bbox 1070 1171 1091 1507; x_wconf 95' lang='lat' dir='ltr'><em>      </em></span> 
     </span>
     <span class='ocr_line' id='line_1_75' title="bbox 1068 1507 1087 1707; baseline 0 0"><span class='ocrx_word' id='word_1_505' title='bbox 1068 1507 1087 1707; x_wconf 95' lang='lat' dir='ltr'><em>    </em></span> 
     </span>
     <span class='ocr_line' id='line_1_76' title="bbox 1068 1707 1084 1907; baseline 0 -46"><span class='ocrx_word' id='word_1_506' title='bbox 1068 1707 1084 1907; x_wconf 95' lang='lat' dir='ltr'><em>    </em></span> 
     </span>
     <span class='ocr_line' id='line_1_77' title="bbox 1065 1917 1082 2107; baseline 0 -49"><span class='ocrx_word' id='word_1_507' title='bbox 1065 1917 1082 2107; x_wconf 95' lang='lat' dir='ltr'><em>   </em></span> 
     </span>
    </p>
   </div>
   <div class='ocr_carea' id='block_1_6' title="bbox 1139 105 2004 179">
    <p class='ocr_par' dir='ltr' id='par_1_6' title="bbox 1139 105 2004 179">
     <span class='ocr_line' id='line_1_78' title="bbox 1139 105 2004 179; baseline 0.002 -19"><span class='ocrx_word' id='word_1_508' title='bbox 1139 105 1558 162; x_wconf 64' lang='lat' dir='ltr'><em>PssonsMiALts.</em></span> <span class='ocrx_word' id='word_1_509' title='bbox 1913 139 2004 179; x_wconf 57' lang='lat'><em>2159</em></span> 
     </span>
    </p>
   </div>
   <div class='ocr_carea' id='block_1_7' title="bbox 1104 190 2123 3482">
    <p class='ocr_par' dir='ltr' id='par_1_7' title="bbox 1104 190 2123 2985">
     <span class='ocr_line' id='line_1_79' title="bbox 1139 190 2015 238; baseline 0.008 -12"><span class='ocrx_word' id='word_1_510' title='bbox 1139 193 1216 226; x_wconf 80' lang='lat' dir='ltr'><em>scos.</em></span> <span class='ocrx_word' id='word_1_511' title='bbox 1250 191 1343 227; x_wconf 86' lang='lat' dir='ltr'><em>Idem</em></span> <span class='ocrx_word' id='word_1_512' title='bbox 1365 191 1407 227; x_wconf 90' lang='lat' dir='ltr'><em>de</em></span> <span class='ocrx_word' id='word_1_513' title='bbox 1424 190 1565 227; x_wconf 86' lang='lat' dir='ltr'><em>Pontica</em></span> <span class='ocrx_word' id='word_1_514' title='bbox 1576 191 1741 233; x_wconf 82' lang='lat' dir='ltr'><em>Dioecefi,</em></span> <span class='ocrx_word' id='word_1_515' title='bbox 1765 192 1949 238; x_wconf 69' lang='lat' dir='ltr'><em>palestina,</em></span> <span class='ocrx_word' id='word_1_516' title='bbox 1974 209 2015 234; x_wconf 81' lang='lat' dir='ltr'><em>ac</em></span> 
     </span>
     <span class='ocr_line' id='line_1_80' title="bbox 1139 241 2014 288; baseline 0.005 -12"><span class='ocrx_word' id='word_1_517' title='bbox 1139 241 1206 286; x_wconf 87' lang='lat' dir='ltr'><em>ipsa</em></span> <span class='ocrx_word' id='word_1_518' title='bbox 1228 242 1532 286; x_wconf 82' lang='lat' dir='ltr'><em>Hierosolymitana</em></span> <span class='ocrx_word' id='word_1_519' title='bbox 1556 242 1701 277; x_wconf 83' lang='lat' dir='ltr'><em>Ecclesia</em></span> <span class='ocrx_word' id='word_1_520' title='bbox 1720 243 1833 278; x_wconf 88' lang='lat' dir='ltr'><em>scribit</em></span> <span class='ocrx_word' id='word_1_521' title='bbox 1844 245 1880 279; x_wconf 87' lang='lat' dir='ltr'><em>in</em></span> <span class='ocrx_word' id='word_1_522' title='bbox 1889 248 2014 288; x_wconf 72' lang='lat' dir='ltr'><em>famosa,</em></span> 
     </span>
     <span class='ocr_line' id='line_1_81' title="bbox 1137 291 2015 337; baseline 0.007 -11"><span class='ocrx_word' id='word_1_523' title='bbox 1137 291 1177 326; x_wconf 91' lang='lat' dir='ltr'><em>ad</em></span> <span class='ocrx_word' id='word_1_524' title='bbox 1189 294 1334 327; x_wconf 67' lang='lat' dir='ltr'><em>sanetum</em></span> <span class='ocrx_word' id='word_1_525' title='bbox 1346 292 1551 336; x_wconf 87' lang='lat' dir='ltr'><em>Cyprianum</em></span> <span class='ocrx_word' id='word_1_526' title='bbox 1564 292 1711 337; x_wconf 86' lang='lat' dir='ltr'><em>Epistola</em></span> <span class='ocrx_word' id='word_1_527' title='bbox 1723 293 1848 327; x_wconf 68' lang='lat' dir='ltr'><em>sanctus</em></span> <span class='ocrx_word' id='word_1_528' title='bbox 1857 295 2015 333; x_wconf 78' lang='lat' dir='ltr'><em>Firmilia·</em></span> 
     </span>
     <span class='ocr_line' id='line_1_82' title="bbox 1137 342 2014 387; baseline 0.005 -11"><span class='ocrx_word' id='word_1_529' title='bbox 1137 354 1198 376; x_wconf 88' lang='lat' dir='ltr'><em>nus</em></span> <span class='ocrx_word' id='word_1_530' title='bbox 1207 368 1218 383; x_wconf 94' lang='lat'>‚</span> <span class='ocrx_word' id='word_1_531' title='bbox 1246 342 1454 377; x_wconf 82' lang='lat' dir='ltr'><em>Caesaraeenfis</em></span> <span class='ocrx_word' id='word_1_532' title='bbox 1465 342 1500 376; x_wconf 94' lang='lat' dir='ltr'><em>in</em></span> <span class='ocrx_word' id='word_1_533' title='bbox 1511 342 1722 387; x_wconf 84' lang='lat' dir='ltr'><em>Cappadocia</em></span> <span class='ocrx_word' id='word_1_534' title='bbox 1731 343 1915 387; x_wconf 88' lang='lat' dir='ltr'><em>Episcopus</em></span> <span class='ocrx_word' id='word_1_535' title='bbox 1925 369 1936 384; x_wconf 83' lang='lat'>‚</span> <span class='ocrx_word' id='word_1_536' title='bbox 1945 346 2014 380; x_wconf 83' lang='lat' dir='ltr'><em>Pri-</em></span> 
     </span>
     <span class='ocr_line' id='line_1_83' title="bbox 1136 392 2014 437; baseline 0.003 -12"><span class='ocrx_word' id='word_1_537' title='bbox 1136 404 1203 426; x_wconf 86' lang='lat' dir='ltr'><em>mas</em></span> <span class='ocrx_word' id='word_1_538' title='bbox 1213 393 1361 427; x_wconf 83' lang='lat' dir='ltr'><em>Ponticae</em></span> <span class='ocrx_word' id='word_1_539' title='bbox 1370 393 1573 427; x_wconf 88' lang='lat' dir='ltr'><em>Dioeceseos:</em></span> <span class='ocrx_word' id='word_1_540' title='bbox 1601 397 1665 427; x_wconf 89' lang='lat' dir='ltr'><em>Eos</em></span> <span class='ocrx_word' id='word_1_541' title='bbox 1676 399 1727 437; x_wconf 87' lang='lat' dir='ltr'><em>qui</em></span> <span class='ocrx_word' id='word_1_542' title='bbox 1740 397 1843 427; x_wconf 75' lang='lat' dir='ltr'><em>Roma·</em></span> <span class='ocrx_word' id='word_1_543' title='bbox 1848 392 1925 437; x_wconf 88' lang='lat' dir='ltr'><em>sunt</em></span> <span class='ocrx_word' id='word_1_544' title='bbox 1935 418 1946 434; x_wconf 90' lang='lat'>‚</span> <span class='ocrx_word' id='word_1_545' title='bbox 1957 406 2014 429; x_wconf 83' lang='lat' dir='ltr'><em>non</em></span> 
     </span>
     <span class='ocr_line' id='line_1_84' title="bbox 1135 441 2014 488; baseline 0.002 -13"><span class='ocrx_word' id='word_1_546' title='bbox 1135 454 1171 476; x_wconf 87' lang='lat' dir='ltr'><em>ea</em></span> <span class='ocrx_word' id='word_1_547' title='bbox 1179 449 1212 475; x_wconf 87' lang='lat' dir='ltr'><em>in</em></span> <span class='ocrx_word' id='word_1_548' title='bbox 1223 443 1357 483; x_wconf 83' lang='lat' dir='ltr'><em>omnibus</em></span> <span class='ocrx_word' id='word_1_549' title='bbox 1367 441 1524 486; x_wconf 82' lang='lat' dir='ltr'><em>observare</em></span> <span class='ocrx_word' id='word_1_550' title='bbox 1535 443 1683 488; x_wconf 82' lang='lat' dir='ltr'><em>quaesunt</em></span> <span class='ocrx_word' id='word_1_551' title='bbox 1693 444 1731 477; x_wconf 90' lang='lat' dir='ltr'><em>ab</em></span> <span class='ocrx_word' id='word_1_552' title='bbox 1743 450 1853 488; x_wconf 86' lang='lat' dir='ltr'><em>origine</em></span> <span class='ocrx_word' id='word_1_553' title='bbox 1872 445 1990 478; x_wconf 85' lang='lat' dir='ltr'><em>tradita</em></span> <span class='ocrx_word' id='word_1_554' title='bbox 2002 470 2014 486; x_wconf 91' lang='lat'>‚</span> 
     </span>
     <span class='ocr_line' id='line_1_85' title="bbox 1136 491 2013 538; baseline 0.001 -12"><span class='ocrx_word' id='word_1_555' title='bbox 1136 491 1292 535; x_wconf 71' lang='lat' dir='ltr'><em>&amp;frustra</em></span> <span class='ocrx_word' id='word_1_556' title='bbox 1303 492 1516 527; x_wconf 82' lang='lat' dir='ltr'><em>authoritatem</em></span> <span class='ocrx_word' id='word_1_557' title='bbox 1526 494 1721 536; x_wconf 82' lang='lat' dir='ltr'><em>Apostolorum</em></span> <span class='ocrx_word' id='word_1_558' title='bbox 1728 496 1921 537; x_wconf 84' lang='lat' dir='ltr'><em>praetendere</em></span> <span class='ocrx_word' id='word_1_559' title='bbox 1933 519 1943 535; x_wconf 88' lang='lat'>‚</span> <span class='ocrx_word' id='word_1_560' title='bbox 1956 494 2013 538; x_wconf 75' lang='lat' dir='ltr'><em>fii-</em></span> 
     </span>
     <span class='ocr_line' id='line_1_86' title="bbox 1134 543 2013 587; baseline 0.005 -12"><span class='ocrx_word' id='word_1_561' title='bbox 1134 554 1166 575; x_wconf 91' lang='lat' dir='ltr'><em>re</em></span> <span class='ocrx_word' id='word_1_562' title='bbox 1178 548 1246 585; x_wconf 87' lang='lat' dir='ltr'><em>quis</em></span> <span class='ocrx_word' id='word_1_563' title='bbox 1257 549 1348 576; x_wconf 88' lang='lat' dir='ltr'><em>etiam</em></span> <span class='ocrx_word' id='word_1_564' title='bbox 1359 544 1429 577; x_wconf 87' lang='lat' dir='ltr'><em>inde</em></span> <span class='ocrx_word' id='word_1_565' title='bbox 1434 543 1529 585; x_wconf 87' lang='lat' dir='ltr'><em>potest</em></span> <span class='ocrx_word' id='word_1_566' title='bbox 1540 569 1551 585; x_wconf 90' lang='lat'><em>,</em></span> <span class='ocrx_word' id='word_1_567' title='bbox 1568 546 1649 587; x_wconf 86' lang='lat' dir='ltr'><em>quod</em></span> <span class='ocrx_word' id='word_1_568' title='bbox 1655 546 1732 577; x_wconf 60' lang='lat' dir='ltr'><em>circei</em></span> <span class='ocrx_word' id='word_1_569' title='bbox 1743 545 1934 579; x_wconf 87' lang='lat' dir='ltr'><em>celebrandos</em></span> <span class='ocrx_word' id='word_1_570' title='bbox 1945 547 2013 579; x_wconf 86' lang='lat' dir='ltr'><em>dies</em></span> 
     </span>
     <span class='ocr_line' id='line_1_87' title="bbox 1135 591 2013 637; baseline 0.003 -12"><span class='ocrx_word' id='word_1_571' title='bbox 1135 591 1259 635; x_wconf 73' lang='lat' dir='ltr'><em>Paschae</em></span> <span class='ocrx_word' id='word_1_572' title='bbox 1279 595 1385 626; x_wconf 83' lang='lat' dir='ltr'><em>videat</em></span> <span class='ocrx_word' id='word_1_573' title='bbox 1406 595 1492 636; x_wconf 89' lang='lat' dir='ltr'><em>apud</em></span> <span class='ocrx_word' id='word_1_574' title='bbox 1510 595 1575 627; x_wconf 88' lang='lat' dir='ltr'><em>illos</em></span> <span class='ocrx_word' id='word_1_575' title='bbox 1594 594 1646 637; x_wconf 85' lang='lat' dir='ltr'><em>esse</em></span> <span class='ocrx_word' id='word_1_576' title='bbox 1667 594 1789 636; x_wconf 86' lang='lat' dir='ltr'><em>aliquas</em></span> <span class='ocrx_word' id='word_1_577' title='bbox 1799 593 1988 636; x_wconf 73' lang='lat' dir='ltr'><em>diversitates</em></span> <span class='ocrx_word' id='word_1_578' title='bbox 2000 619 2013 636; x_wconf 85' lang='lat'><em>,</em></span> 
     </span>
     <span class='ocr_line' id='line_1_88' title="bbox 1134 641 2014 689; baseline 0.003 -15"><span class='ocrx_word' id='word_1_579' title='bbox 1134 653 1185 675; x_wconf 86' lang='lat' dir='ltr'><em>nec</em></span> <span class='ocrx_word' id='word_1_580' title='bbox 1194 641 1344 685; x_wconf 84' lang='lat' dir='ltr'><em>observari</em></span> <span class='ocrx_word' id='word_1_581' title='bbox 1364 644 1423 677; x_wconf 88' lang='lat' dir='ltr'><em>illic</em></span> <span class='ocrx_word' id='word_1_582' title='bbox 1444 649 1543 676; x_wconf 90' lang='lat' dir='ltr'><em>omnia</em></span> <span class='ocrx_word' id='word_1_583' title='bbox 1565 645 1721 686; x_wconf 85' lang='lat' dir='ltr'><em>aequaliter</em></span> <span class='ocrx_word' id='word_1_584' title='bbox 1733 668 1743 684; x_wconf 92' lang='lat'><em>,</em></span> <span class='ocrx_word' id='word_1_585' title='bbox 1769 656 1839 686; x_wconf 84' lang='lat' dir='ltr'><em>quae</em></span> <span class='ocrx_word' id='word_1_586' title='bbox 1860 644 2014 689; x_wconf 68' lang='lat' dir='ltr'><em>Hierosoly-</em></span> 
     </span>
     <span class='ocr_line' id='line_1_89' title="bbox 1134 691 2013 735; baseline 0.006 -11"><span class='ocrx_word' id='word_1_587' title='bbox 1134 698 1191 724; x_wconf 87' lang='lat' dir='ltr'><em>mis</em></span> <span class='ocrx_word' id='word_1_588' title='bbox 1207 691 1411 735; x_wconf 84' lang='lat' dir='ltr'><em>observantur.</em></span> <span class='ocrx_word' id='word_1_589' title='bbox 1449 694 1601 727; x_wconf 85' lang='lat' dir='ltr'><em>Affirmat</em></span> <span class='ocrx_word' id='word_1_590' title='bbox 1621 694 1811 727; x_wconf 87' lang='lat' dir='ltr'><em>Romanam</em></span> <span class='ocrx_word' id='word_1_591' title='bbox 1835 694 2013 729; x_wconf 76' lang='lat' dir='ltr'><em>Ecclesiam</em></span> 
     </span>
     <span class='ocr_line' id='line_1_90' title="bbox 1135 742 2011 787; baseline 0.005 -13"><span class='ocrx_word' id='word_1_592' title='bbox 1135 743 1169 775; x_wconf 89' lang='lat' dir='ltr'><em>in</em></span> <span class='ocrx_word' id='word_1_593' title='bbox 1179 742 1375 787; x_wconf 87' lang='lat' dir='ltr'><em>designanda</em></span> <span class='ocrx_word' id='word_1_594' title='bbox 1386 742 1481 787; x_wconf 76' lang='lat' dir='ltr'><em>hujus</em></span> <span class='ocrx_word' id='word_1_595' title='bbox 1491 743 1688 778; x_wconf 81' lang='lat' dir='ltr'><em>Festivitatis</em></span> <span class='ocrx_word' id='word_1_596' title='bbox 1704 742 1764 777; x_wconf 86' lang='lat' dir='ltr'><em>die</em></span> <span class='ocrx_word' id='word_1_597' title='bbox 1778 743 1948 778; x_wconf 80' lang='lat' dir='ltr'><em>disceffiffe</em></span> <span class='ocrx_word' id='word_1_598' title='bbox 1967 744 2011 778; x_wconf 86' lang='lat' dir='ltr'><em>ab</em></span> 
     </span>
     <span class='ocr_line' id='line_1_91' title="bbox 1134 790 2012 838; baseline 0.003 -13"><span class='ocrx_word' id='word_1_599' title='bbox 1134 790 1326 838; x_wconf 63' lang='lat' dir='ltr'><em>Apostolica</em></span> <span class='ocrx_word' id='word_1_600' title='bbox 1335 793 1549 834; x_wconf 84' lang='lat' dir='ltr'><em>Traditione,</em></span> <span class='ocrx_word' id='word_1_601' title='bbox 1560 793 1701 838; x_wconf 90' lang='lat' dir='ltr'><em>ideoque</em></span> <span class='ocrx_word' id='word_1_602' title='bbox 1711 793 1754 828; x_wconf 88' lang='lat' dir='ltr'><em>ab</em></span> <span class='ocrx_word' id='word_1_603' title='bbox 1765 793 1880 827; x_wconf 89' lang='lat' dir='ltr'><em>eadem</em></span> <span class='ocrx_word' id='word_1_604' title='bbox 1890 795 2012 836; x_wconf 86' lang='lat' dir='ltr'><em>potuis-</em></span> 
     </span>
     <span class='ocr_line' id='line_1_92' title="bbox 1133 842 2012 887; baseline 0.003 -13"><span class='ocrx_word' id='word_1_605' title='bbox 1133 842 1165 875; x_wconf 91' lang='lat' dir='ltr'><em>se</em></span> <span class='ocrx_word' id='word_1_606' title='bbox 1174 842 1274 877; x_wconf 87' lang='lat' dir='ltr'><em>etiam</em></span> <span class='ocrx_word' id='word_1_607' title='bbox 1284 843 1369 878; x_wconf 70' lang='lat' dir='ltr'><em>circa</em></span> <span class='ocrx_word' id='word_1_608' title='bbox 1391 844 1630 879; x_wconf 81' lang='lat' dir='ltr'><em>Haereticorum</em></span> <span class='ocrx_word' id='word_1_609' title='bbox 1651 844 1817 887; x_wconf 87' lang='lat' dir='ltr'><em>Baptisma</em></span> <span class='ocrx_word' id='word_1_610' title='bbox 1837 842 2012 877; x_wconf 80' lang='lat' dir='ltr'><em>discedere.</em></span> 
     </span>
     <span class='ocr_line' id='line_1_93' title="bbox 1133 890 2014 938; baseline 0.002 -14"><span class='ocrx_word' id='word_1_611' title='bbox 1133 890 1405 936; x_wconf 80' lang='lat' dir='ltr'><em>circumscriptus</em></span> <span class='ocrx_word' id='word_1_612' title='bbox 1427 904 1526 938; x_wconf 89' lang='lat' dir='ltr'><em>atque</em></span> <span class='ocrx_word' id='word_1_613' title='bbox 1547 894 1647 928; x_wconf 89' lang='lat' dir='ltr'><em>iratus</em></span> <span class='ocrx_word' id='word_1_614' title='bbox 1673 893 1886 928; x_wconf 86' lang='lat' dir='ltr'><em>Firmilianus</em></span> <span class='ocrx_word' id='word_1_615' title='bbox 1906 893 2014 936; x_wconf 78' lang='lat' dir='ltr'><em>loqui·-</em></span> 
     </span>
     <span class='ocr_line' id='line_1_94' title="bbox 1132 940 2012 987; baseline 0.003 -13"><span class='ocrx_word' id='word_1_616' title='bbox 1132 950 1191 974; x_wconf 88' lang='lat' dir='ltr'><em>tur.</em></span> <span class='ocrx_word' id='word_1_617' title='bbox 1220 940 1381 977; x_wconf 90' lang='lat' dir='ltr'><em>Ponticos</em></span> <span class='ocrx_word' id='word_1_618' title='bbox 1390 945 1465 978; x_wconf 87' lang='lat' dir='ltr'><em>suos</em></span> <span class='ocrx_word' id='word_1_619' title='bbox 1477 965 1500 984; x_wconf 80' lang='lat'><em>,—</em></span> <span class='ocrx_word' id='word_1_620' title='bbox 1513 944 1591 978; x_wconf 83' lang='lat' dir='ltr'><em>licet</em></span> <span class='ocrx_word' id='word_1_621' title='bbox 1609 943 1724 978; x_wconf 72' lang='lat' dir='ltr'><em>diserte</em></span> <span class='ocrx_word' id='word_1_622' title='bbox 1748 955 1817 978; x_wconf 86' lang='lat' dir='ltr'><em>non</em></span> <span class='ocrx_word' id='word_1_623' title='bbox 1827 943 2012 987; x_wconf 84' lang='lat' dir='ltr'><em>exprimat,</em></span> 
     </span>
     <span class='ocr_line' id='line_1_95' title="bbox 1131 992 2011 1037; baseline 0.003 -13"><span class='ocrx_word' id='word_1_624' title='bbox 1131 992 1272 1025; x_wconf 78' lang='lat' dir='ltr'><em>omnino</em></span> <span class='ocrx_word' id='word_1_625' title='bbox 1282 992 1389 1026; x_wconf 75' lang='lat' dir='ltr'><em>asserit</em></span> <span class='ocrx_word' id='word_1_626' title='bbox 1407 993 1484 1027; x_wconf 75' lang='lat' dir='ltr'><em>cum</em></span> <span class='ocrx_word' id='word_1_627' title='bbox 1506 994 1821 1037; x_wconf 86' lang='lat' dir='ltr'><em>Hierosolymitanis</em></span> <span class='ocrx_word' id='word_1_628' title='bbox 1840 992 2011 1028; x_wconf 86' lang='lat' dir='ltr'><em>celebrare.</em></span> 
     </span>
     <span class='ocr_line' id='line_1_96' title="bbox 1131 1041 2014 1087; baseline 0.005 -13"><span class='ocrx_word' id='word_1_629' title='bbox 1131 1041 1199 1074; x_wconf 86' lang='lat' dir='ltr'><em>Eos</em></span> <span class='ocrx_word' id='word_1_630' title='bbox 1210 1042 1246 1075; x_wconf 88' lang='lat' dir='ltr'><em>in</em></span> <span class='ocrx_word' id='word_1_631' title='bbox 1257 1041 1398 1082; x_wconf 60' lang='lat' dir='ltr'><em>Litteris«,</em></span> <span class='ocrx_word' id='word_1_632' title='bbox 1423 1054 1483 1086; x_wconf 89' lang='lat' dir='ltr'><em>pro</em></span> <span class='ocrx_word' id='word_1_633' title='bbox 1503 1043 1648 1078; x_wconf 83' lang='lat' dir='ltr'><em>Nicaenae</em></span> <span class='ocrx_word' id='word_1_634' title='bbox 1667 1043 1796 1087; x_wconf 83' lang='lat' dir='ltr'><em>Synodi</em></span> <span class='ocrx_word' id='word_1_635' title='bbox 1817 1043 2014 1078; x_wconf 84' lang='lat' dir='ltr'><em>executione</em></span> 
     </span>
     <span class='ocr_line' id='line_1_97' title="bbox 1130 1091 2013 1137; baseline 0.005 -14"><span class='ocrx_word' id='word_1_636' title='bbox 1130 1092 1253 1134; x_wconf 83' lang='lat' dir='ltr'><em>scriptis</em></span> <span class='ocrx_word' id='word_1_637' title='bbox 1273 1091 1315 1125; x_wconf 90' lang='lat' dir='ltr'><em>ad</em></span> <span class='ocrx_word' id='word_1_638' title='bbox 1336 1092 1645 1133; x_wconf 82' lang='lat' dir='ltr'><em>omnes-Ecclefias,</em></span> <span class='ocrx_word' id='word_1_639' title='bbox 1670 1093 1818 1137; x_wconf 77' lang='lat' dir='ltr'><em>expreffit</em></span> <span class='ocrx_word' id='word_1_640' title='bbox 1830 1093 2013 1137; x_wconf 86' lang='lat' dir='ltr'><em>Imperator</em></span> 
     </span>
     <span class='ocr_line' id='line_1_98' title="bbox 1130 1140 2013 1186; baseline 0.002 -12"><span class='ocrx_word' id='word_1_641' title='bbox 1130 1140 1392 1182; x_wconf 84' lang='lat' dir='ltr'><em>Constantinus,</em></span> <span class='ocrx_word' id='word_1_642' title='bbox 1424 1142 1625 1185; x_wconf 84' lang='lat' dir='ltr'><em>&amp;adjunxit</em></span> <span class='ocrx_word' id='word_1_643' title='bbox 1646 1141 1798 1177; x_wconf 84' lang='lat' dir='ltr'><em>Asiaticis</em></span> <span class='ocrx_word' id='word_1_644' title='bbox 1817 1152 1916 1186; x_wconf 82' lang='lat' dir='ltr'><em>acque</em></span> <span class='ocrx_word' id='word_1_645' title='bbox 1928 1143 2013 1177; x_wconf 88' lang='lat' dir='ltr'><em>Cili-</em></span> 
     </span>
     <span class='ocr_line' id='line_1_99' title="bbox 1129 1190 2013 1236; baseline 0.002 -12"><span class='ocrx_word' id='word_1_646' title='bbox 1129 1190 1230 1224; x_wconf 85' lang='lat' dir='ltr'><em>cibus.</em></span> <span class='ocrx_word' id='word_1_647' title='bbox 1258 1190 1413 1226; x_wconf 84' lang='lat' dir='ltr'><em>Eundem</em></span> <span class='ocrx_word' id='word_1_648' title='bbox 1434 1203 1562 1226; x_wconf 90' lang='lat' dir='ltr'><em>morem</em></span> <span class='ocrx_word' id='word_1_649' title='bbox 1585 1193 1687 1236; x_wconf 92' lang='lat' dir='ltr'><em>usque</em></span> <span class='ocrx_word' id='word_1_650' title='bbox 1707 1192 1750 1226; x_wconf 89' lang='lat' dir='ltr'><em>ad</em></span> <span class='ocrx_word' id='word_1_651' title='bbox 1771 1192 1943 1227; x_wconf 86' lang='lat' dir='ltr'><em>Nicaenam</em></span> <span class='ocrx_word' id='word_1_652' title='bbox 1954 1192 2013 1236; x_wconf 87' lang='lat' dir='ltr'><em>Sy-</em></span> 
     </span>
     <span class='ocr_line' id='line_1_100' title="bbox 1130 1240 2013 1287; baseline 0.003 -13"><span class='ocrx_word' id='word_1_653' title='bbox 1130 1240 1255 1275; x_wconf 85' lang='lat' dir='ltr'><em>nodum</em></span> <span class='ocrx_word' id='word_1_654' title='bbox 1266 1242 1403 1287; x_wconf 68' lang='lat' dir='ltr'><em>viguisse</em></span> <span class='ocrx_word' id='word_1_655' title='bbox 1413 1242 1447 1277; x_wconf 91' lang='lat' dir='ltr'><em>in</em></span> <span class='ocrx_word' id='word_1_656' title='bbox 1471 1241 1687 1277; x_wconf 87' lang='lat' dir='ltr'><em>Antiochena</em></span> <span class='ocrx_word' id='word_1_657' title='bbox 1710 1241 1926 1277; x_wconf 86' lang='lat' dir='ltr'><em>Patriarchali</em></span> <span class='ocrx_word' id='word_1_658' title='bbox 1948 1242 2013 1277; x_wconf 87' lang='lat' dir='ltr'><em>Ec-</em></span> 
     </span>
     <span class='ocr_line' id='line_1_101' title="bbox 1128 1291 2012 1336; baseline 0.002 -12"><span class='ocrx_word' id='word_1_659' title='bbox 1128 1291 1222 1325; x_wconf 86' lang='lat' dir='ltr'><em>clesia</em></span> <span class='ocrx_word' id='word_1_660' title='bbox 1233 1291 1367 1326; x_wconf 88' lang='lat' dir='ltr'><em>testatur</em></span> <span class='ocrx_word' id='word_1_661' title='bbox 1378 1292 1413 1326; x_wconf 90' lang='lat' dir='ltr'><em>in</em></span> <span class='ocrx_word' id='word_1_662' title='bbox 1426 1292 1584 1326; x_wconf 89' lang='lat' dir='ltr'><em>Sermone</em></span> <span class='ocrx_word' id='word_1_663' title='bbox 1594 1292 1745 1327; x_wconf 71' lang='lat' dir='ltr'><em>adversus</em></span> <span class='ocrx_word' id='word_1_664' title='bbox 1754 1304 1812 1327; x_wconf 89' lang='lat' dir='ltr'><em>eos</em></span> <span class='ocrx_word' id='word_1_665' title='bbox 1822 1317 1833 1333; x_wconf 94' lang='lat'><em>,</em></span> <span class='ocrx_word' id='word_1_666' title='bbox 1858 1292 1917 1336; x_wconf 88' lang='lat' dir='ltr'><em>qui</em></span> <span class='ocrx_word' id='word_1_667' title='bbox 1937 1292 2012 1326; x_wconf 66' lang='lat' dir='ltr'><em>Pas</em></span> 
     </span>
     <span class='ocr_line' id='line_1_102' title="bbox 1128 1339 2009 1386; baseline 0.002 -12"><span class='ocrx_word' id='word_1_668' title='bbox 1128 1339 1189 1375; x_wconf 85' lang='lat' dir='ltr'><em>cha</em></span> <span class='ocrx_word' id='word_1_669' title='bbox 1198 1341 1343 1384; x_wconf 81' lang='lat' dir='ltr'><em>jejunant</em></span> <span class='ocrx_word' id='word_1_670' title='bbox 1354 1367 1365 1382; x_wconf 95' lang='lat'><em>,</em></span> <span class='ocrx_word' id='word_1_671' title='bbox 1377 1342 1522 1385; x_wconf 84' lang='lat' dir='ltr'><em>ejusdem</em></span> <span class='ocrx_word' id='word_1_672' title='bbox 1533 1342 1683 1377; x_wconf 81' lang='lat' dir='ltr'><em>Ecclefiae</em></span> <span class='ocrx_word' id='word_1_673' title='bbox 1693 1341 1867 1386; x_wconf 80' lang='lat' dir='ltr'><em>Presbyter</em></span> <span class='ocrx_word' id='word_1_674' title='bbox 1881 1343 2009 1377; x_wconf 64' lang='lat' dir='ltr'><em>sandius</em></span> 
     </span>
     <span class='ocr_line' id='line_1_103' title="bbox 1128 1391 2009 1440; baseline 0.001 -15"><span class='ocrx_word' id='word_1_675' title='bbox 1128 1391 1268 1434; x_wconf 80' lang='lat' dir='ltr'><em>Ioannes</em></span> <span class='ocrx_word' id='word_1_676' title='bbox 1293 1391 1561 1435; x_wconf 87' lang='lat' dir='ltr'><em>Chrysostomus.</em></span> <span class='ocrx_word' id='word_1_677' title='bbox 1598 1393 1683 1440; x_wconf 79' lang='lat' dir='ltr'><em>Qae</em></span> <span class='ocrx_word' id='word_1_678' title='bbox 1707 1393 1822 1426; x_wconf 85' lang='lat' dir='ltr'><em>omnia</em></span> <span class='ocrx_word' id='word_1_679' title='bbox 1841 1393 2009 1437; x_wconf 82' lang='lat' dir='ltr'><em>insigniter</em></span> 
     </span>
     <span class='ocr_line' id='line_1_104' title="bbox 1127 1440 2008 1490; baseline 0 -15"><span class='ocrx_word' id='word_1_680' title='bbox 1127 1442 1302 1475; x_wconf 86' lang='lat' dir='ltr'><em>confirmat</em></span> <span class='ocrx_word' id='word_1_681' title='bbox 1332 1442 1363 1474; x_wconf 92' lang='lat' dir='ltr'><em>S.</em></span> <span class='ocrx_word' id='word_1_682' title='bbox 1402 1440 1616 1485; x_wconf 86' lang='lat' dir='ltr'><em>Epiphanius.</em></span> <span class='ocrx_word' id='word_1_683' title='bbox 1663 1441 2008 1490; x_wconf 72' lang='lat' dir='ltr'><em>Qartodecimanum</em></span> 
     </span>
     <span class='ocr_line' id='line_1_105' title="bbox 1128 1491 2008 1534; baseline 0 -9"><span class='ocrx_word' id='word_1_684' title='bbox 1128 1491 1360 1525; x_wconf 89' lang='lat' dir='ltr'><em>Audianorum</em></span> <span class='ocrx_word' id='word_1_685' title='bbox 1382 1502 1522 1525; x_wconf 88' lang='lat' dir='ltr'><em>errorem</em></span> <span class='ocrx_word' id='word_1_686' title='bbox 1546 1491 1706 1534; x_wconf 87' lang='lat' dir='ltr'><em>exponit,</em></span> <span class='ocrx_word' id='word_1_687' title='bbox 1732 1492 1767 1525; x_wconf 71' lang='grc' dir='ltr'><em>ὅ(</em></span> <span class='ocrx_word' id='word_1_688' title='bbox 1787 1491 1922 1525; x_wconf 88' lang='lat' dir='ltr'><em>adducit</em></span> <span class='ocrx_word' id='word_1_689' title='bbox 1942 1491 2008 1525; x_wconf 91' lang='lat' dir='ltr'><em>hoc</em></span> 
     </span>
     <span class='ocr_line' id='line_1_106' title="bbox 1125 1540 2008 1588; baseline -0.001 -13"><span class='ocrx_word' id='word_1_690' title='bbox 1125 1541 1192 1584; x_wconf 82' lang='lat' dir='ltr'><em>ejus</em></span> <span class='ocrx_word' id='word_1_691' title='bbox 1203 1540 1456 1575; x_wconf 88' lang='lat' dir='ltr'><em>fundamentum</em></span> <span class='ocrx_word' id='word_1_692' title='bbox 1472 1553 1478 1572; x_wconf 74' lang='grc' dir='ltr'>ε</span> <span class='ocrx_word' id='word_1_693' title='bbox 1508 1540 1611 1588; x_wconf 83' lang='lat' dir='ltr'><em>Qod</em></span> <span class='ocrx_word' id='word_1_694' title='bbox 1622 1540 1774 1576; x_wconf 89' lang='lat' dir='ltr'><em>videlicet</em></span> <span class='ocrx_word' id='word_1_695' title='bbox 1790 1541 1875 1575; x_wconf 77' lang='lat' dir='ltr'><em>o&#39;lim</em></span> <span class='ocrx_word' id='word_1_696' title='bbox 1886 1540 1953 1576; x_wconf 88' lang='lat' dir='ltr'><em>haec</em></span> <span class='ocrx_word' id='word_1_697' title='bbox 1969 1542 2008 1575; x_wconf 81' lang='lat' dir='ltr'><em>in</em></span> 
     </span>
     <span class='ocr_line' id='line_1_107' title="bbox 1126 1589 2008 1635; baseline 0.002 -10"><span class='ocrx_word' id='word_1_698' title='bbox 1126 1591 1302 1625; x_wconf 78' lang='lat' dir='ltr'><em>Ecclesiam</em></span> <span class='ocrx_word' id='word_1_699' title='bbox 1325 1589 1531 1625; x_wconf 88' lang='lat' dir='ltr'><em>cousuetudo</em></span> <span class='ocrx_word' id='word_1_700' title='bbox 1560 1601 1692 1635; x_wconf 76' lang='lat' dir='ltr'><em>recepta</em></span> <span class='ocrx_word' id='word_1_701' title='bbox 1719 1592 1825 1626; x_wconf 81' lang='lat' dir='ltr'><em>suerit.</em></span> <span class='ocrx_word' id='word_1_702' title='bbox 1874 1591 2008 1635; x_wconf 76' lang='lat' dir='ltr'><em>Utique</em></span> 
     </span>
     <span class='ocr_line' id='line_1_108' title="bbox 1124 1639 2007 1684; baseline 0.002 -10"><span class='ocrx_word' id='word_1_703' title='bbox 1124 1640 1328 1675; x_wconf 88' lang='lat' dir='ltr'><em>consuetudo</em></span> <span class='ocrx_word' id='word_1_704' title='bbox 1340 1639 1465 1675; x_wconf 82' lang='lat' dir='ltr'><em>Pascha</em></span> <span class='ocrx_word' id='word_1_705' title='bbox 1477 1652 1553 1674; x_wconf 88' lang='lat' dir='ltr'><em>cum</em></span> <span class='ocrx_word' id='word_1_706' title='bbox 1565 1640 1682 1684; x_wconf 85' lang='lat' dir='ltr'><em>Judaeis</em></span> <span class='ocrx_word' id='word_1_707' title='bbox 1691 1641 1887 1676; x_wconf 85' lang='lat' dir='ltr'><em>celebrandi.</em></span> <span class='ocrx_word' id='word_1_708' title='bbox 1916 1643 2007 1676; x_wconf 88' lang='lat' dir='ltr'><em>Con-</em></span> 
     </span>
     <span class='ocr_line' id='line_1_109' title="bbox 1124 1689 2123 1737; baseline -0.003 -12"><span class='ocrx_word' id='word_1_709' title='bbox 1124 1691 1264 1725; x_wconf 87' lang='lat' dir='ltr'><em>suetudo</em></span> <span class='ocrx_word' id='word_1_710' title='bbox 1276 1691 1373 1725; x_wconf 88' lang='lat' dir='ltr'><em>varia.</em></span> <span class='ocrx_word' id='word_1_711' title='bbox 1401 1690 1536 1725; x_wconf 88' lang='lat' dir='ltr'><em>Etenim</em></span> <span class='ocrx_word' id='word_1_712' title='bbox 1548 1689 1752 1735; x_wconf 84' lang='lat' dir='ltr'><em>Epiphanius</em></span> <span class='ocrx_word' id='word_1_713' title='bbox 1764 1692 1872 1737; x_wconf 85' lang='lat' dir='ltr'><em>pergit</em></span> <span class='ocrx_word' id='word_1_714' title='bbox 1892 1704 1900 1724; x_wconf 86' lang='lat'>:</span> <span class='ocrx_word' id='word_1_715' title='bbox 1919 1696 2005 1737; x_wconf 83' lang='lat' dir='ltr'><em>Jam</em></span> <span class='ocrx_word' id='word_1_716' title='bbox 2022 1690 2123 1722; x_wconf 73' lang='lat' dir='ltr'><em>Haeres-</em></span> 
     </span>
     <span class='ocr_line' id='line_1_110' title="bbox 1118 1739 2122 1784; baseline 0.002 -10"><span class='ocrx_word' id='word_1_717' title='bbox 1118 1743 1258 1783; x_wconf 86' lang='lat' dir='ltr'><em>pridem,</em></span> <span class='ocrx_word' id='word_1_718' title='bbox 1286 1742 1321 1775; x_wconf 64' lang='grc' dir='ltr'><em>ὠ·</em></span> <span class='ocrx_word' id='word_1_719' title='bbox 1342 1743 1363 1774; x_wconf 77' lang='grc' dir='ltr'><em>ἂ</em></span> <span class='ocrx_word' id='word_1_720' title='bbox 1377 1747 1490 1784; x_wconf 87' lang='lat' dir='ltr'><em>primis</em></span> <span class='ocrx_word' id='word_1_721' title='bbox 1510 1739 1601 1784; x_wconf 89' lang='lat' dir='ltr'><em>usque</em></span> <span class='ocrx_word' id='word_1_722' title='bbox 1620 1741 1801 1783; x_wconf 87' lang='lat' dir='ltr'><em>temporibus</em></span> <span class='ocrx_word' id='word_1_723' title='bbox 1813 1767 1823 1782; x_wconf 93' lang='lat'>‚</span> <span class='ocrx_word' id='word_1_724' title='bbox 1850 1748 1949 1776; x_wconf 82' lang='lat' dir='ltr'><em>variae</em></span> <span class='ocrx_word' id='word_1_725' title='bbox 1967 1749 2003 1776; x_wconf 78' lang='lat' dir='ltr'><em>in</em></span> <span class='ocrx_word' id='word_1_726' title='bbox 2021 1740 2122 1767; x_wconf 50' lang='lat'><strong><em>⁷⁰³0·</em></strong></span> 
     </span>
     <span class='ocr_line' id='line_1_111' title="bbox 1123 1790 2004 1836; baseline 0.001 -12"><span class='ocrx_word' id='word_1_727' title='bbox 1123 1790 1250 1833; x_wconf 85' lang='lat' dir='ltr'><em>Ecelefia</em></span> <span class='ocrx_word' id='word_1_728' title='bbox 1267 1792 1306 1824; x_wconf 83' lang='lat' dir='ltr'><em>de</em></span> <span class='ocrx_word' id='word_1_729' title='bbox 1327 1790 1384 1825; x_wconf 86' lang='lat' dir='ltr'><em>hac</em></span> <span class='ocrx_word' id='word_1_730' title='bbox 1404 1794 1593 1825; x_wconf 79' lang='lat' dir='ltr'><em>Solemnitate</em></span> <span class='ocrx_word' id='word_1_731' title='bbox 1608 1791 1810 1835; x_wconf 81' lang='lat' dir='ltr'><em>controverfiae</em></span> <span class='ocrx_word' id='word_1_732' title='bbox 1820 1804 1855 1825; x_wconf 92' lang='lat' dir='ltr'><em>ac</em></span> <span class='ocrx_word' id='word_1_733' title='bbox 1867 1791 2004 1836; x_wconf 73' lang='lat' dir='ltr'><em>dissensio·</em></span> 
     </span>
     <span class='ocr_line' id='line_1_112' title="bbox 1123 1840 2003 1885; baseline 0 -10"><span class='ocrx_word' id='word_1_734' title='bbox 1123 1853 1174 1875; x_wconf 86' lang='lat' dir='ltr'><em>nes</em></span> <span class='ocrx_word' id='word_1_735' title='bbox 1184 1840 1363 1880; x_wconf 85' lang='lat' dir='ltr'><em>exstiterunt</em></span> <span class='ocrx_word' id='word_1_736' title='bbox 1370 1853 1456 1883; x_wconf 87' lang='lat' dir='ltr'><em>,quae</em></span> <span class='ocrx_word' id='word_1_737' title='bbox 1468 1847 1628 1884; x_wconf 86' lang='lat' dir='ltr'><em>quotannis</em></span> <span class='ocrx_word' id='word_1_738' title='bbox 1639 1840 1731 1885; x_wconf 72' lang='lat' dir='ltr'><em>risum</em></span> <span class='ocrx_word' id='word_1_739' title='bbox 1742 1852 1834 1884; x_wconf 83' lang='lat' dir='ltr'><em>atque</em></span> <span class='ocrx_word' id='word_1_740' title='bbox 1840 1843 2003 1876; x_wconf 86' lang='lat' dir='ltr'><em>ludibrium</em></span> 
     </span>
     <span class='ocr_line' id='line_1_113' title="bbox 1122 1890 2002 1934; baseline 0 -9"><span class='ocrx_word' id='word_1_741' title='bbox 1122 1890 1310 1932; x_wconf 89' lang='lat' dir='ltr'><em>adferebant.</em></span> <span class='ocrx_word' id='word_1_742' title='bbox 1346 1895 1437 1924; x_wconf 83' lang='lat' dir='ltr'><em>Nam</em></span> <span class='ocrx_word' id='word_1_743' title='bbox 1456 1893 1511 1924; x_wconf 90' lang='lat' dir='ltr'><em>alii</em></span> <span class='ocrx_word' id='word_1_744' title='bbox 1530 1892 1659 1934; x_wconf 89' lang='lat' dir='ltr'><em>quodam</em></span> <span class='ocrx_word' id='word_1_745' title='bbox 1681 1898 1874 1925; x_wconf 85' lang='lat' dir='ltr'><em>contentionis</em></span> <span class='ocrx_word' id='word_1_746' title='bbox 1894 1894 2002 1926; x_wconf 86' lang='lat' dir='ltr'><em>ardore</em></span> 
     </span>
     <span class='ocr_line' id='line_1_114' title="bbox 1121 1940 2003 1983; baseline 0.001 -9"><span class='ocrx_word' id='word_1_747' title='bbox 1121 1943 1193 1975; x_wconf 63' lang='lat' dir='ltr'><em>anta?</em></span> <span class='ocrx_word' id='word_1_748' title='bbox 1215 1940 1447 1981; x_wconf 83' lang='lat' dir='ltr'><em>hebdomadem,</em></span> <span class='ocrx_word' id='word_1_749' title='bbox 1472 1942 1526 1974; x_wconf 85' lang='lat' dir='ltr'><em>alii</em></span> <span class='ocrx_word' id='word_1_750' title='bbox 1541 1940 1604 1983; x_wconf 73' lang='lat' dir='ltr'><em>pest</em></span> <span class='ocrx_word' id='word_1_751' title='bbox 1628 1940 1840 1975; x_wconf 87' lang='lat' dir='ltr'><em>hebdomadem</em></span> <span class='ocrx_word' id='word_1_752' title='bbox 1862 1942 2003 1983; x_wconf 57' lang='lat' dir='ltr'><em>inibant,</em></span> 
     </span>
     <span class='ocr_line' id='line_1_115' title="bbox 1121 1991 2003 2035; baseline 0.002 -11"><span class='ocrx_word' id='word_1_753' title='bbox 1121 1993 1174 2025; x_wconf 90' lang='lat' dir='ltr'><em>alii</em></span> <span class='ocrx_word' id='word_1_754' title='bbox 1195 1991 1438 2024; x_wconf 86' lang='lat' dir='ltr'><em>ante-vertebant</em></span> <span class='ocrx_word' id='word_1_755' title='bbox 1450 2015 1460 2031; x_wconf 88' lang='lat'><em>,</em></span> <span class='ocrx_word' id='word_1_756' title='bbox 1486 1992 1538 2024; x_wconf 85' lang='lat' dir='ltr'><em>alii</em></span> <span class='ocrx_word' id='word_1_757' title='bbox 1549 1992 1644 2025; x_wconf 82' lang='lat' dir='ltr'><em>medio</em></span> <span class='ocrx_word' id='word_1_758' title='bbox 1655 2000 1784 2034; x_wconf 86' lang='lat' dir='ltr'><em>tempore</em></span> <span class='ocrx_word' id='word_1_759' title='bbox 1797 2017 1808 2032; x_wconf 89' lang='lat'><em>‚</em></span> <span class='ocrx_word' id='word_1_760' title='bbox 1833 1993 1887 2026; x_wconf 84' lang='lat' dir='ltr'><em>alii</em></span> <span class='ocrx_word' id='word_1_761' title='bbox 1894 1992 2003 2035; x_wconf 62' lang='lat' dir='ltr'><em>pistref</em></span> 
     </span>
     <span class='ocr_line' id='line_1_116' title="bbox 1122 2040 2003 2084; baseline 0.002 -10"><span class='ocrx_word' id='word_1_762' title='bbox 1122 2053 1168 2074; x_wconf 94' lang='lat' dir='ltr'><em>mo</em></span> <span class='ocrx_word' id='word_1_763' title='bbox 1172 2040 1380 2084; x_wconf 85' lang='lat' dir='ltr'><em>per-agebant.</em></span> <span class='ocrx_word' id='word_1_764' title='bbox 1419 2043 1465 2072; x_wconf 89' lang='lat' dir='ltr'><em>Et</em></span> <span class='ocrx_word' id='word_1_765' title='bbox 1486 2050 1520 2074; x_wconf 91' lang='lat' dir='ltr'><em>ut</em></span> <span class='ocrx_word' id='word_1_766' title='bbox 1539 2052 1595 2073; x_wconf 90' lang='lat' dir='ltr'><em>uno</em></span> <span class='ocrx_word' id='word_1_767' title='bbox 1618 2042 1708 2075; x_wconf 87' lang='lat' dir='ltr'><em>verbo</em></span> <span class='ocrx_word' id='word_1_768' title='bbox 1729 2044 1828 2074; x_wconf 87' lang='lat' dir='ltr'><em>dicam</em></span> <span class='ocrx_word' id='word_1_769' title='bbox 1840 2067 1851 2083; x_wconf 91' lang='lat'>‚</span> <span class='ocrx_word' id='word_1_770' title='bbox 1876 2043 2003 2084; x_wconf 79' lang='lat' dir='ltr'><em>mirifica</em></span> 
     </span>
     <span class='ocr_line' id='line_1_117' title="bbox 1119 2089 2004 2133; baseline 0.002 -10"><span class='ocrx_word' id='word_1_771' title='bbox 1119 2092 1259 2133; x_wconf 83' lang='lat' dir='ltr'><em>quaedam</em></span> <span class='ocrx_word' id='word_1_772' title='bbox 1275 2099 1341 2123; x_wconf 84' lang='lat' dir='ltr'><em>erat</em></span> <span class='ocrx_word' id='word_1_773' title='bbox 1360 2115 1370 2130; x_wconf 96' lang='lat'><em>‚</em></span> <span class='ocrx_word' id='word_1_774' title='bbox 1398 2091 1432 2123; x_wconf 72' lang='lat'><em>(9⁹</em></span> <span class='ocrx_word' id='word_1_775' title='bbox 1454 2089 1597 2133; x_wconf 88' lang='lat' dir='ltr'><em>laboriosa</em></span> <span class='ocrx_word' id='word_1_776' title='bbox 1613 2091 1810 2132; x_wconf 87' lang='lat' dir='ltr'><em>perturbatio.</em></span> <span class='ocrx_word' id='word_1_777' title='bbox 1838 2097 1905 2125; x_wconf 89' lang='lat' dir='ltr'><em>Nec</em></span> <span class='ocrx_word' id='word_1_778' title='bbox 1926 2094 2004 2125; x_wconf 82' lang='lat' dir='ltr'><em>illud</em></span> 
     </span>
     <span class='ocr_line' id='line_1_118' title="bbox 1119 2139 2001 2183; baseline 0.001 -9"><span class='ocrx_word' id='word_1_779' title='bbox 1119 2142 1244 2174; x_wconf 78' lang='lat' dir='ltr'><em>eruditis</em></span> <span class='ocrx_word' id='word_1_780' title='bbox 1255 2139 1422 2172; x_wconf 87' lang='lat' dir='ltr'><em>hominibus</em></span> <span class='ocrx_word' id='word_1_781' title='bbox 1433 2146 1564 2183; x_wconf 86' lang='lat' dir='ltr'><em>ignotum</em></span> <span class='ocrx_word' id='word_1_782' title='bbox 1575 2140 1613 2181; x_wconf 80' lang='lat' dir='ltr'><em>est</em></span> <span class='ocrx_word' id='word_1_783' title='bbox 1625 2165 1636 2181; x_wconf 89' lang='lat'>‚</span> <span class='ocrx_word' id='word_1_784' title='bbox 1662 2144 1754 2183; x_wconf 73' lang='lat' dir='ltr'><em>quam</em></span> <span class='ocrx_word' id='word_1_785' title='bbox 1769 2139 1854 2183; x_wconf 72' lang='lat' dir='ltr'><em>saepe</em></span> <span class='ocrx_word' id='word_1_786' title='bbox 1875 2141 2001 2183; x_wconf 81' lang='lat' dir='ltr'><em>diversss</em></span> 
     </span>
     <span class='ocr_line' id='line_1_119' title="bbox 1119 2189 2002 2234; baseline 0.002 -11"><span class='ocrx_word' id='word_1_787' title='bbox 1119 2189 1298 2232; x_wconf 84' lang='lat' dir='ltr'><em>temporibus</em></span> <span class='ocrx_word' id='word_1_788' title='bbox 1309 2191 1346 2223; x_wconf 91' lang='lat' dir='ltr'><em>de</em></span> <span class='ocrx_word' id='word_1_789' title='bbox 1357 2191 1436 2223; x_wconf 83' lang='lat' dir='ltr'><em>illius</em></span> <span class='ocrx_word' id='word_1_790' title='bbox 1451 2189 1532 2231; x_wconf 86' lang='lat' dir='ltr'><em>Festi</em></span> <span class='ocrx_word' id='word_1_791' title='bbox 1541 2190 1710 2224; x_wconf 85' lang='lat' dir='ltr'><em>celebritate</em></span> <span class='ocrx_word' id='word_1_792' title='bbox 1731 2198 1814 2224; x_wconf 87' lang='lat' dir='ltr'><em>varii</em></span> <span class='ocrx_word' id='word_1_793' title='bbox 1827 2191 2002 2234; x_wconf 71' lang='lat' dir='ltr'><em>Eccleffirsti-</em></span> 
     </span>
     <span class='ocr_line' id='line_1_120' title="bbox 1117 2238 1999 2284; baseline 0 -10"><span class='ocrx_word' id='word_1_794' title='bbox 1117 2252 1159 2274; x_wconf 79' lang='lat' dir='ltr'><em>cae</em></span> <span class='ocrx_word' id='word_1_795' title='bbox 1170 2238 1342 2283; x_wconf 86' lang='lat' dir='ltr'><em>Disciplinae</em></span> <span class='ocrx_word' id='word_1_796' title='bbox 1361 2241 1508 2274; x_wconf 85' lang='lat' dir='ltr'><em>tumultus</em></span> <span class='ocrx_word' id='word_1_797' title='bbox 1531 2252 1566 2273; x_wconf 87' lang='lat' dir='ltr'><em>ac</em></span> <span class='ocrx_word' id='word_1_798' title='bbox 1587 2248 1785 2275; x_wconf 86' lang='lat' dir='ltr'><em>contentiones</em></span> <span class='ocrx_word' id='word_1_799' title='bbox 1807 2242 1914 2275; x_wconf 82' lang='lat' dir='ltr'><em>obortae</em></span> <span class='ocrx_word' id='word_1_800' title='bbox 1928 2242 1999 2284; x_wconf 78' lang='lat' dir='ltr'><em>fint.</em></span> 
     </span>
     <span class='ocr_line' id='line_1_121' title="bbox 1119 2289 2001 2333; baseline 0.002 -10"><span class='ocrx_word' id='word_1_801' title='bbox 1119 2289 1290 2333; x_wconf 77' lang='lat' dir='ltr'><em>Praesertim</em></span> <span class='ocrx_word' id='word_1_802' title='bbox 1302 2292 1449 2332; x_wconf 85' lang='lat' dir='ltr'><em>Policarpi</em></span> <span class='ocrx_word' id='word_1_803' title='bbox 1463 2292 1496 2324; x_wconf 72' lang='lat'><em>(9⁹</em></span> <span class='ocrx_word' id='word_1_804' title='bbox 1508 2290 1635 2323; x_wconf 61' lang='lat' dir='ltr'><em>Victoris</em></span> <span class='ocrx_word' id='word_1_805' title='bbox 1648 2300 1744 2324; x_wconf 84' lang='lat' dir='ltr'><em>aetate</em></span> <span class='ocrx_word' id='word_1_806' title='bbox 1752 2315 1762 2330; x_wconf 91' lang='lat'>‚</span> <span class='ocrx_word' id='word_1_807' title='bbox 1788 2293 1852 2325; x_wconf 74' lang='lat' dir='ltr'><em>cum</em></span> <span class='ocrx_word' id='word_1_808' title='bbox 1864 2296 2001 2325; x_wconf 86' lang='lat' dir='ltr'><em>Orienta-</em></span> 
     </span>
     <span class='ocr_line' id='line_1_122' title="bbox 1115 2339 2000 2384; baseline 0.001 -10"><span class='ocrx_word' id='word_1_809' title='bbox 1115 2342 1158 2374; x_wconf 89' lang='lat' dir='ltr'><em>les</em></span> <span class='ocrx_word' id='word_1_810' title='bbox 1171 2340 1209 2373; x_wconf 90' lang='lat' dir='ltr'><em>ab</em></span> <span class='ocrx_word' id='word_1_811' title='bbox 1223 2340 1459 2373; x_wconf 85' lang='lat' dir='ltr'><em>occidentalibus</em></span> <span class='ocrx_word' id='word_1_812' title='bbox 1472 2339 1583 2381; x_wconf 77' lang='lat' dir='ltr'><em>divulsi</em></span> <span class='ocrx_word' id='word_1_813' title='bbox 1585 2342 1727 2384; x_wconf 85' lang='lat' dir='ltr'><em>pacificas</em></span> <span class='ocrx_word' id='word_1_814' title='bbox 1736 2339 1796 2383; x_wconf 68' lang='lat' dir='ltr'><em>eise</em></span> <span class='ocrx_word' id='word_1_815' title='bbox 1805 2348 1935 2375; x_wconf 82' lang='lat' dir='ltr'><em>invicem</em></span> <span class='ocrx_word' id='word_1_816' title='bbox 1947 2346 2000 2374; x_wconf 83' lang='lat' dir='ltr'><em>Li-</em></span> 
     </span>
     <span class='ocr_line' id='line_1_123' title="bbox 1115 2391 1999 2434; baseline 0.002 -11"><span class='ocrx_word' id='word_1_817' title='bbox 1115 2401 1197 2424; x_wconf 85' lang='lat' dir='ltr'><em>teras</em></span> <span class='ocrx_word' id='word_1_818' title='bbox 1211 2391 1310 2423; x_wconf 86' lang='lat' dir='ltr'><em>nullas</em></span> <span class='ocrx_word' id='word_1_819' title='bbox 1321 2396 1494 2431; x_wconf 88' lang='lat' dir='ltr'><em>acciperent.</em></span> <span class='ocrx_word' id='word_1_820' title='bbox 1532 2391 1625 2433; x_wconf 76' lang='lat' dir='ltr'><em>‚Quod</em></span> <span class='ocrx_word' id='word_1_821' title='bbox 1632 2392 1713 2424; x_wconf 86' lang='lat' dir='ltr'><em>idem</em></span> <span class='ocrx_word' id='word_1_822' title='bbox 1724 2392 1759 2424; x_wconf 58' lang='lat' dir='ltr'><em>&lt;v</em></span> <span class='ocrx_word' id='word_1_823' title='bbox 1768 2393 1838 2424; x_wconf 84' lang='lat' dir='ltr'><em>aliis</em></span> <span class='ocrx_word' id='word_1_824' title='bbox 1861 2399 1999 2434; x_wconf 69' lang='lat' dir='ltr'><em>tempori-</em></span> 
     </span>
     <span class='ocr_line' id='line_1_124' title="bbox 1114 2440 1999 2484; baseline 0.002 -11"><span class='ocrx_word' id='word_1_825' title='bbox 1114 2441 1168 2474; x_wconf 90' lang='lat' dir='ltr'><em>bus</em></span> <span class='ocrx_word' id='word_1_826' title='bbox 1180 2441 1289 2474; x_wconf 81' lang='lat' dir='ltr'><em>accidit</em></span> <span class='ocrx_word' id='word_1_827' title='bbox 1309 2451 1318 2481; x_wconf 81' lang='lat'>3</span> <span class='ocrx_word' id='word_1_828' title='bbox 1345 2441 1445 2473; x_wconf 76' lang='lat' dir='ltr'><em>Veluti</em></span> <span class='ocrx_word' id='word_1_829' title='bbox 1469 2440 1636 2473; x_wconf 82' lang='lat' dir='ltr'><em>Alexandri</em></span> <span class='ocrx_word' id='word_1_830' title='bbox 1658 2442 1858 2474; x_wconf 82' lang='lat' dir='ltr'><em>Alexandrini</em></span> <span class='ocrx_word' id='word_1_831' title='bbox 1878 2445 1941 2484; x_wconf 82' lang='lat' dir='ltr'><em>Epi</em></span> <span class='ocrx_word' id='word_1_832' title='bbox 1955 2454 1999 2475; x_wconf 85' lang='lat' dir='ltr'><em>co-</em></span> 
     </span>
     <span class='ocr_line' id='line_1_125' title="bbox 1108 2488 1996 2534; baseline 0.002 -11"><span class='ocrx_word' id='word_1_833' title='bbox 1108 2497 1143 2532; x_wconf 85' lang='lat' dir='ltr'><em>pi</em></span> <span class='ocrx_word' id='word_1_834' title='bbox 1154 2515 1164 2530; x_wconf 87' lang='lat'>‚</span> <span class='ocrx_word' id='word_1_835' title='bbox 1190 2488 1416 2533; x_wconf 71' lang='lat' dir='ltr'><em>&amp;Crescentiiz</em></span> <span class='ocrx_word' id='word_1_836' title='bbox 1444 2491 1709 2533; x_wconf 74' lang='lat' dir='ltr'><em>‚Quemadmodum</em></span> <span class='ocrx_word' id='word_1_837' title='bbox 1720 2500 1824 2524; x_wconf 90' lang='lat' dir='ltr'><em>contra</em></span> <span class='ocrx_word' id='word_1_838' title='bbox 1835 2489 1875 2534; x_wconf 82' lang='lat' dir='ltr'><em>‘se</em></span> <span class='ocrx_word' id='word_1_839' title='bbox 1893 2495 1996 2525; x_wconf 59' lang='lat' dir='ltr'><em>mutu&amp;</em></span> 
     </span>
     <span class='ocr_line' id='line_1_126' title="bbox 1106 2539 1995 2585; baseline 0.003 -13"><span class='ocrx_word' id='word_1_840' title='bbox 1106 2539 1282 2583; x_wconf 80' lang='lat' dir='ltr'><em>scripserint</em></span> <span class='ocrx_word' id='word_1_841' title='bbox 1296 2563 1307 2579; x_wconf 95' lang='lat'><em>,</em></span> <span class='ocrx_word' id='word_1_842' title='bbox 1343 2541 1379 2574; x_wconf 70' lang='lat'><em>(9⁹</em></span> <span class='ocrx_word' id='word_1_843' title='bbox 1399 2541 1555 2573; x_wconf 77' lang='lat' dir='ltr'><em>accerrime</em></span> <span class='ocrx_word' id='word_1_844' title='bbox 1570 2546 1790 2584; x_wconf 84' lang='lat' dir='ltr'><em>pugnaverint.</em></span> <span class='ocrx_word' id='word_1_845' title='bbox 1828 2543 1911 2585; x_wconf 73' lang='lat' dir='ltr'><em>,Quae</em></span> <span class='ocrx_word' id='word_1_846' title='bbox 1929 2548 1995 2585; x_wconf 87' lang='lat' dir='ltr'><em>qui-</em></span> 
     </span>
     <span class='ocr_line' id='line_1_127' title="bbox 1112 2589 1999 2634; baseline 0.001 -11"><span class='ocrx_word' id='word_1_847' title='bbox 1112 2592 1178 2624; x_wconf 89' lang='lat' dir='ltr'><em>dem</em></span> <span class='ocrx_word' id='word_1_848' title='bbox 1189 2596 1353 2623; x_wconf 85' lang='lat' dir='ltr'><em>animorum</em></span> <span class='ocrx_word' id='word_1_849' title='bbox 1374 2590 1409 2623; x_wconf 67' lang='lat' dir='ltr'><em>o·</em></span> <span class='ocrx_word' id='word_1_850' title='bbox 1429 2596 1598 2633; x_wconf 81' lang='lat' dir='ltr'><em>opinionum</em></span> <span class='ocrx_word' id='word_1_851' title='bbox 1618 2589 1768 2631; x_wconf 68' lang='lat' dir='ltr'><em>distrallio</em></span> <span class='ocrx_word' id='word_1_852' title='bbox 1780 2615 1791 2631; x_wconf 88' lang='lat'>‚</span> <span class='ocrx_word' id='word_1_853' title='bbox 1817 2602 1855 2624; x_wconf 82' lang='lat' dir='ltr'><em>ex</em></span> <span class='ocrx_word' id='word_1_854' title='bbox 1876 2603 1933 2634; x_wconf 89' lang='lat' dir='ltr'><em>quo</em></span> <span class='ocrx_word' id='word_1_855' title='bbox 1948 2590 1999 2634; x_wconf 84' lang='lat' dir='ltr'><em>se-</em></span> 
     </span>
     <span class='ocr_line' id='line_1_128' title="bbox 1111 2637 1996 2683; baseline 0.001 -11"><span class='ocrx_word' id='word_1_856' title='bbox 1111 2642 1170 2674; x_wconf 92' lang='lat' dir='ltr'><em>mel</em></span> <span class='ocrx_word' id='word_1_857' title='bbox 1187 2639 1250 2682; x_wconf 75' lang='lat' dir='ltr'><em>poll</em></span> <span class='ocrx_word' id='word_1_858' title='bbox 1270 2637 1429 2682; x_wconf 84' lang='lat' dir='ltr'><em>Episcopos</em></span> <span class='ocrx_word' id='word_1_859' title='bbox 1454 2641 1518 2674; x_wconf 84' lang='lat' dir='ltr'><em>illos</em></span> <span class='ocrx_word' id='word_1_860' title='bbox 1533 2664 1544 2680; x_wconf 90' lang='lat'><em>,</em></span> <span class='ocrx_word' id='word_1_861' title='bbox 1569 2646 1622 2683; x_wconf 86' lang='lat' dir='ltr'><em>qui</em></span> <span class='ocrx_word' id='word_1_862' title='bbox 1642 2652 1679 2674; x_wconf 88' lang='lat' dir='ltr'><em>ex</em></span> <span class='ocrx_word' id='word_1_863' title='bbox 1693 2640 1933 2682; x_wconf 75' lang='lat' dir='ltr'><em>Circumcist‘one‚</em></span> <span class='ocrx_word' id='word_1_864' title='bbox 1960 2652 1996 2673; x_wconf 88' lang='lat' dir='ltr'><em>ac</em></span> 
     </span>
     <span class='ocr_line' id='line_1_129' title="bbox 1104 2689 1996 2735; baseline 0 -13"><span class='ocrx_word' id='word_1_865' title='bbox 1104 2695 1134 2735; x_wconf 88' lang='lat' dir='ltr'><em>J</em></span> <span class='ocrx_word' id='word_1_866' title='bbox 1138 2691 1274 2723; x_wconf 83' lang='lat' dir='ltr'><em>udaerum</em></span> <span class='ocrx_word' id='word_1_867' title='bbox 1285 2689 1369 2723; x_wconf 57' lang='lat' dir='ltr'><em>Seffa</em></span> <span class='ocrx_word' id='word_1_868' title='bbox 1381 2691 1425 2722; x_wconf 86' lang='lat' dir='ltr'><em>ad</em></span> <span class='ocrx_word' id='word_1_869' title='bbox 1437 2690 1584 2731; x_wconf 85' lang='lat' dir='ltr'><em>Christum</em></span> <span class='ocrx_word' id='word_1_870' title='bbox 1590 2689 1624 2733; x_wconf 93' lang='lat' dir='ltr'><em>se</em></span> <span class='ocrx_word' id='word_1_871' title='bbox 1634 2700 1845 2725; x_wconf 86' lang='lat' dir='ltr'><em>converterant</em></span> <span class='ocrx_word' id='word_1_872' title='bbox 1861 2714 1872 2730; x_wconf 92' lang='lat'><em>,</em></span> <span class='ocrx_word' id='word_1_873' title='bbox 1898 2696 1996 2733; x_wconf 83' lang='lat' dir='ltr'><em>agita-</em></span> 
     </span>
     <span class='ocr_line' id='line_1_130' title="bbox 1110 2739 1995 2783; baseline 0.001 -10"><span class='ocrx_word' id='word_1_874' title='bbox 1110 2747 1137 2773; x_wconf 87' lang='lat' dir='ltr'><em>ri</em></span> <span class='ocrx_word' id='word_1_875' title='bbox 1147 2747 1235 2781; x_wconf 86' lang='lat' dir='ltr'><em>caepit</em></span> <span class='ocrx_word' id='word_1_876' title='bbox 1246 2765 1257 2781; x_wconf 90' lang='lat'><em>,</em></span> <span class='ocrx_word' id='word_1_877' title='bbox 1282 2741 1327 2772; x_wconf 86' lang='lat' dir='ltr'><em>ad</em></span> <span class='ocrx_word' id='word_1_878' title='bbox 1345 2739 1439 2780; x_wconf 85' lang='lat' dir='ltr'><em>nostra</em></span> <span class='ocrx_word' id='word_1_879' title='bbox 1460 2739 1550 2783; x_wconf 90' lang='lat' dir='ltr'><em>usque</em></span> <span class='ocrx_word' id='word_1_880' title='bbox 1571 2748 1705 2782; x_wconf 77' lang='lat' dir='ltr'><em>tempora</em></span> <span class='ocrx_word' id='word_1_881' title='bbox 1725 2741 1763 2781; x_wconf 87' lang='lat' dir='ltr'><em>est</em></span> <span class='ocrx_word' id='word_1_882' title='bbox 1775 2742 1874 2773; x_wconf 88' lang='lat' dir='ltr'><em>eodem</em></span> <span class='ocrx_word' id='word_1_883' title='bbox 1894 2750 1995 2774; x_wconf 80' lang='lat' dir='ltr'><em>tenore</em></span> 
     </span>
     <span class='ocr_line' id='line_1_131' title="bbox 1105 2789 1995 2833; baseline 0 -10"><span class='ocrx_word' id='word_1_884' title='bbox 1105 2790 1260 2832; x_wconf 58' lang='lat' dir='ltr'><em>perducta.</em></span> <span class='ocrx_word' id='word_1_885' title='bbox 1287 2789 1382 2823; x_wconf 85' lang='lat' dir='ltr'><em>Istius</em></span> <span class='ocrx_word' id='word_1_886' title='bbox 1403 2789 1710 2833; x_wconf 81' lang='lat' dir='ltr'><em>quarto-decimanae</em></span> <span class='ocrx_word' id='word_1_887' title='bbox 1732 2789 1995 2824; x_wconf 85' lang='lat' dir='ltr'><em>Consuetudinis</em></span> 
     </span>
     <span class='ocr_line' id='line_1_132' title="bbox 1109 2838 1995 2883; baseline -0.001 -9"><span class='ocrx_word' id='word_1_888' title='bbox 1109 2839 1252 2874; x_wconf 86' lang='lat' dir='ltr'><em>radicem</em></span> <span class='ocrx_word' id='word_1_889' title='bbox 1271 2841 1395 2874; x_wconf 75' lang='lat' dir='ltr'><em>sanstus</em></span> <span class='ocrx_word' id='word_1_890' title='bbox 1416 2838 1622 2883; x_wconf 82' lang='lat' dir='ltr'><em>Epiphanius</em></span> <span class='ocrx_word' id='word_1_891' title='bbox 1657 2840 1796 2874; x_wconf 84' lang='lat' dir='ltr'><em>affirmat</em></span> <span class='ocrx_word' id='word_1_892' title='bbox 1817 2840 1910 2873; x_wconf 81' lang='lat' dir='ltr'><em>fuisse</em></span> <span class='ocrx_word' id='word_1_893' title='bbox 1924 2839 1995 2873; x_wconf 85' lang='lat' dir='ltr'><em>Pri-</em></span> 
     </span>
     <span class='ocr_line' id='line_1_133' title="bbox 1110 2889 1994 2933; baseline 0 -9"><span class='ocrx_word' id='word_1_894' title='bbox 1110 2901 1229 2924; x_wconf 84' lang='lat' dir='ltr'><em>maevos</em></span> <span class='ocrx_word' id='word_1_895' title='bbox 1251 2890 1453 2933; x_wconf 84' lang='lat' dir='ltr'><em>Episcop0s‚</em></span> <span class='ocrx_word' id='word_1_896' title='bbox 1480 2901 1562 2933; x_wconf 85' lang='lat' dir='ltr'><em>quos</em></span> <span class='ocrx_word' id='word_1_897' title='bbox 1583 2889 1800 2924; x_wconf 80' lang='lat' dir='ltr'><em>Circumcifio</em></span> <span class='ocrx_word' id='word_1_898' title='bbox 1823 2891 1878 2923; x_wconf 89' lang='lat' dir='ltr'><em>seu</em></span> <span class='ocrx_word' id='word_1_899' title='bbox 1891 2891 1994 2933; x_wconf 84' lang='lat' dir='ltr'><em>Syna-</em></span> 
     </span>
     <span class='ocr_line' id='line_1_134' title="bbox 1111 2939 1470 2985; baseline -0.011 -11"><span class='ocrx_word' id='word_1_900' title='bbox 1111 2951 1198 2985; x_wconf 87' lang='lat' dir='ltr'><em>goga</em></span> <span class='ocrx_word' id='word_1_901' title='bbox 1209 2939 1301 2973; x_wconf 88' lang='lat' dir='ltr'><em>dedit</em></span> <span class='ocrx_word' id='word_1_902' title='bbox 1314 2939 1470 2973; x_wconf 81' lang='lat' dir='ltr'><em>Ecclesiae.</em></span> 
     </span>
    </p>

    <p class='ocr_par' dir='ltr' id='par_1_8' title="bbox 1104 2987 2122 3482">
     <span class='ocr_line' id='line_1_135' title="bbox 1160 2987 1993 3033; baseline 0.002 -11"><span class='ocrx_word' id='word_1_903' title='bbox 1160 2988 1264 3023; x_wconf 89' lang='lat' dir='ltr'><em>Aliud</em></span> <span class='ocrx_word' id='word_1_904' title='bbox 1275 2988 1342 3031; x_wconf 83' lang='lat' dir='ltr'><em>ejus</em></span> <span class='ocrx_word' id='word_1_905' title='bbox 1363 2989 1617 3023; x_wconf 84' lang='lat' dir='ltr'><em>fundamentum</em></span> <span class='ocrx_word' id='word_1_906' title='bbox 1633 2989 1773 3024; x_wconf 83' lang='lat' dir='ltr'><em>affirmat</em></span> <span class='ocrx_word' id='word_1_907' title='bbox 1786 2990 1880 3025; x_wconf 81' lang='lat' dir='ltr'><em>fuisse</em></span> <span class='ocrx_word' id='word_1_908' title='bbox 1901 2987 1993 3033; x_wconf 66' lang='lat' dir='ltr'><em>Apo»-</em></span> 
     </span>
     <span class='ocr_line' id='line_1_136' title="bbox 1110 3037 1992 3081; baseline 0.001 -8"><span class='ocrx_word' id='word_1_909' title='bbox 1110 3039 1260 3073; x_wconf 88' lang='lat' dir='ltr'><em>stolicam</em></span> <span class='ocrx_word' id='word_1_910' title='bbox 1272 3039 1555 3074; x_wconf 88' lang='lat' dir='ltr'><em>Constitutionem</em></span> <span class='ocrx_word' id='word_1_911' title='bbox 1568 3063 1578 3078; x_wconf 89' lang='lat'>‚</span> <span class='ocrx_word' id='word_1_912' title='bbox 1604 3038 1694 3081; x_wconf 82' lang='lat' dir='ltr'><em>cujus</em></span> <span class='ocrx_word' id='word_1_913' title='bbox 1707 3037 1773 3073; x_wconf 80' lang='lat' dir='ltr'><em>haec</em></span> <span class='ocrx_word' id='word_1_914' title='bbox 1783 3039 1879 3075; x_wconf 89' lang='lat' dir='ltr'><em>verba</em></span> <span class='ocrx_word' id='word_1_915' title='bbox 1890 3039 1992 3074; x_wconf 81' lang='lat' dir='ltr'><em>addu-</em></span> 
     </span>
     <span class='ocr_line' id='line_1_137' title="bbox 1108 3089 2122 3144; baseline -0.001 -21"><span class='ocrx_word' id='word_1_916' title='bbox 1108 3090 1227 3124; x_wconf 89' lang='lat' dir='ltr'><em>cebant</em></span> <span class='ocrx_word' id='word_1_917' title='bbox 1239 3089 1576 3123; x_wconf 85' lang='lat' dir='ltr'><em>AudianiHaeretici:</em></span> <span class='ocrx_word' id='word_1_918' title='bbox 1604 3092 1663 3122; x_wconf 86' lang='lat' dir='ltr'><em>Vos</em></span> <span class='ocrx_word' id='word_1_919' title='bbox 1686 3097 1849 3131; x_wconf 83' lang='lat' dir='ltr'><em>temporum</em></span> <span class='ocrx_word' id='word_1_920' title='bbox 1858 3096 1990 3124; x_wconf 85' lang='lat' dir='ltr'><em>rationes</em></span> <span class='ocrx_word' id='word_1_921' title='bbox 2007 3113 2050 3143; x_wconf 67' lang='lat' dir='ltr'><em>Ca</em></span> <span class='ocrx_word' id='word_1_922' title='bbox 2088 3124 2122 3144; x_wconf 58' lang='grc' dir='ltr'><em>ιο</em></span> 
     </span>
     <span class='ocr_line' id='line_1_138' title="bbox 1110 3135 2078 3183; baseline 0 -10"><span class='ocrx_word' id='word_1_923' title='bbox 1110 3151 1147 3173; x_wconf 85' lang='lat' dir='ltr'><em>ne</em></span> <span class='ocrx_word' id='word_1_924' title='bbox 1151 3138 1307 3183; x_wconf 84' lang='lat' dir='ltr'><em>subducite</em></span> <span class='ocrx_word' id='word_1_925' title='bbox 1320 3151 1329 3180; x_wconf 83' lang='lat'><em>·,</em></span> <span class='ocrx_word' id='word_1_926' title='bbox 1351 3138 1409 3182; x_wconf 81' lang='lat' dir='ltr'><em>sed</em></span> <span class='ocrx_word' id='word_1_927' title='bbox 1416 3151 1449 3172; x_wconf 82' lang='lat' dir='ltr'><em>eo</em></span> <span class='ocrx_word' id='word_1_928' title='bbox 1459 3147 1587 3180; x_wconf 88' lang='lat' dir='ltr'><em>tempore</em></span> <span class='ocrx_word' id='word_1_929' title='bbox 1597 3137 1761 3179; x_wconf 87' lang='lat' dir='ltr'><em>celebrate,</em></span> <span class='ocrx_word' id='word_1_930' title='bbox 1786 3151 1843 3183; x_wconf 88' lang='lat' dir='ltr'><em>quo</em></span> <span class='ocrx_word' id='word_1_931' title='bbox 1859 3143 1989 3180; x_wconf 76' lang='lat' dir='ltr'><em>Fratres</em></span> <span class='ocrx_word' id='word_1_932' title='bbox 2072 3135 2078 3142; x_wconf 64' lang='lat'>⁸</span> 
     </span>
     <span class='ocr_line' id='line_1_139' title="bbox 1107 3188 1986 3231; baseline 0 -8"><span class='ocrx_word' id='word_1_933' title='bbox 1107 3189 1195 3230; x_wconf 85' lang='lat' dir='ltr'><em>vestri</em></span> <span class='ocrx_word' id='word_1_934' title='bbox 1218 3214 1229 3230; x_wconf 94' lang='lat'>‚</span> <span class='ocrx_word' id='word_1_935' title='bbox 1262 3195 1313 3230; x_wconf 87' lang='lat' dir='ltr'><em>qui</em></span> <span class='ocrx_word' id='word_1_936' title='bbox 1337 3201 1374 3221; x_wconf 85' lang='lat' dir='ltr'><em>ex</em></span> <span class='ocrx_word' id='word_1_937' title='bbox 1395 3188 1613 3230; x_wconf 81' lang='lat' dir='ltr'><em>Circumcifione</em></span> <span class='ocrx_word' id='word_1_938' title='bbox 1629 3191 1814 3231; x_wconf 82' lang='lat' dir='ltr'><em>prodierunt.</em></span> <span class='ocrx_word' id='word_1_939' title='bbox 1851 3191 1927 3224; x_wconf 64' lang='lat' dir='ltr'><em>Cum</em></span> <span class='ocrx_word' id='word_1_940' title='bbox 1948 3197 1986 3223; x_wconf 83' lang='lat' dir='ltr'><em>iis</em></span> 
     </span>
     <span class='ocr_line' id='line_1_140' title="bbox 1110 3236 1988 3282; baseline 0.002 -10"><span class='ocrx_word' id='word_1_941' title='bbox 1110 3238 1225 3282; x_wconf 77' lang='lat' dir='ltr'><em>Pascha</em></span> <span class='ocrx_word' id='word_1_942' title='bbox 1241 3245 1397 3281; x_wconf 84' lang='lat' dir='ltr'><em>per-agite.</em></span> <span class='ocrx_word' id='word_1_943' title='bbox 1425 3239 1582 3281; x_wconf 73' lang='lat' dir='ltr'><em>,Quamvis</em></span> <span class='ocrx_word' id='word_1_944' title='bbox 1601 3239 1741 3273; x_wconf 85' lang='lat' dir='ltr'><em>aberrent</em></span> <span class='ocrx_word' id='word_1_945' title='bbox 1763 3236 1838 3281; x_wconf 70' lang='lat' dir='ltr'><em>ipsi,</em></span> <span class='ocrx_word' id='word_1_946' title='bbox 1864 3240 1941 3274; x_wconf 86' lang='lat' dir='ltr'><em>nihil</em></span> <span class='ocrx_word' id='word_1_947' title='bbox 1950 3241 1988 3273; x_wconf 81' lang='lat' dir='ltr'><em>id</em></span> 
     </span>
     <span class='ocr_line' id='line_1_141' title="bbox 1106 3287 1986 3331; baseline 0.002 -9"><span class='ocrx_word' id='word_1_948' title='bbox 1106 3301 1161 3323; x_wconf 81' lang='lat' dir='ltr'><em>vos</em></span> <span class='ocrx_word' id='word_1_949' title='bbox 1172 3297 1359 3323; x_wconf 84' lang='lat' dir='ltr'><em>commoveat.</em></span> <span class='ocrx_word' id='word_1_950' title='bbox 1388 3287 1594 3331; x_wconf 84' lang='lat' dir='ltr'><em>Epiphanius</em></span> <span class='ocrx_word' id='word_1_951' title='bbox 1607 3288 1753 3323; x_wconf 86' lang='lat' dir='ltr'><em>admittit</em></span> <span class='ocrx_word' id='word_1_952' title='bbox 1764 3289 1986 3330; x_wconf 81' lang='lat' dir='ltr'><em>Con-stitutio-</em></span> 
     </span>
     <span class='ocr_line' id='line_1_142' title="bbox 1106 3336 1983 3383; baseline 0 -11"><span class='ocrx_word' id='word_1_953' title='bbox 1106 3350 1183 3374; x_wconf 89' lang='lat' dir='ltr'><em>nem</em></span> <span class='ocrx_word' id='word_1_954' title='bbox 1194 3339 1255 3372; x_wconf 78' lang='lat' dir='ltr'><em>effe</em></span> <span class='ocrx_word' id='word_1_955' title='bbox 1265 3336 1491 3372; x_wconf 87' lang='lat' dir='ltr'><em>authenticam</em></span> <span class='ocrx_word' id='word_1_956' title='bbox 1511 3350 1549 3372; x_wconf 90' lang='lat' dir='ltr'><em>ac</em></span> <span class='ocrx_word' id='word_1_957' title='bbox 1570 3340 1727 3374; x_wconf 82' lang='lat' dir='ltr'><em>veraciter</em></span> <span class='ocrx_word' id='word_1_958' title='bbox 1746 3339 1983 3383; x_wconf 75' lang='lat' dir='ltr'><em>Apostol‘icam.</em></span> 
     </span>
     <span class='ocr_line' id='line_1_143' title="bbox 1107 3388 1983 3432; baseline 0 -10"><span class='ocrx_word' id='word_1_959' title='bbox 1107 3390 1150 3423; x_wconf 90' lang='lat' dir='ltr'><em>Et</em></span> <span class='ocrx_word' id='word_1_960' title='bbox 1162 3390 1262 3432; x_wconf 87' lang='lat' dir='ltr'><em>ipsam</em></span> <span class='ocrx_word' id='word_1_961' title='bbox 1272 3389 1519 3431; x_wconf 86' lang='lat' dir='ltr'><em>interpretatur:</em></span> <span class='ocrx_word' id='word_1_962' title='bbox 1547 3388 1701 3432; x_wconf 84' lang='lat' dir='ltr'><em>Apostoli</em></span> <span class='ocrx_word' id='word_1_963' title='bbox 1714 3401 1771 3423; x_wconf 89' lang='lat' dir='ltr'><em>non</em></span> <span class='ocrx_word' id='word_1_964' title='bbox 1777 3396 1960 3432; x_wconf 79' lang='lat' dir='ltr'><em>praecipiunt</em></span> <span class='ocrx_word' id='word_1_965' title='bbox 1972 3413 1983 3428; x_wconf 95' lang='lat'><em>‚</em></span> 
     </span>
     <span class='ocr_line' id='line_1_144' title="bbox 1104 3437 1982 3482; baseline -0.003 -9"><span class='ocrx_word' id='word_1_966' title='bbox 1104 3450 1159 3482; x_wconf 87' lang='lat' dir='ltr'><em>quo</em></span> <span class='ocrx_word' id='word_1_967' title='bbox 1169 3437 1421 3479; x_wconf 81' lang='lat' dir='ltr'><em>temporefratres</em></span> <span class='ocrx_word' id='word_1_968' title='bbox 1435 3439 1542 3479; x_wconf 79' lang='lat' dir='ltr'><em>vestri,</em></span> <span class='ocrx_word' id='word_1_969' title='bbox 1553 3445 1649 3482; x_wconf 83' lang='lat' dir='ltr'><em>quiin</em></span> <span class='ocrx_word' id='word_1_970' title='bbox 1657 3439 1875 3481; x_wconf 76' lang='lat' dir='ltr'><em>circumcisione</em></span> <span class='ocrx_word' id='word_1_971' title='bbox 1885 3438 1959 3481; x_wconf 84' lang='lat' dir='ltr'><em>sunt</em></span> <span class='ocrx_word' id='word_1_972' title='bbox 1972 3462 1982 3476; x_wconf 93' lang='lat'><em>,</em></span> 
     </span>
    </p>
   </div>
   <div class='ocr_carea' id='block_1_8' title="bbox 1085 3484 1982 3570">
    <p class='ocr_par' dir='ltr' id='par_1_9' title="bbox 1085 3484 1982 3570">
     <span class='ocr_line' id='line_1_145' title="bbox 1085 3484 1980 3568; baseline -0.003 -46"><span class='ocrx_word' id='word_1_973' title='bbox 1085 3537 1091 3565; x_wconf 70' lang='lat' dir='ltr'><em>l</em></span> <span class='ocrx_word' id='word_1_974' title='bbox 1099 3488 1159 3532; x_wconf 82' lang='lat' dir='ltr'><em>sed</em></span> <span class='ocrx_word' id='word_1_975' title='bbox 1174 3493 1226 3532; x_wconf 81' lang='lat' dir='ltr'><em>qui</em></span> <span class='ocrx_word' id='word_1_976' title='bbox 1247 3498 1286 3523; x_wconf 71' lang='lat' dir='ltr'><em>ex</em></span> <span class='ocrx_word' id='word_1_977' title='bbox 1308 3488 1540 3532; x_wconf 69' lang='lat' dir='ltr'><em>circumcisione</em></span> <span class='ocrx_word' id='word_1_978' title='bbox 1547 3490 1748 3533; x_wconf 63' lang='lat' dir='ltr'><em>prodierunt,</em></span> <span class='ocrx_word' id='word_1_979' title='bbox 1775 3499 1807 3522; x_wconf 85' lang='lat' dir='ltr'><em>ut</em></span> <span class='ocrx_word' id='word_1_980' title='bbox 1829 3490 1892 3522; x_wconf 80' lang='lat' dir='ltr'><em>illos</em></span> <span class='ocrx_word' id='word_1_981' title='bbox 1889 3484 1980 3568; x_wconf 43' lang='grc' dir='ltr'><em>ἱρέα</em></span> 
     </span>
     <span class='ocr_line' id='line_1_146' title="bbox 1910 3547 1982 3570; baseline -0.028 0"><span class='ocrx_word' id='word_1_982' title='bbox 1910 3547 1925 3570; x_wconf 81' lang='lat' dir='ltr'><em>e</em></span> <span class='ocrx_word' id='word_1_983' title='bbox 1953 3547 1982 3568; x_wconf 69' lang='lat' dir='ltr'><em>a</em></span> 
     </span>
    </p>
   </div>
  </div>
 </body>
</html>
