2346 3776
626 111 1075 184 Dissuta-Ano
1124 106 1548 168 PnonmAms.

186 193 380 239 Idolotytha
390 217 402 235 ‚
411 201 468 229 aut
479 189 655 226 Libellum.
682 190 727 224 Et
739 187 837 224 hosce
846 188 887 223 ad
894 188 968 232 plen
973 200 1025 226 am
1034 190 1069 225 &
1081 193 1083 197 ’

186 246 323 291 longam
345 243 572 289 poenitentiam
593 239 822 284 compulerunt
843 264 855 280 ‚
889 238 947 282 qui
961 239 1069 283 Lapsis

186 297 285 339 primi
305 293 497 339 aperuerunt
517 290 749 325 Ecclefiasticae
769 301 807 327 ao
831 288 962 323 Divinae
982 291 1069 332 pacis

185 345 325 389 Januam
335 343 459 377 sanctus
469 340 646 376 Cornelius
673 352 712 375 ac
724 340 753 373 S.
766 340 961 382 Cyprianus.
987 339 1069 373 Haec

37 438 61 468 E
87 437 117 469 ῃ
184 396 222 430 in
235 393 353 429 Literis
364 391 406 427 ad
415 391 650 428 Antonianum
662 391 861 435 Episcopum
871 400 936 422 vox
946 387 992 421 est
1002 389 1066 423 san-

65 447 93 478 pi
119 447 165 475 .52.

182 493 372 537 statuendum
382 492 447 535 esset
457 493 537 525 circu
556 492 682 534 caussam
703 487 867 532 Lapsorum
885 488 983 529 distuli
1001 502 1009 521 :
1035 498 1070 522 ut

186 555 255 578 cum
265 549 349 586 quies
363 543 397 576 Θ
407 543 615 584 tranquillitas
626 542 702 574 data
711 540 776 583 fft
785 563 795 579 ‚
822 539 857 572 ὦ·
868 536 1025 581 Episcopis
1037 545 1069 571 in

187 603 281 627 unum
306 597 462 626 convenire
496 593 687 635 Indulgenttae
718 593 836 622 Divina
856 595 1046 630 permitteret
1055 601 1068 630 ,-

186 653 258 678 tunc
280 648 487 676 communicato
519 636 555 680 ἂ
575 641 685 675 librato
702 640 740 672 de
761 644 889 671 omnium
908 639 1069 671 Collation'e

183 691 293 734 confflio
305 691 506 733 statueremus
527 716 539 733 ‚
564 692 641 735 quid
655 689 721 733 furt
745 696 897 730 oporteret.
936 689 982 722 Et
1002 689 1069 731 ipse

183 744 311 776 sanstus
331 742 518 786 Cyprianus
527 741 561 775 δε
573 741 699 775 sanctus
711 738 888 773 Cornelius
900 735 984 772 nulli
994 736 1070 770 isto-

184 803 260 826 rum
271 792 380 835 Lapso
401 791 615 836 permiserunt
636 789 705 824 dari
727 799 863 832 pacem,
888 788 948 821 nisi
971 787 1070 821 mori-

183 841 308 876 bundis
318 865 329 881 ‚
342 852 380 876 ac
390 841 503 884 paucis
514 840 606 881 aliis,
620 838 738 883 quibus
747 838 912 882 Martyres
924 837 1069 872 indulfis-

182 892 262 925 sent.
291 890 358 927 Sub
369 890 484 924 mortis
496 889 636 924 articulo
648 886 891 935 comprehende
902 888 936 922 δε
947 898 1068 922 novam

180 940 451 985 persecutionem.
478 941 563 974 Item
574 939 688 983 excipe
698 937 889 973 Libellatos.
914 938 959 971 Et
969 936 1068 971 ambo

179 989 219 1024 in
229 989 341 1026 medio
352 987 586 1034 persecutionis
595 989 669 1023 aestu
683 989 757 1022 sunt
779 988 877 1023 nobis
895 987 995 1022 ablati
1015 997 1069 1031 per

180 1039 384 1083 Martyrium
395 1065 406 1080 ‚
434 1050 534 1084 atque
546 1041 593 1074 ita
601 1038 687 1073 nihil
698 1037 790 1075 firme
800 1038 988 1074 statuerunt.
1003 1037 1069 1071 Eo·

179 1102 254 1127 rum
273 1091 464 1125 successores
485 1089 640 1125 videntur
658 1089 794 1122 cunstos
825 1098 915 1122 extra
946 1086 1068 1121 violen-

181 1141 266 1175 tiam
286 1140 410 1183 Lapsos
419 1140 461 1175 ad
484 1149 673 1184 perpetuam
697 1138 800 1173 totius
819 1138 892 1172 vitae
912 1137 1067 1180 poeniten-

178 1191 263 1225 tiam
274 1190 465 1233 compulisse
475 1214 486 1230 ,
508 1190 542 1223 ὅ(
557 1200 627 1223 non
638 1188 696 1222 nisi
718 1187 937 1223 morientibus
953 1188 1067 1230 impar-

180 1240 288 1274 tiviffe
302 1239 391 1285 pacis
401 1239 570 1273 viaticum.
595 1236 784 1271 Istiusmodi
804 1235 1067 1281 Lapsosinsigni-

177 1300 229 1325 ter
239 1292 275 1323 in
287 1290 419 1334 proprio
440 1288 482 1322 de
505 1288 580 1330 ipsis
599 1288 758 1320 Sermone
777 1283 929 1318 describit
941 1286 1067 1319 sanstus

178 1340 369 1382 Cyprianus
390 1352 401 1371 .·
436 1337 627 1369 Exciderunt
638 1332 818 1378 quibusdam
839 1358 851 1374 ,
871 1341 931 1376 pro
954 1334 1066 1377 nefas!

177 1388 306 1425 Omnia
318 1387 443 1422 Divina
464 1385 626 1422 Mandata
649 1394 747 1427 atque
767 1383 949 1425 Promissa,
974 1386 1009 1419 6·
1030 1386 1067 1419 de

179 1444 321 1473 memoria
330 1437 510 1480 recesserunt.
539 1440 612 1469 Non
622 1433 870 1478 exspectaverunt
874 1432 984 1477 saltem
997 1458 1008 1474 ‚
1033 1444 1067 1469 ut

179 1494 357 1532 interrogati
367 1495 511 1531 negarent
520 1494 555 1519 ut
567 1484 649 1518 Thus
671 1485 866 1518 accenderent
882 1483 1063 1527 apprehenfi.

179 1543 259 1572 Ante
269 1545 362 1572 actem
373 1538 459 1570 multi
469 1536 544 1570 ‘0th
552 1560 563 1575 ‚
582 1534 644 1577 fine
655 1533 981 1578 congreffioneprqllrati
993 1558 1007 1576 2
1015 1546 1067 1569 nec

180 1587 292 1631 bocfibi
303 1591 485 1631 reliquerunt
498 1611 509 1627 ‚
534 1597 569 1622 ut
584 1584 752 1629 sacrificare
775 1585 868 1617 Idolis
889 1584 1064 1618 viderentur

177 1645 290 1684 inviti:
317 1639 399 1672 Ultro
420 1639 466 1671 ad
473 1636 579 1679 forum
597 1646 734 1676 currere,
762 1635 806 1668 ad
823 1643 945 1667 mortem
953 1632 1063 1677 sponte

173 1697 359 1732 properare,
385 1688 606 1730 quafibocoltm
624 1695 763 1730 cuperent
774 1711 785 1728 ‚
811 1684 895 1730 quast
911 1685 1066 1728 amplecte-

178 1747 285 1773 rentur
303 1739 471 1782 occasionem
487 1740 594 1772 datam
612 1763 623 1780 ,
659 1749 751 1781 quam
772 1734 890 1780 semper
909 1737 1060 1780 optaffent.

178 1790 320 1834 ,Quidilli
333 1791 414 1832 quic}
432 1788 656 1832 Magistrattbus
684 1785 810 1830 vespera
829 1796 952 1831 urgente
974 1788 1064 1821 dilati

173 1835 278 1883 fiant?
304 1841 398 1882 ,Quod
413 1840 452 1872 ne
475 1849 573 1871 eorum
593 1836 763 1877 differretur
784 1843 949 1876 interitus,
974 1843 1066 1870 ettam

175 1898 359 1933 maverunt
370 1889 387 1919 ἔ
413 1890 519 1931 ,Quam
528 1893 594 1920 vim
600 1886 693 1928 potest
703 1888 776 1920 talis
800 1886 957 1920 obtendere
967 1909 979 1925 ,
1005 1898 1065 1929 qua

174 1945 287 1973 crimen
292 1936 381 1981 suum
388 1945 497 1981 purget
507 1960 519 1976 ,
545 1937 610 1968 cum
622 1942 687 1968 vim
705 1941 802 1979 magis
825 1934 886 1979 ipse
897 1935 1008 1977 fecerit
1031 1947 1065 1971 ut

173 1991 314 2032 periret?
339 1993 449 2021 Nonne
470 1987 595 2029 quando
611 1987 656 2018 ad
675 1985 859 2026 Capitolium
875 1984 983 2027 sponte
991 1997 1064 2020 ven—

177 2049 243 2073 tum
254 2038 293 2079 el}
303 2063 316 2079 ‚
341 2038 462 2081 quando
470 2037 551 2070 ultro
558 2037 602 2068 ad
611 2033 779 2079 obsequium
789 2036 850 2067 dirt
852 2035 1003 2077 facinoris
1016 2048 1063 2069 ac-

174 2089 279 2132 cessum
290 2088 328 2130 est
339 2112 351 2129 ‚
377 2087 496 2120 labavit
500 2086 613 2130 greffus
624 2110 635 2126 ,
659 2086 804 2129 caligavit
815 2083 949 2128 aspefflus
970 2109 981 2124 ‚
1006 2095 1063 2119 tre-

174 2147 314 2173 muerunt
336 2135 473 2180 viscera,
498 2135 621 2169 brachia
642 2137 828 2169 conciderunt
849 2137 862 2168 ?
896 2139 937 2167 Ac
958 2136 1060 2168 multis

173 2195 315 2232 proprius
326 2193 468 2220 interitus
474 2184 555 2229 satis
566 2185 694 2227 nonfutt
706 2198 713 2217 ι
727 2190 932 2220 Hortamentis
944 2192 1058 2219 mutqu

173 2245 209 2272 in
228 2245 353 2273 exitium
366 2236 457 2280 suum
480 2237 609 2278 Populus
631 2234 772 2278 impulsus
795 2235 832 2276 est
845 2259 858 2276 ‚
881 2246 959 2267 mors
980 2241 1058 2269 invi-

173 2300 236 2323 cem
258 2287 373 2322 laetbalt
387 2287 489 2329 poculo
506 2292 671 2329 propinata
688 2285 733 2326 est.
769 2286 848 2319 Haec
859 2286 973 2320 omnia
987 2297 1058 2329 pro-

172 2337 362 2373 cefferunta
374 2337 487 2380 prim-is
505 2336 739 2380 persecutionis
759 2336 903 2370 Editus:
930 2335 987 2369 Ab
1010 2337 1058 2370 in-

170 2390 264 2423 cusso
274 2400 329 2432 per
339 2388 406 2432 ipsa
418 2397 512 2421 metu
521 2385 637 2420 mortis
649 2411 659 2426 ,
684 2387 818 2420 carceris
828 2410 841 2427 ,
865 2386 1057 2429 privationis

172 2437 340 2473 honorum
350 2462 363 2478 ,
371 2437 618 2480 deportationis.
647 2437 691 2471 Et
702 2436 743 2471 de
753 2436 862 2472 danda
874 2435 1055 2471 istiusmodi

171 2488 283 2532 Lapfis
293 2498 389 2531 pace,
416 2487 551 2521 Nicaena
562 2486 758 2529 Synodus&
774 2488 881 2520 sancto
903 2486 1002 2520 Petro
1022 2489 1055 2522 ὅ(

39 2543 150 2573 Caum
169 2538 359 2581 Ancyranis
372 2535 525 2571 Patribus
544 2537 607 2570 fuit
629 2538 770 2570 saeverior
793 2548 803 2568 .-
839 2540 886 2569 De
907 2536 955 2569 his
968 2561 979 2577 ‚
1005 2545 1055 2581 qui

164 2597 281 2631 praeter
293 2588 481 2627 necefftatem
486 2592 690 2629 prevaricati
693 2585 767 2629 sunt
780 2610 792 2625 ,
816 2595 869 2619 aut
874 2595 990 2628 praeter
1003 2589 1055 2620 ab·

168 2637 498 2678 lationemfacultatum
524 2660 534 2675 ,
569 2646 622 2669 aut
628 2645 743 2677 praeter
750 2638 916 2679 periculum
929 2639 982 2671 vel
1001 2640 1053 2671 ali-

169 2690 247 2731 quid
256 2685 423 2729 bujusmodt
449 2689 461 2729 (
472 2687 553 2730 quod
553 2686 675 2727 sallum
686 2686 723 2727 est
729 2685 785 2730 sub
796 2688 964 2725 Tyranntde
977 2692 1052 2721 Lici-

168 2739 238 2778 nh‘)
258 2739 375 2779 placuit
384 2738 513 2777 synodo,
539 2743 681 2779 quamvis
692 2736 880 2771 humanitate
885 2738 1049 2779 probentur

168 2789 308 2832 indigni,
332 2792 486 2820 tumentis
507 2786 742 2820 benevolentiam
761 2790 943 2821 commodari.
971 2791 1047 2832 Qui-

168 2847 289 2879 cumque
308 2839 377 2880 ergo
394 2842 540 2870 veraciter
558 2839 776 2878 poenitudinem
789 2847 901 2882 gerunt
912 2862 923 2878 ‚
950 2839 1046 2871 tribus

169 2894 260 2921 annis
269 2887 374 2929 fideles
386 2892 465 2919 inter
477 2888 638 2919 audientes
658 2887 849 2930 habeantur3
875 2887 974 2932 &sex
994 2901 1046 2921 an-

170 2944 222 2970 m's*
230 2935 347 2980 omm'fie
357 2942 527 2969 contritione
552 2937 715 2978 dejiciunt,
739 2938 851 2971 duobus
874 2948 974 2972 autem
992 2951 1046 2972 an-

168 2993 216 3020 m's
233 2986 296 3029 sine
314 2987 458 3019 oblatione
486 2987 595 3027 Populo
614 2992 646 3019 in
670 2994 797 3022 oratione
825 2996 1042 3023 communicent.

168 3035 344 3080 Ancyrana
355 3035 508 3079 Synodus
520 3036 583 3069 fuit
604 3035 805 3072 clementior.
834 3039 968 3073 Etenim
989 3051 1045 3082 per

168 3097 328 3121 tormenta
349 3096 406 3120 aut
426 3085 560 3119 similem
585 3085 773 3121 violentiam
792 3089 914 3132 Lapsos
933 3090 1043 3134 coegit

168 3135 211 3170 ad
221 3138 317 3170 unius
326 3137 407 3170 anni
418 3135 638 3176 Auditionem
658 3160 669 3176 ,
693 3137 726 3170 δε
737 3137 777 3172 ad
789 3138 1043 3173 Substrationem

168 3197 225 3229 per
234 3196 295 3221 tres
306 3197 419 3221 annos.
447 3186 559 3220 Fletus
572 3196 718 3229 tempora
730 3211 740 3226 ,
753 3188 830 3222 licet
842 3200 911 3222 non
922 3190 1044 3232 expres-

167 3237 243 3270 serit
253 3260 264 3276 ,
289 3235 430 3270 omnino
440 3236 605 3280 supposuit
618 3246 672 3270 aut
684 3238 802 3281 exegit.
830 3239 910 3285 Qo
921 3248 1044 3282 tempo-

168 3296 204 3320 re
213 3287 339 3329 caeperit
352 3286 409 3319 ista
421 3286 630 3326 Clementia,
656 3287 785 3331 ignoro.
812 3289 943 3322 Sanctus
965 3289 1044 3322 inte-

167 3336 231 3369 rim
244 3334 357 3369 Petrus
369 3336 430 3369 fuit
441 3335 548 3370 adhuc
561 3336 764 3371 clementior.
801 3336 912 3382 Pergit
933 3337 1044 3381 Ancy-

30 3394 106 3434 Cap,
125 3396 156 3424 6.
168 3396 246 3419 rana
256 3384 407 3427 Synodus
421 3399 428 3418 ε
460 3390 502 3419 De
516 3385 564 3418 his
575 3393 626 3428 qui
638 3393 727 3420 minis
738 3388 856 3420 tantum
862 3395 1021 3429 poenarum
1031 3413 1042 3428 ,

168 3444 224 3468 aut
228 3440 412 3476 privationis
427 3434 635 3476 facultatum,
659 3447 714 3470 aeut
733 3439 946 3479 deportationis
965 3438 1040 3482 reffe-

166 3494 239 3520 runt
249 3509 260 3526 ‚
280 3485 315 3516 Θ·
325 3485 551 3519 immolaverunt
561 3509 572 3524 ,
581 3487 616 3519 (Ὗ
625 3485 811 3530 adpraesens
821 3486 911 3531 usque
921 3496 1037 3532 tempus

266 3533 380 3576 Dysert.
389 3535 511 3570 Prooem.
524 3537 602 3571 Tam.
612 3539 638 3569 1.
1046 3533 1050 3537 '

31 3056 152 3094 Cap.4.5

186 447 241 479 sto
260 441 430 486 Cypriano
451 440 706 485 frequentissima
730 452 738 472 :
773 442 820 471 De
838 450 869 471 eo
878 448 979 471 tamen
993 440 1073 481 quod

1967 136 2014 179 99

1128 201 1336 236 poenitentiam
1355 206 1413 228 non
1434 205 1557 239 egerunt
1566 217 1577 234 ,
1603 200 1655 228 nec
1669 191 1800 237 eonverfi
1811 194 1903 240 fitne,
1926 207 2006 232 nunc

1130 255 1230 281 autem
1241 247 1319 282 circu
1329 253 1446 287 tempus
1456 246 1560 286 synodi
1563 242 1598 288 [ἓ
1607 243 1774 278 obtulerunt
1786 268 1797 284 ,
1822 248 1857 280 Θ
1876 253 2006 282 conver-

1124 294 1212 336 sionis
1223 301 1424 340 cogitationem
1444 296 1606 328 induerunt
1628 319 1639 335 ,
1668 294 1786 336 placuit
1804 295 1848 327 ad
1865 298 2007 340 Magnum

1130 344 1219 388 usque
1230 347 1310 379 diem
1320 357 1367 379 eos
1379 351 1458 378 inter
1468 346 1629 378 Audientes
1641 345 1764 377 admItti
1774 367 1785 384 ‚
1810 345 1845 378 (9
1859 344 1922 386 pol?
1942 349 2012 386 Ma-v

1125 406 1219 439 gnum
1230 399 1319 428 Dlem
1329 400 1456 428 triennio
1461 393 1607 437 substerni
1617 418 1628 434 ,
1655 396 1689 429 (π
1695 393 1876 436 postmodum
1895 394 2009 427 duobus

1130 450 1219 478 annis
1224 444 1288 486 fine
1308 444 1451 480 oblatione
1471 450 1690 478 communicare.
1725 447 1772 477 Et
1775 443 1818 488 fic
1826 444 1942 476 demum
1952 438 2011 486 sex

1131 500 1221 528 annis
1225 494 1370 536 per-aHis
1382 495 1427 528 ad
1434 494 1647 536 Perfec‘iionem
1658 500 1770 528 venire.
1798 493 1923 528 Denuo
1939 505 2011 528 non

1131 545 1282 588 exprimit
1292 544 1405 578 Fletus
1415 553 1571 587 tempora.
1598 543 1700 577 Ratio
1718 545 1776 577 suo
1784 543 1862 578 loco
1873 543 2011 578 adduce·

1131 605 1191 628 tur.
1218 594 1275 628 Est
1288 594 1458 638 ipfiffimus
1468 592 1593 638 Lapsus
1603 594 1764 636 praesentis
1785 593 1887 627 nostri
1899 593 2011 628 Cano-

1133 646 1191 678 nis.
1219 645 1264 678 Et
1274 644 1386 679 eadem
1398 643 1463 678 sere
1484 643 1622 679 decisio:
1649 643 1739 676 Nam
1757 643 1789 681 ἀ
1806 644 1930 677 sanstus
1951 643 2012 685 Pe-

1132 700 1199 728 trus
1210 694 1287 728 istos
1298 695 1421 738 Lapsos
1437 694 1530 739 cogit
1551 692 1593 727 ad
1614 692 1793 727 luctuosam
1814 692 2012 727 Auditionis

1131 745 1166 778 δε
1184 744 1418 779 Substrationis
1427 744 1656 788 poenitentiam
1677 753 1732 786 per
1742 752 1884 786 quatuor
1894 753 2010 777 annos.

1131 793 1284 828 Omnino
1296 794 1442 838 loquitur
1452 794 1492 828 de
1503 793 1570 828 istis
1577 792 1750 828 Gradibus.
1764 792 1897 826 Etenim
1909 792 2013 825 infru-

1131 844 1239 878 stuosa
1250 844 1390 878 ficulnea
1402 855 1459 889 per
1469 842 1742 879 transmissionem
1763 842 1804 876 ad
1826 841 2014 877 Consisten-

1131 893 1210 927 tiam
1223 904 1332 928 curata
1343 894 1389 928 est
1404 919 1415 935 ‚
1442 905 1479 929 ac
1488 895 1610 937 recepit
1619 892 1835 928 fruetificandi
1845 893 2013 932 virtutem,

1131 942 1272 986 ideoque
1281 943 1436 987 deinceps
1446 968 1458 984 ,
1483 953 1520 978 ut
1530 943 1684 978 liberetur
1700 942 1743 978 ab
1763 943 1939 977 excisionis
1957 952 2013 986 pe—

1131 991 1236 1027 riculo
1246 1018 1257 1034 ‚
1280 994 1353 1027 ‘non
1363 993 1491 1038 indiget
1503 993 1704 1028 stercoribus.
1733 993 1797 1027 Ista
1808 993 2012 1036 poenitentiae

1130 1043 1310 1077 Laetamina
1322 1042 1409 1085 apud
1420 1042 1590 1086 Antiquos
1608 1042 1753 1077 Ecclesiae
1763 1043 1923 1077 Doctores
1941 1053 2012 1076 om-

1130 1092 1213 1126 nino
1234 1093 1310 1127 sunt
1327 1092 1445 1127 Fletus
1457 1116 1469 1132 ,
1495 1091 1638 1126 Auditio
1656 1117 1667 1132 ,
1694 1102 1792 1136 atque
1818 1092 2010 1126 substratio.

1130 1140 1292 1180 Attamen
1303 1154 1374 1177 non
1383 1142 1428 1177 est
1441 1140 1695 1186 ambigendum,
1723 1142 1803 1185 quin
1815 1142 1939 1175 sanstus
1950 1140 2013 1175 Pe-

1130 1202 1198 1227 trus
1209 1193 1288 1227 istos
1296 1217 1308 1234 ,
1332 1193 1366 1226 &
1375 1192 1507 1237 quosuis
1517 1191 1600 1225 alios
1610 1191 1734 1234 Lapsos
1743 1190 1784 1224 ad
1796 1201 1921 1225 certum
1932 1201 2013 1226 tem·

1130 1254 1188 1286 pus
1198 1242 1234 1277 in
1245 1242 1381 1286 simplici
1392 1241 1608 1276 Consistentia
1619 1240 1805 1278 cohibuerit
1813 1266 1823 1281 ,
1846 1241 2013 1277 abstentos

1128 1294 1146 1327 a
1158 1293 1373 1327 Perfefflone:
1402 1292 1448 1326 Et
1457 1292 1535 1335 quia
1543 1301 1671 1335 tempus
1683 1302 1753 1325 non
1773 1291 1923 1335 expreffit
1932 1317 1944 1333 ,
1962 1292 2014 1338 'Vi‘

1128 1342 1221 1377 detur
1259 1344 1364 1387 ipsum
1396 1341 1566 1386 permisisse
1601 1340 1731 1384 Iudicio
1762 1341 2012 1386 Episcoporum.

1129 1392 1232 1441 Qod
1243 1393 1349 1436 ipsum
1361 1392 1516 1426 existimo
1526 1390 1568 1425 de
1589 1391 1725 1425 luctuofi
1747 1391 1956 1433 quadriennii
1966 1391 2014 1425 di-

1128 1443 1325 1477 stributione
1351 1442 1387 1475 in
1421 1439 1642 1477 Auditionem
1677 1441 1710 1474 &
1744 1439 2013 1476 Substrationem.

1131 1494 1220 1528 Nam
1238 1493 1272 1526 δε
1294 1492 1361 1535 ipse
1382 1501 1451 1525 non
1472 1488 1645 1525 distribuit.
1678 1490 1813 1524 Sanctus
1827 1490 2013 1534 Cyprianus

1129 1555 1189 1578 nec
1200 1542 1313 1577 audire
1325 1541 1483 1575 sustinuit.
1512 1540 1556 1573 Et
1565 1551 1635 1574 non
1643 1539 1794 1576 dubitem
1803 1541 1883 1585 quin
1896 1541 2014 1575 succes-

1129 1595 1215 1630 sores
1227 1592 1311 1627 istud
1323 1592 1428 1639 ipsum
1439 1591 1631 1629 censuerint.

1231 1807 1711 1873 CANON
1781 1804 1907 1870 IV-

1129 1928 1263 2062 IIS
1287 1931 1404 1977 enim
1430 1927 1508 1993 qui
1534 1924 1628 1974 sunt
1653 1924 1835 1974 omnino
1860 1923 2008 1993 despe-

1226 2000 1307 2046 rati
1320 2035 1334 2057 ,
1358 2002 1401 2045 &
1426 1998 1732 2063 poenitentiam
1746 2013 1834 2044 non
1848 2012 2007 2058 agunt,

1124 2071 1166 2116 δε
1178 2068 1336 2134 pellem
1348 2066 1570 2133 AEthiopis
1584 2065 1900 2114 immutabilem
1913 2064 2009 2133 pof-

1123 2136 1283 2197 fidem,
1308 2141 1351 2186 δε
1375 2134 1499 2204 pardi
1523 2139 1778 2196 varietates,
1814 2135 2007 2198 dicetur,

1121 2206 1243 2275 quod
1269 2208 1345 2256 alii
1381 2205 1481 2254 ficui
1519 2205 1680 2255 dictum
1713 2206 1786 2255 est.
1823 2209 2007 2273 Nequa-

1120 2295 1253 2344 quam
1278 2296 1328 2327 ex
1350 2292 1398 2326 te
1426 2276 1582 2326 fruetus
1606 2276 1683 2326 fiat
1707 2279 1753 2324 in
1777 2291 2004 2337 aeternum,

1119 2353 1160 2396 &
1185 2347 1284 2397 ideo
1307 2348 1451 2396 statim
1476 2364 1652 2414 quoque
1686 2345 1902 2396 exarescit.
1951 2351 2004 2395 In

1119 2421 1172 2466 iis
1196 2420 1313 2466 enim
1338 2417 1544 2484 impletur
1568 2415 1689 2483 quod
1712 2416 1769 2466 ab
1792 2416 2002 2466 Ecclefia-

1117 2488 1175 2537 ste
1200 2488 1361 2537 dietum
1385 2487 1446 2536 est
1468 2524 1483 2548 ,
1518 2486 1638 2554 quod
1674 2485 1917 2555 perversum
1940 2487 2001 2536 est

1116 2577 1202 2607 non
1226 2560 1388 2626 poterit
1412 2560 1631 2618 exornari,
1667 2556 1909 2606 &de'fe&us
1921 2575 2000 2605 nu-

1114 2632 1267 2677 merari
1294 2646 1381 2677 non
1408 2631 1584 2695 poterit.
1611 2627 1710 2676 Nisi
1734 2630 1851 2677 enim
1875 2626 1999 2693 quod

1112 2697 1353 2765 perversum
1391 2698 1450 2746 est
1487 2698 1605 2766 prius
1644 2702 1802 2746 rectum
1842 2696 1998 2756 fuerit,

1110 2768 1201 2817 fieri
1226 2787 1314 2818 non
1339 2768 1479 2836 potest
1503 2784 1551 2816 ut
1576 2767 1623 2816 id
1654 2782 1879 2817 exornetur
1902 2802 1916 2826 ,
1950 2771 1996 2815 ἅς

1110 2839 1187 2888 nist
1226 2842 1345 2907 prior
1383 2837 1573 2887 descetus
1608 2839 1801 2905 expletus
1840 2835 1992 2896 fuerit,

1107 2908 1198 2959 fieri
1225 2927 1313 2958 non
1338 2908 1479 2975 potest
1504 2924 1552 2956 ut
1576 2911 1612 2956 is
1629 2921 1992 2955 numeretur:un-

1106 2978 1162 3029 de
1184 2984 1227 3028 δι
1251 2982 1297 3027 in
1321 2978 1404 3027 fine
1430 2981 1491 3027 eis
1515 2979 1686 3026 eveniet
1710 2974 1830 3043 quod
1849 2975 1993 3025 aPrm

1105 3041 1238 3117 pheta
1263 3047 1387 3097 Esaia
1412 3047 1596 3096 dicitur:
1634 3051 1677 3094 δι
1703 3044 1989 3107 videbuntur,

1105 3122 1249 3185 inquit
1262 3156 1277 3178 ,
1301 3118 1492 3166 membra
1504 3134 1652 3165 eorum
1664 3119 1743 3183 qui
1766 3115 1990 3179 transgres-

1104 3190 1134 3238 s1
1159 3188 1253 3237 sunt
1282 3190 1327 3234 in
1352 3206 1433 3235 me.
1468 3188 1639 3236 Vermis
1663 3189 1780 3235 enim
1800 3185 1987 3254 ipsorum

1104 3277 1192 3308 non
1218 3260 1423 3306 morietur
1446 3293 1460 3317 ,
1508 3261 1552 3306 &
1587 3258 1700 3319 ignis
1725 3274 1872 3306 eorum
1897 3274 1987 3306 non

1103 3331 1411 3391 extinguetur:
1448 3330 1491 3375 &
1527 3343 1652 3375 erunt
1689 3329 1736 3375 in
1772 3325 1984 3394 aspectum

1103 3400 1243 3448 omnis
1269 3399 1419 3445 carnis.
1469 3395 1834 3466 Qandoquidem
1870 3412 1917 3445 ut
1942 3401 1984 3445 &

1104 3468 1160 3519 ab
1183 3465 1276 3536 ipso
1300 3465 1546 3536 praediCtum
1558 3467 1618 3517 est
1609 3537 1645 3570 N
1683 3467 1989 3573 iyrijustiautetsrss'
