2346 3776
658 99 964 155 Senotns,
1000 112 1062 144 ιτ
1100 111 1274 144 rio-ris
1309 99 1688 152 ntus-rann.

256 185 318 222 ssm
342 181 673 227 irrisum‘aPaganis‚
699 181 809 216 scribit
831 181 874 216 ad
895 181 1047 216 sanetum
1067 180 1139 217 Au-

258 234 429 279 gustinum
449 233 572 272 nobilis
594 232 644 265 vir
666 231 866 275 Volusianus
885 257 897 274 ,
923 231 1136 275 irrisionisque

259 283 474 324 fundamenta
486 281 692 327 Augustinus
702 281 867 325 dissolvit.
894 281 952 320 Isti
970 280 1050 329 ergo
1061 281 1136 325 sunt

258 333 412 379 Magistri
432 357 443 373 ,
481 332 500 366 a
523 332 641 376 quibus
660 331 780 367 didicit
801 331 972 367 Nestorius
997 333 1136 368 refutare

257 383 358 422 etiam
386 383 499 423 Deum
522 381 708 416 bimestrem
729 407 740 423 ,
775 382 809 416 &
839 382 984 416 nostram
1018 382 1136 425 {impli-

256 444 329 467 cem
351 431 452 467 fidem
473 431 516 465 de
538 431 737 475 blasphemia
758 431 912 466 damnare
932 457 941 465 .
978 432 1017 466 In
1041 432 1136 466 Rela-

255 483 349 517 tione
359 481 401 516 ad
422 481 634 516 Marcianum
654 481 844 527 Augustum
855 480 1017 516 veredicit
1029 483 1135 525 Syno-

253 532 316 566 dus
338 530 640 573 Chalcedonenfis,
666 531 756 576 quod
777 531 929 566 diabolus
939 532 990 565 illi
1010 531 1136 575 persua-

249 580 328 625 serit
349 586 415 619 Deo
434 583 524 616 verbo
544 588 740 619 nativitatem
772 593 812 616 ex
834 586 957 626 Virgine
990 583 1135 626 denegare

255 633 337 665 velut
356 639 389 665 in
415 639 618 670 reverentiam
641 631 822 667 &honorem
833 631 922 671 nostri
942 633 1134 672 salvatoris,

253 683 288 715 t&
310 682 487 716 vocabulum
515 683 595 716 DE1
626 681 905 716 GENITRlClS
936 682 976 714 ab
1003 683 1068 722 ejus
1084 693 1135 726 ge-

252 738 406 771 miratione
435 731 591 776 subripere
612 757 618 764 .
657 732 822 779 roirca
859 732 1003 775 praesensx
1024 732 1131 766 Sant‘ti

249 782 372 825 cyrilli
392 781 683 826 ,anathematismus
707 781 753 818 est
773 781 876 816 firmis
900 780 1053 816 anchoris
1086 783 1134 816 in-

248 843 348 875 nixus
365 846 378 865 .’

301 886 413 916 Genuit
433 888 512 916 enim
521 884 577 917 illa
597 887 788 916 incarnatum
799 886 856 921 Dei
879 886 987 919 Patris
999 881 1131 916 Verbum

239 928 408 977 secundum
427 944 566 967 carnem.
593 933 665 981 Qi
687 932 796 972 Sanffi
816 932 937 976 Cyrilli
959 931 1128 967 adversum

246 981 436 1028 orientales
469 983 502 1024 ὃς
524 982 780 1022 Theodoretum
813 983 897 1025 Cyri
929 983 1129 1026 Episcopum

247 1019 350 1066 ¹libros
377 1032 652 1078 Apologeticos
639 1046 655 1067 e
677 1034 792 1068 Graeco
812 1033 1000 1072 transtulit,
1028 1033 1129 1067 latine

246 1081 392 1118 reddidit
425 1081 492 1121 hoc
530 1084 634 1118 modo
660 1095 668 1115 :
708 1087 819 1126 Genus't
846 1089 926 1127 enim
947 1084 1002 1117 illa
1025 1095 1129 1116 carna-

246 1132 316 1170 liter
335 1138 527 1175 incarnatum
550 1137 608 1168 Dei
622 1135 729 1168 Patris
756 1133 902 1169 Verbum.
931 1133 1047 1178 anue
1060 1144 1127 1166 ver-

246 1181 295 1215 fio
315 1182 361 1216 est
372 1184 516 1224 omnino
535 1184 719 1228 conformis
728 1184 834 1218 textui
855 1184 988 1218 Graeco.
1015 1184 1126 1229 Qem

244 1231 322 1266 dicti
349 1231 587 1270 Theodoretus
606 1244 703 1279 atque
730 1233 918 1280 Orientales
938 1234 1014 1267 sunt
1041 1233 1126 1267 varie

245 1281 459 1317 calumniati.
488 1287 604 1327 Ecquis
622 1309 634 1326 ‚
651 1284 817 1329 vinquiunt
838 1282 874 1327 hi
900 1307 911 1323 ,
935 1294 1056 1316 carnem
1073 1282 1127 1325 fa·

245 1331 324 1365 dum
343 1335 402 1366 Dei
412 1334 539 1367 verbum
557 1335 839 1369 carnaliter-natum
863 1333 915 1376 effe
936 1332 1026 1375 fimul
1045 1334 1126 1376 confi-

242 1381 356 1415 tebitur
377 1383 395 1414 ἒ
420 1387 509 1416 Nam
522 1384 554 1425 si
575 1387 740 1418 carnaliter
759 1390 866 1428 genuit
886 1408 897 1424 ,
915 1385 988 1424 jam
1012 1394 1070 1416 non
1092 1392 1125 1416 ut

243 1435 356 1476 Virgo,
379 1434 416 1471 ,Θ
435 1445 495 1467 non
505 1443 538 1479 ut
562 1438 660 1469 Deum
683 1436 787 1480 decet:
814 1437 861 1476 Et
874 1432 915 1475 fic
925 1432 1022 1476 ipsum
1034 1438 1126 1466 etiam

241 1489 398 1523 peccatum
420 1507 432 1524 ,
458 1486 494 1521 5&
518 1486 710 1519 malediaum
727 1484 851 1527 fadum
875 1483 927 1525 effe
952 1507 963 1523 ,
990 1483 1025 1516 id
1056 1482 1126 1521 est,

243 1531 400 1575 originali
421 1535 524 1574 reatui
546 1557 557 1573 ,
584 1535 641 1577 qui
663 1545 706 1573 ex
727 1533 850 1567 carnali
878 1542 934 1572 per
961 1531 1068 1566 virum
1094 1532 1127 1565 &

242 1581 415 1621 mulierem
426 1582 595 1624 nativitate
607 1581 815 1624 contrahitur
825 1605 836 1624 ‚
852 1579 1054 1624 suspicabitur
1067 1606 1074 1613 .

296 1629 450 1665 Alterum
472 1644 586 1665 eorum
610 1642 842 1676 argumentum
859 1630 936 1663 est:
964 1633 996 1663 si
1016 1629 1126 1673 absque

242 1682 427 1725 εκαηιὶηείι*
444 1683 605 1724 judiciuin
633 1680 690 1713 bas
712 1692 798 1714 voces
824 1681 1036 1720 inciderimus,
1063 1691 1127 1713 con-

244 1741 300 1763 ver
310 1741 404 1762 ionem
427 1731 516 1763 Verbi
538 1736 570 1763 in
592 1742 711 1769 carnem
732 1729 982 1773 imaginabimur.
1020 1730 1125 1779 Qod

242 1779 350 1822 ipsum
360 1780 482 1822 placuit
495 1779 777 1815 &Theodoram
798 1784 872 1813 Non
882 1783 982 1820 enim,
1005 1780 1125 1824 inquit,

242 1835 277 1862 in
296 1841 414 1867 carnem
437 1833 520 1863 Deus
542 1831 671 1864 Verbum
696 1828 854 1873 conversus
880 1829 956 1870 est,
986 1828 1046 1872 sed
1069 1833 1125 1863 Dei

236 1879 343 1921 forma
362 1878 523 1923 adsumpsit
537 1880 673 1922 fhrmam
690 1880 803 1925 servi.
832 1880 946 1923 Deum
978 1878 1125 1914 Verbum

244 1930 417 1963 carnaliter
436 1942 478 1972 ex
500 1930 642 1988 Virgine
664 1932 752 1964 nasci
788 1939 904 1974 putant
927 1917 989 1963 else
1013 1929 1125 1969 idem,

244 1979 335 2024 quod
360 1980 462 2023 ipsum
473 1980 569 2026 gigni
583 1981 822 2024 εοιινειΓιιιιιίιι
844 1990 1003 2020 earnem,
1029 1990 1127 2022 atque

243 2030 290 2064 ita
327 2029 448 2073 Cyrilli
475 2031 665 2074 capitulum
697 2033 760 2074 effe
798 2029 1000 2074 Apollinarii
1039 2030 1125 2073 lepra

242 2089 301 2113 aut
323 2081 480 2115 veraciter
501 2082 660 2117 infestum
682 2106 694 2122 ,
730 2091 787 2115 aut
809 2080 883 2114 sane
906 2079 948 2114 de
976 2079 1033 2114 illa
1067 2081 1126 2126 suss

243 2131 392 2173 petitum,
419 2142 458 2166 ac
479 2132 618 2174 proinde
642 2131 867 2166 scandalosum
890 2156 902 2172 ,
927 2130 1054 2173 piarum
1075 2142 1127 2164 au-

243 2179 328 2213 rium
340 2181 532 2227 offenfivum
545 2205 557 2222 ‚
581 2182 617 2216 &
641 2182 842 2217 Nestoi-iano
854 2178 1064 2216 anathemate
1078 2180 1126 2214 di-

243 2240 348 2274 gnum
361 2253 369 2260 .

292 2279 446 2314 Delicata
467 2280 514 2321 est
539 2279 606 2316 haec
630 2281 789 2322 materia,
815 2281 980 2323 habetque
1000 2281 1034 2314 in
1057 2281 1123 2324 ipsa

244 2328 360 2364 locum
380 2330 568 2365 admonitio
590 2333 698 2367 Saniti
722 2331 902 2378 Augustini
924 2332 956 2364 in
970 2330 1055 2364 libro
1080 2330 1121 2364 de

242 2380 349 2423 gratia
359 2378 483 2415 Christi
498 2395 506 2415 ι
532 2380 592 2421 Ista
603 2381 721 2425 quaessio
730 2388 775 2416 ita
786 2381 826 2422 est
836 2383 882 2420 ad
897 2380 1122 2425 disi-eruendum

241 2430 371 2471 difficilis
382 2454 395 2472 ,
421 2440 455 2465 ut
465 2433 585 2474 quando
606 2432 781 2475 defenditur
791 2432 916 2477 liberum
939 2431 1100 2478 ¹arbitrium
1110 2454 1122 2472 ,
1136 2437 1142 2479 f

1915 118 2015 170 373

1205 185 1309 226 negari
1331 185 1389 215 Del
1408 186 1516 226 gratia
1538 184 1703 226 videnum
1728 188 1848 228 quanda
1857 197 1958 223 autem
1969 188 2086 234 adseri·

1205 240 1255 264 tur
1269 233 1326 265 Det
1330 238 1460 276 gratia
1484 231 1609 272 liberum
1630 233 1791 276 arbitrium
1807 246 1934 280 putetur
1943 240 2077 282 auferri.

1204 281 1338 316 Etiam
1350 282 1403 316 ad
1430 281 1668 326 Symmachum
1701 282 1898 322 Pontificem
1934 290 2079 329 scribunt

1204 331 1358 375 Episcopi
1389 332 1602 370 Orientales:
1641 337 1711 367 Veri
1738 359 1749 375 ‚
1774 336 1899 379 relliqui-
1930 341 2078 383 dogmatis
2095 340 2252 382 PostEpist:

1203 387 1288 415 viam
1299 381 1567 423 dubiaemfecerunt
1577 382 1672 424 nostra
1690 392 1838 426 peccata,
1865 386 2079 431 ‘estimantibus
2096 392 2124 419 9-

1201 431 1382 474 quibusdam
1401 443 1460 465 non
1475 433 1553 475 poffe
1576 438 1654 466 inter
1677 434 1807 475 Nestorii
1829 436 1864 470 ὀ·
1886 439 2079 482 Eutycbetis,

1201 481 1358 524 quiidem
1380 478 1455 515 cum
1479 481 1693 525 Apollinario
1720 485 1837 525 senfit,
1856 483 1968 528 salutis
1992 494 2079 522 viam

1202 532 1332 564 mediam
1351 537 1496 574 reperiri,
1518 530 1577 575 sed
1585 535 1668 575 qubd
1684 538 1800 570 omnim>
1812 536 1957 581 neceffi’st‘t
1978 548 2032 577 qut
2044 542 2082 582 il·

1199 581 1258 613 lius
1270 581 1323 624 effe
1342 592 1523 624 quemquam
1534 591 1588 616 aut
1597 582 1700 623 istius.
1727 583 1860 623 Mutuis
1880 585 2006 631 dudum
2028 600 2079 626 ca-

1200 631 1351 664 lumniis
1343 631 1484 665 invicem
1511 633 1730 668 arietaverunt
1742 635 1927 677 Orientales
1935 628 2080 674 othodo-

1199 681 1233 713 xi
1255 705 1266 721 ,
1294 680 1527 715 Nestorianam
1547 682 1581 717 &
1606 682 1854 726 Eutychianam
1875 686 1963 725 luem
1986 688 2079 734 ultro

1198 731 1346 775 citroque
1366 731 1656 775 improperantes,
1682 735 1853 779 quomodo
1883 736 1966 771 olim
2001 739 2080 776 San

1198 781 1238 815 &i
1261 779 1433 817 Athanasii
1474 791 1621 826 tempore
1659 783 1826 819 Occidens
1869 786 1915 820 ob
1937 799 2079 830 vocem,

1200 829 1381 877 Hypqllafis‚
1407 831 1540 866 Orienti
1567 831 1813 879 Arianismum‚
1841 833 1896 869 hic
1917 836 1969 870 illi
1989 837 2078 881 obje-

1198 880 1304 914 stabat
1326 880 1627 923 Sabellianismum.
1657 884 1701 918 Et
1716 885 1824 918 nostra
1845 895 1918 920 aetas
1938 886 2078 922 audit&

1196 931 1300 974 gemit
1322 929 1530 988 orthodoxos
1562 932 1604 966 de
1623 932 1871 981 Pelagianismo
1902 936 1937 970 δε
1963 936 2078 972 Calvi-

1196 981 1303 1016 nismo
1337 981 1481 1020 invicem
1504 983 1748 1026 proscindentes
1773 1010 1781 1018 .
1820 984 1950 1020 Eodem
1973 986 2079 1031 igitur

1195 1031 1296 1065 modo
1317 1030 1572 1073 Theodoretus,
1599 1034 1633 1067 &
1654 1034 1711 1067 alii
1734 1035 1918 1075 Orientalis
1946 1037 2079 1072 Dioece-

1194 1081 1261 1114 seos
1284 1081 1438 1124 Episcopi
1463 1083 1615 1127 Sanstum
1639 1084 1806 1128 Cyrillum
1828 1086 1869 1121 de
1902 1085 2078 1130 Apollina-

1191 1130 1242 1164 rio
1262 1131 1466 1173 infamarunt
1489 1157 1498 1164 .
1524 1131 1628 1171 Reite
1647 1133 1688 1167 ad
1714 1134 1954 1177 Symmachum
1986 1138 2076 1173 Pon-

1190 1180 1315 1215 tificem
1334 1191 1475 1226 pergunt
1497 1181 1622 1225 laudati
1652 1183 1861 1219 Orientales:
1887 1189 2013 1228 Propter
2023 1187 2076 1220 boc

1183 1229 1297 1271 festina
1325 1231 1390 1274 post
1419 1234 1516 1265 Deum
1546 1244 1600 1265 nos
1623 1232 1776 1274 adiuvare
1799 1260 1809 1276 ‚
1836 1237 1871 1269 Θ·
1886 1235 1961 1278 ficut
1993 1243 2074 1271 inter

1192 1285 1258 1314 Arii
1279 1282 1447 1315 dividentis
1469 1294 1577 1316 veram
1610 1286 1743 1328 Deitatis
1767 1294 1908 1319 naturam
1926 1311 1937 1327 ‚
1967 1289 2002 1321 ό*
2022 1290 2076 1321 sa-

1189 1330 1270 1364 bellii
1294 1332 1506 1373 confundenm
1526 1331 1674 1375 personas
1687 1358 1698 1374 ,
1723 1334 1910 1374 ostenderunt
1933 1335 2075 1379 sanlliffi-

1189 1387 1230 1413 mi
1251 1384 1362 1416 Patres
1397 1389 1485 1416 viam
1506 1385 1636 1421 mediam
1669 1391 1811 1419 veritatis
1841 1411 1851 1428 ,
1870 1386 1911 1428 fic
1947 1389 1981 1421 (ν
2017 1399 2075 1420 vos

1190 1442 1267 1469 nunc
1276 1433 1443 1475 illuminate
1466 1431 1696 1475 nosfivtrnualis
1708 1431 1816 1475 vestrae
1833 1434 1970 1478 fitentiae
1986 1438 2073 1470 Iumi-

1191 1492 1245 1513 ne.
1272 1481 1425 1515 Mediam
1441 1482 1526 1515 hanc
1539 1483 1624 1516 inter
1636 1484 1829 1524 Nestorium
1842 1485 1877 1518 δε
1898 1484 2076 1528 Apollina-

1190 1530 1274 1562 rium
1300 1530 1388 1564 viam
1413 1532 1550 1564 Sanctus
1575 1533 1724 1574 Cyrillus
1748 1533 1943 1569 monstravit
1969 1534 2074 1569 abun·

1190 1579 1267 1613 de·
1257 1593 1267 1613 :
1294 1580 1339 1614 Et
1359 1580 1399 1614 ad
1426 1581 1599 1624 vitandam
1626 1593 1776 1625 omnem
1786 1583 2076 1630 amphibologiam

1190 1629 1295 1662 latina
1308 1630 1448 1663 Ecclesia
1471 1629 1575 1666 hocce
1590 1631 1658 1672 ejus
1678 1633 1862 1674 capitulum
1875 1634 1917 1668 ad
1944 1636 2076 1669 sensum

1192 1677 1326 1721 potius,
1351 1680 1451 1722 quam
1462 1679 1504 1713 ad
1524 1679 1657 1726 verbum
1680 1683 1872 1722 transtulit,
1899 1695 1991 1726 non,
2019 1689 2079 1718 Ge-

1189 1734 1256 1766 nuit
1287 1730 1472 1769 carnaliter,
1499 1729 1587 1770 sed,
1614 1734 1727 1764 Genuit
1741 1730 1906 1774 secundum
1930 1746 2079 1776 carnem,

1193 1778 1224 1812 id
1250 1777 1320 1819 est,
1346 1789 1416 1812 non
1439 1779 1543 1821 ipsam
1566 1781 1761 1821 Deitatem,
1789 1782 1844 1816 sed
1867 1795 2000 1818 carnem
2022 1786 2079 1818 seu

1192 1827 1431 1865 humanitatem
1445 1830 1511 1864 Dei
1540 1829 1643 1863 Verbi
1657 1829 1889 1874 inhumanati
1916 1845 1986 1876 quae
1997 1846 2081 1878 quo-

1191 1878 1280 1911 niam
1291 1878 1379 1912 illius
1391 1877 1599 1922 hypostatice·
1605 1881 1733 1923 propria
1745 1881 1813 1923 est,
1836 1884 1985 1927 genuisse
1994 1884 2078 1919 reste

1189 1928 1310 1975 dicitur
1332 1929 1366 1962 ὅ(
1381 1928 1508 1972 ipsum
1498 1940 1705 1975 incarnatum
1728 1908 1900 1967 Verbum.

1242 1978 1336 2025 Qid
1364 1989 1475 2013 autern
1486 1980 1646 2024 significet
1673 1991 1763 2022 vox,
1791 1986 1996 2026 Emmanuel,
2022 1997 2080 2019 ex·

1190 2028 1286 2072 ponit
1308 2030 1443 2063 Sanstus
1455 2030 1602 2073 Cyrillus
1614 2031 1647 2063 in
1661 2029 1789 2066 scholio
1803 2034 1844 2067 de
1858 2033 1959 2068 Verbi
1975 2036 2080 2069 incar-

1191 2078 1327 2112 natione
1354 2091 1360 2110 :
1398 2082 1585 2115 Emmanuel
1609 2087 1781 2114 nominatur
1808 2086 1890 2116 Deus
1925 2085 2077 2126 Verbum,

1190 2129 1269 2170 quod
1279 2128 1407 2171 Abrqbae
1415 2128 1515 2173 semen
1527 2130 1962 2174 apprehendit,interpretatur
1976 2145 2078 2169 autem
2094 2115 2131 2151 ς’
2143 2129 2171 2161 ἓ·

1189 2177 1335 2223 ηρόιβιιηι
1346 2182 1448 2212 Deus.
1479 2180 1665 2214 Nobiscum
1681 2193 1747 2215 non
1762 2183 1893 2218 tantum
1907 2185 2079 2227 localiter,

1190 2239 1246 2267 aut
1268 2240 1324 2272 per
1345 2230 1614 2264 sanctificationis
1638 2232 1779 2275 gratiam
1805 2257 1815 2273 ‚
1852 2233 1906 2268 sed
1940 2246 1996 2278 per
2017 2234 2080 2278 hy-

1172 2278 1383 2323 postaticam
1409 2281 1570 2314 unionem
1593 2305 1601 2313 .
1629 2282 1802 2326 Significat
1837 2295 1937 2318 unam
1963 2285 2079 2319 utrius-

1191 2339 1391 2423 ἒῖἐιῖιιιιιω
1415 2328 1640 2375 hypostasim,
1655 2333 1840 2393 'quomodo
1852 2334 2074 2376 vocabulum,

1293 2391 1349 2425 us?

600 2693 917 2738 SECUNDUM
964 2694 1004 2739 S.
1041 2694 1298 2749 CYRILLI
1335 2692 1715 2745 CAPITULUM.

396 2832 496 2897 quis
543 2848 631 2879 non
677 2829 910 2880 confitetur
944 2833 1034 2879 Dei
1068 2832 1210 2880 Patris
1243 2828 1438 2880 Verbum
1485 2830 1605 2876 carni
1653 2827 1885 2878 secundum
1928 2831 2071 2900 hypo..

247 2830 428 2965 SIq
363 2899 500 2948 stafim
536 2903 706 2950 unitum
740 2938 754 2980 ?
802 2906 846 2950 &
883 2918 1014 2949 unum
1062 2901 1235 2950 tantum
1254 2918 1356 2970 pua
1392 2917 1491 2947 cum
1538 2897 1610 2947 sua
1657 2917 1786 2948 carne
1821 2898 1901 2949 esse
1937 2902 2073 2963 Chri-,-

244 2970 351 3020 stum
373 3006 387 3031 ‚
423 2968 608 3028 eundem
643 2973 848 3021 nimirum
883 2975 1031 3029 Deum
1066 2971 1189 3030 fimul
1224 2975 1267 3020 δε
1304 2971 1526 3021 hominem
1552 3006 1565 3031 ,
1603 2971 1834 3028 anathema
1869 2971 1949 3032 fit.

625 3115 947 3168 SECUNDUM
982 3115 1283 3169 Ntsroan
1319 3116 1695 3171 Carnutum,

247 3250 369 3385 SI
382 3253 483 3320 quis
516 3253 565 3309 in
598 3252 735 3303 Verbi
769 3255 859 3309 Dei
892 3256 1195 3335 ,conjunetione
1229 3289 1243 3314 ,
1279 3271 1376 3320 quae
1411 3251 1468 3301 ad
1502 3269 1675 3309 carnem
1713 3251 1823 3312 fasta
1856 3253 1919 3302 est
1950 3291 1963 3316 ‚
2011 3253 2068 3315 de

363 3324 462 3372 loco
496 3325 543 3372 in
590 3324 734 3379 locum
769 3326 1057 3381 mutationem
1092 3323 1243 3374 divina
1277 3323 1491 3381 sententia
1525 3322 1686 3373 dixerit
1719 3323 1801 3379 effe
1837 3323 2069 3386 fabianum,

243 3389 419 3458 ejusque
451 3392 612 3445 divinae
646 3411 809 3450 naturae
842 3412 1016 3444 carnem
1051 3411 1255 3463 capacem
1290 3393 1451 3442 dixerit
1486 3430 1500 3455 ,
1537 3410 1588 3442 ac
1621 3395 1863 3461 partialiter
1898 3410 1971 3441 uu*
1976 3409 2069 3441 tam

243 3463 365 3512 carni
399 3483 414 3521 3
448 3481 525 3516 aut
558 3468 716 3517 iterum
751 3467 799 3517 in
833 3464 1051 3516 infinitum
1087 3463 1469 3533 incircumscriptae
1516 3479 1679 3521 naturae
1712 3500 1726 3527 ‚
1772 3480 1873 3517 cum
1921 3480 2070 3512 exten-

1905 3533 2020 3573 derent
