2346 3776
649 94 957 153 Serto-urs,
994 103 1060 143 ετ
1092 107 1279 142 Notis
1308 102 1701 150 lausann-

718 244 775 305 C
843 244 900 309 A
968 243 1034 307 Ν
1094 247 1151 301 O
1222 246 1280 305 N
1384 246 1605 307 XIV.

248 389 524 535 Hosius
571 386 815 459 Episcopus
861 387 975 442 dixit
1013 409 1027 438 ε
1077 386 1211 458 Qod
1258 402 1406 443 autem
1442 407 1514 441 me
1560 388 1854 460 undequaque
1900 372 2050 445 movet
2069 433 2084 458 ‚

428 463 616 516 retinere
661 477 752 511 non
785 457 928 510 debeo
949 496 963 511 .
1015 461 1059 511 Si
1106 459 1356 512 inveniatur
1403 462 1504 526 quis
1540 460 1779 531 Episcopus
1824 461 1881 513 ad
1931 466 2086 527 iram

431 529 666 601 propensus
712 532 732 592 (
777 529 900 598 quod
934 528 1115 597 quidem
1163 528 1222 579 ab
1241 528 1464 601 >ejusmodi
1514 532 1691 582 homine
1737 532 1875 586 abesse
1909 533 2086 598 debet)

240 618 288 656 et
331 601 538 659 adversus
585 599 892 668 Presbyterum
921 635 936 661 ,
984 601 1053 650 vel
1102 601 1353 655 Diaconum
1401 599 1495 656 citt)
1542 618 1789 655 commotus
1825 640 1840 665 ,
1884 622 1984 659 eum
2031 623 2087 659 ex

241 674 436 726 Ecclesia
469 675 626 725 eiicere
660 671 886 731 voluerit3
930 669 1254 738 providendum
1289 671 1351 720 est
1376 707 1390 732 ‚
1437 688 1493 720 ne
1527 674 1565 720 is
1607 673 1785 740 repente
1820 675 2084 726 condemne..

240 760 312 794 tur
335 781 350 808 ‚
385 760 431 794 et
465 744 774 795 communione
808 743 1004 816 privetur
1036 778 1049 790 .
1099 746 1269 791 Omnes
1303 739 1509 812 Episcopi
1544 740 1745 793 dixerunt
1770 762 1783 791 ε
1834 749 1927 813 Qi
1961 748 2086 800 eiici-

239 828 313 864 tur
338 851 351 875 ‚
399 814 660 883 potestatem
695 811 855 862 habeat
888 811 1172 875 confugiendi
1207 811 1264 861 ad
1299 809 1563 880 Episcopum
1598 814 1860 882 Metropolis
1895 815 2084 882 ejusdem

239 885 483 935 Provinciae
510 903 525 934 ε
560 886 605 934 Si
639 898 788 938 autem
825 883 1193 951 Metropolitanus
1227 882 1346 933 abest
1366 919 1380 944 ,
1416 882 1473 937 ad
1508 881 1745 938 finitimum
1781 885 2085 950 concurrendi,

237 970 285 1005 et
319 952 505 1018 rogandi
542 991 557 1014 ,
603 970 653 1004 ut
688 952 809 1004 suum
843 956 1071 1019 negotium
1105 953 1306 1003 accurate
1354 955 1624 1004 examinetur
1661 993 1675 1005 .
1718 955 1886 1023 Neque
1920 960 2086 1007 enirn...

237 1042 328 1078 non
363 1024 461 1074 sunt
496 1041 618 1077 aures
653 1023 891 1092 praebendae
926 1027 982 1074 iis
1016 1025 1094 1092 qui
1130 1039 1285 1088 rogant
1309 1059 1322 1070 .
1359 1024 1439 1074 Ille
1474 1043 1654 1093 quoque
1689 1024 1929 1097 Episcopus
1952 1064 1967 1088 ‚
2002 1030 2084 1094 qui

1916 118 2016 169 307

183 1100 191 1107 “
237 1099 330 1161 jure
377 1095 451 1146 vel
484 1097 642 1162 injuria
687 1113 788 1148 eum
822 1097 990 1164 expulit
1023 1131 1038 1159 ,
1084 1111 1211 1162 aequo
1245 1096 1395 1148 animo
1432 1094 1542 1149 serre
1576 1094 1709 1146 debet
1746 1134 1760 1162 ,
1809 1112 1860 1151 ut
1905 1100 1968 1147 rei
2002 1097 2083 1148 fiat

60 3204 199 3243 Episs.47.

59 3253 140 3282 513·
153 3256 199 3275 ιιι

237 1167 506 1216 examinatio
526 1201 542 1227 ,
576 1182 624 1217 et
657 1167 732 1217 vel
764 1170 856 1232 ejus
889 1165 1167 1222 confirmetur
1201 1164 1412 1218 sententia
1447 1202 1462 1226 ,
1510 1166 1581 1217 vel
1616 1170 1857 1230 corrigatur
1880 1202 1894 1220 ,
1942 1167 2084 1217 Prius..

235 1253 373 1303 quam
407 1251 555 1294 autem
589 1234 824 1300 diligenter
857 1252 904 1287 et
937 1254 991 1286 ex
1025 1234 1110 1285 fide
1145 1235 1308 1300 singula
1341 1237 1587 1290 examinata
1623 1236 1807 1297 fuerint,
1844 1240 1923 1305 qui
1959 1255 2080 1287 corn-

236 1308 490 1363 munionem
526 1323 615 1361 non
651 1306 785 1362 lilibet
820 1343 835 1369 ‚
881 1324 970 1356 non
1004 1305 1137 1361 debet
1172 1323 1274 1362 ante
1318 1309 1381 1359 rei
1416 1309 1714 1369 cognitionem
1766 1306 1844 1361 {ibi
1880 1326 2080 1361 commu-

236 1378 413 1437 nionem
449 1393 650 1440 arrogare
673 1414 687 1426 .
724 1380 767 1434 Si
802 1392 951 1434 autem
985 1378 1148 1426 Clerici
1185 1379 1324 1445 aliqui
1360 1380 1644 1432 convenerint
1668 1413 1682 1437 ‚
1730 1392 1775 1428 et
1811 1381 1901 1442 ejus
1938 1378 2081 1449 super-

236 1446 357 1496 biam
413 1463 460 1499 et
482 1449 777 1511 arrogantiam
836 1445 1029 1496 viderint
1049 1482 1063 1506 ,
1111 1448 1218 1513 quia
1252 1465 1342 1496 non
1377 1450 1586 1497 convenit
1622 1447 1934 1496 contumeliam
1960 1485 1974 1509 ‚
1991 1450 2083 1499 ‘vel

232 1517 435 1582 injustam
470 1516 858 1583 expostulationem
893 1519 989 1584 pati
1024 1554 1038 1578 ‚
1085 1516 1378 1566 acerbioribus
1414 1532 1459 1565 et
1495 1516 1766 1579 gravioribus
1802 1517 1947 1568 verbis
1982 1536 2083 1570 eurn

234 1580 397 1642 debent
432 1585 686 1649 corrigere3
728 1602 779 1636 ut
813 1588 854 1635 ei
876 1588 907 1650 2*
938 1588 1017 1653 qui
1050 1586 1173 1653 jubet
1195 1624 1209 1648 ‚
1257 1604 1354 1654 quae
1390 1585 1546 1636 decent
1569 1623 1583 1646 ,
1629 1585 1863 1637 inserviant
1899 1604 1945 1641 et
1979 1589 2083 1647 obe«

235 1655 361 1710 diant
386 1692 400 1704 .
449 1659 570 1709 Sicut
604 1658 723 1711 enirn
759 1654 891 1709 debet
927 1655 1167 1724 Episcopus
1203 1657 1407 1710 ministris
1456 1656 1660 1708 sinceram
1711 1656 1989 1713 dilectionem
2037 1677 2083 1711 et

234 1725 438 1778 alfedium
471 1725 697 1794 praebere3
731 1725 886 1776 eodem
920 1726 1057 1777 modo
1091 1742 1137 1776 et
1173 1725 1346 1792 subjesti
1382 1725 1544 1784 debent
1580 1726 1806 1797 Episcopis
1842 1746 1931 1777 non
1967 1728 2082 1791 frau-

236 1795 465 1854 dulentum
501 1795 783 1852 ministerium
818 1813 866 1854 et
900 1795 1157 1870 obsequium
1193 1795 1423 1854 exhibcrm
1623 1800 1627 1803 *
1741 1800 1749 1804 ”

440 1916 442 1918 ¹
470 1934 498 1978 S
510 1934 551 1979 C
563 1933 609 1978 H
618 1934 665 1979 Ο
677 1933 714 1979 L
727 1933 748 1979 Ι
760 1934 807 1980 O
817 1934 869 1981 N
878 1966 891 1981 ,
1170 1957 1177 2007 Ι
1191 1943 1282 1965 ηοηη
1306 1943 1342 1970 ae
1359 1933 1439 1976 leges
1449 1938 1635 1976 praecrpiunt
1648 1958 1659 1975 ,
1685 1943 1718 1967 ut
1729 1936 1774 1968 aa
1782 1938 1952 1970 Primatem
1975 1935 2076 1980 unius-

1188 1982 1330 2027 cujusque
1364 1985 1536 2017 Provinciae
1555 2010 1566 2026 ‚
1592 1991 1646 2027 qui
1673 1991 1791 2028 negocia
1816 1987 1964 2020 videntur
1989 1986 2078 2020 habe-

236 2024 428 2115 ETiam
440 2027 496 2064 hic
508 2029 628 2065 Canon
641 2030 688 2066 est
702 2029 880 2065 innovatio
890 2030 1002 2074 quinti
1022 2030 1128 2065 Nic»
1187 2044 1242 2074 re,
1265 2042 1462 2073 concurrant,
1488 2035 1543 2067 vel
1565 2037 1611 2067 ad
1619 2036 1786 2076 synodum,
1811 2041 1863 2078 qui
1871 2034 2001 2079 selaesos
2013 2043 2078 2071 exi-

347 2079 383 2114 ni
397 2104 405 2111 .
432 2079 611 2115 Postremae
629 2081 731 2125 partis
741 2081 870 2115 sensum
882 2081 1003 2115 melitis
1021 2081 1125 2125 expri-
1178 2081 1331 2123 stimant,
1357 2085 1415 2124 quo
1435 2094 1494 2117 non
1507 2083 1550 2123 fit
1572 2085 1689 2126 difficile
1713 2085 1801 2125 testes
1818 2087 2079 2127 produc-cresun-

1186 2137 1325 2168 vitentur
1336 2157 1343 2164 .
1372 2131 1586 2176 Transalpinis
1598 2144 1700 2168 autem
1712 2159 1723 2175 ‚
1751 2135 1787 2171 Φ
1797 2136 1868 2172 aliis
1881 2160 1892 2176 ,
1919 2135 2077 2179 quifimili-

1185 2191 1231 2216 ter
1254 2188 1287 2216 in
1313 2184 1484 2227 longinquis
1506 2185 1675 2228 regionibus
1697 2194 1913 2219 commorantur
1926 2210 1937 2226 ‚
1964 2187 2077 2229 Aposto-

234 2130 301 2164 mit
318 2130 425 2174 prima
435 2129 554 2165 Editio
579 2130 705 2165 latina:
732 2134 774 2164 Hi
798 2134 889 2172 vero,
916 2131 1033 2175 utique
1046 2131 1123 2174 Epi-

233 2179 350 2223 scopi,
376 2184 429 2223 qui
453 2184 636 2214 conveniunt
644 2182 692 2215 ad
707 2181 917 2220 audiendum,
936 2180 968 2223 fi
983 2181 1124 2215 viderint

233 2230 417 2266 clericorum
427 2229 479 2272 effe
484 2228 645 2271 fastidium
655 2231 692 2267 θ
697 2228 873 2273 superbiam
882 2255 892 2271 ‚
903 2233 1052 2273 quiajam
1064 2242 1123 2264 non

232 2280 320 2314 decet
344 2288 379 2313 ur
389 2276 556 2323 Episcopus
575 2272 721 2322 injuriatori
747 2282 803 2314 vel
806 2282 1013 2314 contumellam
1017 2286 1122 2322 patia-

233 2338 307 2371 eur,
329 2327 531 2373 severioribus
551 2341 600 2364 eos
625 2330 728 2364 verbis
738 2330 878 2375 castigent
890 2355 901 2370 ‚
926 2340 961 2365 ut
981 2330 1121 2366 obediant

232 2378 353 2420 bonella
360 2384 553 2422 praecipient}
562 2379 712 2424 Episcopo
720 2391 730 2414 r
755 2380 921 2425 ,Quuaficut
933 2382 983 2415 ille
995 2382 1119 2414 clericis

231 2428 385 2472 syncerum
395 2429 534 2463 exhibere
545 2430 633 2463 debet
644 2441 775 2464 amorem
784 2430 947 2464 charitatis
957 2455 968 2472 ,
993 2437 1040 2464 ita
1054 2442 1121 2473 quo-

232 2489 290 2519 que
301 2481 419 2520 victffim
431 2478 558 2519 ministri
568 2479 707 2522 infucata
715 2479 824 2514 debent
836 2479 984 2524 Episcopo
1005 2478 1060 2525 suo
1069 2492 1119 2514 ex-

235 2526 338 2569 hibere
349 2527 511 2568 ministeria
522 2552 531 2563 .

283 2576 390 2611 Porro
410 2577 501 2622 quod
526 2577 568 2614 de
588 2578 734 2615 finitimo
758 2604 769 2621 ,
793 2579 873 2618 dum
897 2580 1114 2626 Metropolim

233 2626 323 2663 abest
350 2653 360 2669 ,
387 2627 552 2672 Episcopo
572 2628 696 2664 Canon
724 2631 839 2665 statuit
856 2656 867 2672 ,
895 2630 1018 2674 ubique
1043 2644 1111 2667 non

233 2678 300 2711 fuit
318 2688 485 2721 receptum
497 2703 505 2710 .
533 2678 695 2726 Qaedam
712 2679 896 2715 Provinciae
917 2693 959 2716 eo
970 2683 1046 2716 casu
1072 2683 1111 2717 ad

229 2727 329 2764 esuum
352 2725 457 2763 Proto
478 2727 661 2769 thronum,
685 2740 766 2772 aut,
791 2731 850 2766 ubi
870 2743 941 2769 nou
952 2742 1021 2767 erat
1033 2732 1114 2776 ejus-

232 2776 350 2816 modi,
377 2775 425 2812 ad'
437 2778 608 2813 Seniorem
619 2779 946 2827 Comprovincialem
960 2806 971 2826 ‚
998 2783 1113 2826 utpote

232 2826 378 2861 'absentis
415 2826 638 2872 Metropolim
682 2830 840 2866 vicarium
875 2855 886 2872 ,
934 2831 1110 2869 voluerunt

231 2877 405 2921 provocari
415 2902 428 2916 .,
452 2877 500 2916 At
513 2877 578 2912 haee
590 2880 706 2918 omnia
731 2880 799 2923 jam
820 2881 946 2925 pridem
963 2883 1085 2917 cessant
1098 2908 1109 2924 ,

231 2938 275 2962 ex
301 2938 368 2969 quo
390 2925 482 2964 Sedis
504 2928 774 2972 Metropolitanae
794 2932 940 2971 vacantis
969 2933 1114 2977 potestas

229 2976 313 3011 'data
333 2976 378 3011 est
402 2977 582 3022 Capitulo,
609 2979 641 3013 &
664 2978 792 3014 vicariis
818 2981 861 3016 ab
883 2982 956 3025 ipso
982 2983 1110 3018 elet‘lis.

282 3027 363 3062 Hoc
377 3027 517 3062 Canono
530 3028 914 3066 Hincmarus-Remenfis
930 3033 1112 3077 Episcopus

228 3075 348 3115 abusus
379 3077 424 3111 est
454 3077 496 3112 ad
519 3078 654 3114 clerum
684 3080 802 3115 Galliae
833 3083 1022 3119 inferiorem
1045 3085 1114 3119 Ro-

231 3137 335 3162 manae
355 3128 585 3171 appellationis
608 3129 702 3172 asylo
724 3130 931 3173 spoliandum
955 3158 964 3173 ,
989 3144 1031 3166 ex
1052 3134 1113 3168 Ca-

229 3173 294 3211 roli
330 3177 428 3212 Calvi
467 3178 674 3222 Imperatoris
709 3175 847 3215 nomine
894 3182 1035 3216 scribens
1071 3184 1111 3217 ad

234 3225 394 3269 Ioannem
431 3229 583 3262 ostavum
621 3228 823 3265 Pontificem
849 3244 857 3263 z
895 3232 991 3272 Potest
1021 3234 1111 3275 fieri,

232 3278 322 3310 atilli
335 3302 345 3319 ‚
370 3283 423 3321 qul
431 3284 466 3311 in
489 3285 598 3313 vicinIs
624 3279 859 3323 Parochlisfimt
880 3281 972 3322 hujus
992 3281 1110 3324 sanc‘lae

234 3330 378 3362 Romanae
399 3328 532 3371 Ecclefiae
545 3354 554 3369 ‚
581 3335 689 3372 qquue
700 3353 710 3369 ,
728 3332 830 3371 juxta
844 3329 951 3372 sacras
970 3335 1108 3378 regulas,

232 3377 278 3410 ad
297 3387 403 3409 manus
427 3378 632 3421 impofitt'onem
665 3381 699 3413 <5
720 3381 766 3412 ad
780 3382 904 3419 synodos
933 3380 987 3414 buc
1009 3394 1109 3416 conve·

232 3423 400 3468 m'refhlent
410 3451 420 3467 ,
445 3428 561 3470 ipfipro
572 3431 779 3464 reclamatione
799 3431 1037 3469 Presbyterorum
1043 3431 1105 3474 suo-

230 3487 298 3512 rum
318 3476 364 3508 ad
379 3484 629 3512 examinationem
652 3486 832 3514 conveniant
846 3505 857 3523 ‚
875 3480 1034 3525 ficutsacrt·
1047 3486 1108 3515 Ca-

328 3529 469 3560 Canones
479 3530 655 3563 conasard.
669 3533 775 3563 Tom.1.

1184 2233 1242 2266 lica
1271 2234 1364 2267 sedes
1393 2234 1428 2267 δ’
1452 2232 1606 2277 sacrorum
1637 2239 1795 2268 canonum
1814 2238 2074 2279 promidgatores,

1181 2283 1315 2326 loquente
1338 2289 1371 2316 in
1391 2289 1436 2318 eis
1457 2283 1684 2328 spiritusancqo
1697 2309 1708 2324 ,
1735 2296 1803 2328 quae
1820 2283 1895 2328 ficnt
1916 2291 2074 2330 unicuiquo

1183 2335 1355 2367 Provinciae
1404 2334 1520 2374 odibilia
1543 2360 1554 2375 ,
1579 2336 1614 2369 (9
1636 2336 1813 2369 audomari
1836 2343 2047 2370 convenientia
2060 2362 2073 2379 ,

1181 2389 1350 2426 atquepaci
1390 2383 1493 2425 cclefiae
1508 2391 1700 2429 congruentia
1712 2410 1723 2426 ‚
1739 2387 1869 2424 tenenda
1879 2388 1914 2427 Φ·
1924 2398 2073 2430 exequenv

1180 2434 1222 2465 da
1236 2431 1432 2476 discretzffime
1438 2433 1662 2477 praefixeruntsv.

1229 2482 1442 2519 Remenfium
1466 2483 1694 2527 elericorum,
1724 2485 1767 2524 ab
1789 2485 1931 2523 Ebbone
1951 2485 2071 2520 Archi*

1181 2532 1346 2576 Episcopo
1369 2533 1602 2569 ordinatorum
1616 2560 1626 2574 ,
1653 2536 1688 2568 ὅ(
1710 2547 1765 2578 per
1777 2535 1959 2570 Nicolaum
1983 2536 2070 2571 Pon-

1149 2620 1151 2624 Υ
1179 2583 1303 2623 tificern
1317 2606 1329 2623 .
1354 2583 1396 2618 ad
1416 2595 1515 2631 quem
1527 2583 1676 2624 damnati
1698 2585 1919 2628 appellarant,
1948 2588 2069 2623 fastam

1178 2633 1422 2667 restitutionem
1450 2634 1517 2677 jam
1538 2635 1667 2678 pridem
1701 2635 1817 2669 oderat
1838 2636 2067 2677 Hincmarus,

1177 2682 1336 2726 ejusmodi
1348 2683 1521 2726 praesertim
1544 2684 1591 2718 ob
1614 2686 1725 2719 causas
1750 2697 1818 2718 non
1832 2686 1991 2719 sustinens
2013 2698 2067 2730 ap-

1177 2733 1317 2777 penates
1329 2733 1510 2778 Episcopos
1535 2733 1683 2769 Romam
1704 2735 1833 2769 evocari
1859 2760 1865 2766 .
1894 2736 1989 2775 Hinc
2012 2736 2067 2779 Jo-

1175 2784 1272 2817 annis
1293 2783 1469 2817 Pontificis
1486 2784 1680 2818 afflirfliones
1706 2784 1833 2824 varias,
1858 2785 1891 2826 ὃς
1911 2786 2064 2824 animum

1174 2833 1211 2872 in
1234 2834 1301 2868 illis
1322 2845 1393 2868 non
1411 2834 1487 2867 satis
1508 2834 1640 2868 firmum
1669 2834 1801 2874 nasim,
1828 2846 1896 2868 non
1922 2836 2063 2879 amplius

1175 2883 1427 2928 supplicandum
1454 2883 1551 2918 duxit
1575 2883 1652 2925 Sodi
1675 2883 1898 2928 Apostolicae‚
1928 2886 1983 2919 sed
2005 2898 2061 2929 per

1174 2933 1334 2973 Carolum
1360 2932 1549 2981 Augustum
1575 2958 1587 2974 ,
1611 2934 1699 2976 quasi
1722 2945 1777 2977 per
1799 2934 1939 2969 alterum
1968 2936 2063 2979 Justi-

1174 2983 1309 3017 nianum
1324 3008 1335 3024 ,
1363 2982 1611 3027 praescribendas
1635 2982 1857 3019 Anthenticas
1877 2985 1910 3019 &
1936 2984 2061 3020 Novel-

1173 3033 1218 3067 las
1240 3059 1247 3068 .
1275 3034 1454 3081 Qemque
1481 3033 1733 3077 Metropolitam
1759 3034 1863 3069 edixit
1898 3036 1961 3070 effe
1989 3036 2061 3071 Prt-

1172 3094 1293 3119 tnatem
1315 3085 1378 3116 suae
1400 3083 1604 3124 Provinciae‚
1633 3083 1702 3126 ejus
1715 3084 1874 3127 synodale
1895 3085 2058 3128 judicium

1171 3134 1234 3167 esse
1259 3132 1278 3166 ὲ
1304 3133 1404 3167 Clero
1443 3133 1592 3167 inferiori
1617 3133 1849 3176 inappellabile
1871 3159 1882 3176 ,
1915 3135 2057 3180 ideoque

1173 3183 1319 3221 Romam
1348 3193 1523 3226 provocare
1551 3184 1638 3227 poffe
1664 3183 1742 3218 illos
1769 3184 1857 3219 solos
1882 3185 2057 3227 Clericos,

1171 3243 1311 3276 quorum
1324 3232 1479 3275 Episcopi
1507 3234 1698 3279 speeiantad
1719 3235 1866 3276 Romani
1879 3234 2054 3280 pontificis

1173 3282 1416 3316 provincialem
1427 3282 1599 3325 Synodum
1608 3284 1643 3319 δε
1653 3295 1771 3319 manus
1782 3285 2024 3328 impositionem
2038 3287 2050 3326 ‚'

1171 3331 1203 3365 id
1224 3331 1293 3371 est,
1320 3341 1460 3374 quorum
1474 3332 1647 3369 Romanus
1664 3334 1824 3369 Pontifex
1834 3335 1879 3369 est
1902 3337 2051 3379 proprius

1170 3382 1203 3415 &
1228 3381 1396 3424 proximus
1420 3381 1638 3429 Metropolita
1661 3407 1670 3415 .
1697 3384 1747 3419 lta
1771 3384 1866 3420 statui
1889 3397 1955 3418 non
1979 3396 2049 3419 tan÷

1170 3431 1238 3468 turn
1251 3432 1267 3464 a
1281 3430 1518 3469 Sardicenfibus
1530 3433 1726 3471 Canonibus
1735 3458 1746 3475 ,
1773 3435 1826 3469 sed
1837 3435 1898 3473 &a
1909 3434 2047 3474 Cartha*

1168 3480 1357 3526 ginenfibus
1367 3505 1375 3514 .

1572 3532 1660 3579 st‘l
1712 3546 1736 3572 ι,
1935 3533 1996 3568 Far
