2346 3776
350 119 421 148 102

210 171 325 212 Epista,
343 174 445 209 statur
456 171 487 205 S.
501 169 687 213 Cyprianus
701 170 735 202 in
746 167 894 212 Epistola
903 167 944 202 ad
957 169 1131 202 Donatum
1144 192 1151 199 .
1171 166 1228 200 Est

208 1714 294 1751 Epist.

209 1764 256 1804 3i.

344 233 394 257 res
405 219 560 255 omnibus
571 219 736 253 notiffima
748 243 754 253 ,
782 218 876 251 Hinc
887 219 965 262 ergo
980 217 1227 251 provinciarum

343 270 492 310 Praefecti
513 268 745 313 permittebant
770 268 804 300 &
824 267 985 311 Martyria
1003 266 1020 299 a
1033 265 1229 301 Christianis

343 321 480 357 redimi.
507 317 717 368 Qandoquc
737 328 793 360 per
814 316 981 351 Libellum
993 342 1002 357 ,
1031 316 1228 360 quandoque

342 371 417 408 allis
427 370 535 405 modis
547 394 555 400 .
581 368 626 402 Et
636 367 711 411 quia
726 367 761 400 in
772 367 916 400 Etecusae
937 366 1043 400 caussa
1057 366 1230 400 Celerinus

342 422 475 466 Martyr
488 418 614 454 nullam
624 415 747 451 Libelli
757 417 951 450 memoriam
963 417 1054 457 facit,
1065 415 1160 460 poffit
1173 416 1228 449 ille

347 483 420 511 non
432 466 648 509 intervenisse.
675 465 817 500 Videtur
824 466 917 500 fuisse
928 467 991 500 alia
1002 492 1013 508 ,
1038 466 1150 500 statim
1175 477 1229 500 ex-

343 518 498 566 ponenda
511 541 522 557 ‚
547 516 782 560 redemptionis
791 517 909 559 species
919 542 927 549 .

393 568 541 616 Qaestio
553 568 598 602 est
610 592 621 614 9
647 567 733 613 Qis
747 566 802 606 ,δε
814 566 933 613 Qlalis
941 566 1038 601 fuerit
1051 566 1107 600 ille
1118 564 1226 599 Libel-

342 620 395 658 lus
407 620 420 652 ?
447 616 645 661 Respondeo
657 617 750 650 fuisse
759 624 882 663 cetram
892 616 1023 650 astualis
1034 614 1228 649 Idololatriae

342 668 530 708 evasionem
541 691 552 707 ,
579 678 644 711 qua
655 665 1005 711 qnidamsimpliciores
1015 664 1188 698 credebant
1210 664 1228 697 a

340 720 374 754 se
389 718 484 759 evadi
494 729 594 755 omne
606 716 691 751 istud
699 717 822 750 crimen
833 741 844 756 ‚
865 727 934 748 non
944 714 1116 748 dumtaxat
1127 715 1161 747 in
1172 725 1228 748 ore

341 769 376 805 δε
387 779 488 810 manu
502 792 512 807 ‚
539 767 593 801 sed
604 767 703 800 etiarn
723 766 758 799 in
769 763 970 799 conscientia
981 789 988 796 .
1016 765 1096 798 Erat
1106 763 1229 798 Profess

341 819 443 853 {ionis
455 812 574 861 species
586 829 593 848 x
622 815 780 850 Profeffio
790 814 1008 859 Denegantis‚
1018 814 1226 849 Contestatio

340 867 524 908 Christiani
537 890 548 906 ‚
562 866 653 910 quod
663 866 766 898 fuerat
777 863 959 898 abnuentis.
987 864 1066 899 Erat
1090 865 1126 898 in
1148 865 1229 899 Scri-

341 927 438 962 ptum
448 916 574 951 redasta
585 913 757 954 Proteffio,
765 925 829 957 qua
841 915 914 958 quis
924 914 1084 949 fatebatur
1095 916 1126 948 se
1137 916 1229 950 sacri-

341 967 451 1002 ficasse
462 989 473 1005 ‚
499 975 556 999 aut
566 963 691 998 Praefidi
700 974 798 1007 atque
807 963 1002 1009 Principum
1025 964 1149 999 Edistis
1171 977 1225 1010 per

338 1026 477 1051 omnem
487 1013 628 1048 modum
649 1014 843 1048 satisfecisse.
872 1014 916 1049 Et
929 1016 974 1050 ita
985 1015 1063 1050 licet
1083 1028 1153 1051 non
1180 1017 1230 1050 Os

339 1076 399 1100 aut
407 1065 566 1105 Manum,
576 1073 685 1098 tamen
698 1064 946 1100 Conscientiam
958 1065 1099 1101 omnino
1107 1066 1231 1110 pollue-

341 1115 405 1151 bat.
432 1115 477 1150 Et
500 1124 580 1149 nota
601 1113 668 1148 haec
692 1115 792 1148 sancti
804 1115 965 1160 Cypriani
980 1118 1015 1151 in
1038 1117 1177 1151 laudatis
1189 1116 1228 1151 ad

341 1165 578 1201 Antonianum
589 1164 710 1198 Literis
733 1163 847 1199 verba:
872 1168 929 1199 ‚Ad
943 1167 1155 1212 Magistratum
1180 1169 1233 1200 vel

340 1221 414 1250 veni
426 1240 436 1255 ,
460 1216 512 1249 vel
522 1217 580 1248 alio
589 1223 678 1248 eunte
691 1215 848 1247 mandavi.
876 1216 1008 1261 Nempe
1027 1228 1139 1251 coram
1151 1216 1230 1251 Prae-

339 1265 406 1301 fide
414 1264 549 1314 ipsc-,vel
560 1264 627 1298 alio
638 1263 837 1309 Magistratu
849 1266 1048 1306 scribebatur
1060 1266 1207 1302 Libellus
1218 1281 1229 1301 .·

339 1314 555 1369 Qiandoque
567 1314 586 1349 a
608 1313 814 1359 praesentibus
825 1329 880 1361 per
890 1318 1056 1362 propriam
1066 1329 1201 1352 manum
1218 1342 1229 1358 ‚

339 1365 542 1411 quandoque
562 1364 603 1400 ab
626 1364 815 1402 absentibus
825 1379 881 1411 per
893 1369 1025 1402 miffum
1036 1367 1230 1402 Procurato-

338 1427 422 1451 rem.
448 1417 559 1464 Qem
570 1427 699 1452 morem
709 1417 886 1461 respiciunt
898 1418 931 1452 δε
941 1418 1037 1452 verba
1049 1419 1085 1451 in
1108 1418 1231 1452 Sermo-

340 1479 385 1502 ne
394 1466 436 1504 de
448 1465 575 1510 Lapsis:
603 1467 709 1511 Feclff‘
725 1465 760 1510 se
785 1468 867 1501 dixit
877 1492 888 1507 ,
913 1469 1063 1510 quidquid
1080 1469 1158 1502 alius
1177 1467 1232 1509 fa-

340 1516 569 1559 tendoeommifit
582 1541 589 1548 .
617 1517 709 1551 Hinc
722 1516 812 1551 vides
823 1516 1001 1562 legendum
1023 1519 1085 1552 effe
1098 1542 1108 1558 ,
1127 1517 1230 1561 faten-

341 1569 379 1601 do
391 1592 403 1608 ‚
429 1566 649 1611 potiusquam
663 1591 674 1607 ,
692 1566 843 1608 faciendo.
870 1568 956 1615 Qiae
965 1568 1078 1602 omnia
1102 1567 1231 1611 infigni-

340 1627 391 1651 ter
413 1617 448 1651 &
468 1616 576 1660 ample
597 1616 740 1651 elucidat
762 1627 860 1660 atque
886 1619 1060 1652 confirmat
1071 1618 1231 1651 Romanae

341 1667 492 1702 Ecclefiae
501 1667 617 1702 Clerus
629 1668 663 1701 in
675 1667 794 1702 Literis
802 1667 842 1701 ad
852 1668 997 1702 sanetum
1010 1668 1228 1711 Cyprianum:

344 1717 434 1754 Vobis
441 1716 623 1762 sententiam
636 1716 760 1757 nostram
771 1719 901 1751 dilucida
911 1717 1099 1760 Expefitione
1105 1718 1230 1760 protuli-

341 1781 407 1802 mus
419 1769 583 1803 adversum
592 1780 640 1802 eos
651 1775 726 1811 ‚rqui
732 1765 855 1811 se-ipsos
866 1768 1003 1815 infideles
1011 1770 1118 1802 illicita
1136 1766 1232 1809 nefa-

341 1826 451 1852 riorum
463 1818 640 1853 Libellorum
653 1817 1026 1860 Prqfeffioneprodiderant
1039 1842 1050 1858 ‚
1071 1817 1231 1860 qaafieva-

336 1867 403 1913 ficri
427 1874 595 1901 irretientes
614 1868 678 1900 illos
693 1865 810 1899 Diaboli
821 1868 939 1908 laqueos
951 1868 1128 1900 viderentur
1139 1888 1151 1906 ‚
1171 1867 1229 1908 quo

339 1930 399 1954 non
407 1919 506 1951 mimis
520 1919 612 1960 quim
628 1915 660 1958 fi
664 1918 709 1949 ad
718 1915 854 1958 nefarias
868 1928 942 1949 aras
965 1917 1131 1960 acceffiffent
1144 1939 1155 1956 ‚
1178 1914 1232 1951 boc

338 1967 401 2012 ipso
411 1969 491 2011 quod
508 1965 606 2010 ipsum
627 1965 776 2006 contestati
788 1965 918 2008 fuerant
930 1991 940 2006 ‚
953 1976 1124 2000 tenerentur
1137 1987 1144 1999 .
1172 1967 1232 1999 Sed

339 2025 432 2053 etiam
443 2018 608 2051 adversum
621 2027 667 2050 eos
680 2017 745 2049 illos
758 2022 809 2058 qui
822 2016 1036 2060 Ac‘laftciffi’nt
1047 2041 1057 2056 ,
1077 2018 1143 2049 licet
1150 2023 1231 2057 prae-

335 2065 439 2112 sentes
450 2092 460 2108 ‚
486 2078 551 2100 cum
557 2066 665 2108 fierent
675 2090 685 2105 ‚
702 2078 758 2098 non
771 2066 931 2110 adfuffent
941 2091 951 2107 ‚
962 2067 1026 2099 cum
1032 2063 1229 2108 praesentiam

335 2116 427 2162 suam
437 2123 539 2159 utique
547 2141 558 2158 ,
585 2125 619 2149 ut
623 2115 663 2157 fic
669 2113 870 2158 scriberentur
880 2118 1065 2155 mandando,
1070 2112 1208 2158 fecissent
1220 2140 1227 2146 .
1252 2116 1262 2121 ²

340 2172 416 2201 Non
427 2166 466 2208 est
476 2173 554 2200 enim
565 2172 706 2198 immunis
719 2168 738 2198 ἃ
744 2164 852 2209 scelere
864 2190 875 2206 ,
900 2172 952 2210 qui
965 2175 998 2200 ut
1007 2167 1093 2210 fieret
1105 2189 1115 2204 ,
1140 2170 1229 2206 impe-

340 2223 428 2251 ravit
438 2242 448 2258 ‚
475 2228 526 2250 nec
537 2216 574 2257 est
586 2217 701 2248 alienus
722 2218 742 2248 ἃ
763 2222 883 2250 crimine
908 2240 919 2256 ,
945 2218 1029 2257 cujus
1056 2213 1193 2258 consensu
1220 2239 1229 2254 ,

339 2270 409 2302 licet
431 2279 490 2300 non
520 2268 541 2299 a
557 2265 772 2309 secommiffum
783 2273 910 2306 crimen,
936 2276 1036 2299 tamen
1050 2265 1167 2307 publice
1191 2265 1231 2296 le-

336 2324 429 2362 gitur.
457 2320 503 2349 Et
514 2328 580 2350 cum
592 2326 685 2349 totum
691 2311 765 2359 fidel
772 2319 993 2350 Sacramentum
1014 2322 1046 2348 in
1058 2313 1230 2356 Conftffione

340 2366 455 2407 christi
467 2372 594 2400 nomim's
618 2367 863 2414 intelligaturleffi
878 2366 1020 2412 digestum
1030 2378 1043 2407 ;
1069 2371 1120 2407 qui
1134 2363 1228 2405 falla-

341 2428 389 2451 ces
412 2422 444 2449 in
472 2415 656 2459 excusatione
667 2416 838 2460 praestigIas
859 2423 970 2459 quaerit
992 2440 1002 2456 ‚
1023 2420 1156 2459 negavit.
1183 2416 1228 2445 Et

342 2472 395 2510 qut·
423 2467 491 2498 vult
510 2467 609 2498 videri
631 2465 784 2506 propositis
805 2467 956 2499 adversus
967 2466 1169 2508 Evangelium
1179 2464 1230 2496 vel

344 2515 467 2549 Ediiiis
479 2516 531 2548 vel
541 2513 671 2559 Legibus
676 2513 851 2557 satisfeciffi
862 2539 872 2555 ‚
896 2514 947 2548 hoc
968 2513 1029 2557 ipso
1035 2517 1105 2556 jam
1109 2518 1228 2556 paruit,

344 2566 426 2607 quod
447 2566 547 2598 videri
568 2564 696 2607 paruisse
711 2562 746 2607 se
765 2566 876 2597 voluit.
903 2564 1048 2598 Proinde
1058 2562 1093 2596 hi
1104 2562 1228 2596 Libelli

342 2614 469 2650 ‘fiebant
481 2639 491 2655 ,
511 2613 674 2648 dabantur
685 2614 719 2647 ἃ
731 2613 971 2656 accipiebantur
982 2612 1067 2656 apud
1079 2612 1159 2646 Asta
1170 2638 1177 2644 .

395 2663 500 2700 Porro
514 2662 596 2698 Asta
606 2674 697 2698 erant
709 2661 854 2706 duplicia
866 2678 876 2697 .·
905 2662 1151 2698 Conlistorialia
1163 2686 1173 2702 ‚
1194 2662 1228 2695 &

345 2714 619 2749 Pro-Consularia
641 2738 652 2754 ,
682 2714 736 2747 seu
758 2711 959 2747 Praefidialia.
986 2711 1227 2747 Confistorialia

345 2774 438 2799 erant
450 2764 546 2812 ipfius
559 2763 701 2809 Augusti
714 2762 876 2807 Principis
886 2763 963 2797 cum
982 2763 1040 2796 suo
1062 2761 1229 2795 Confisto-

345 2815 397 2850 rio
409 2840 419 2855 ,
446 2815 498 2849 seu
510 2814 670 2847 Sanstiori
683 2813 840 2847 Concilio
857 2812 938 2847 Asta
950 2837 962 2853 ‚
972 2812 1112 2846 Decreta
1125 2811 1228 2855 ‚Judi-

345 2873 430 2897 cata.
458 2865 502 2897 Et
513 2863 555 2898 de
565 2862 618 2897 his
629 2862 706 2906 [πρὸ
717 2863 835 2908 legitur
849 2877 859 2897 .·
885 2868 1050 2905 Imperator
1060 2863 1144 2904 apud
1156 2861 1228 2894 Abla

344 2915 438 2946 dixit.
465 2912 607 2947 Dicebat
617 2925 659 2947 ex
681 2913 796 2957 majori
820 2913 1054 2958 Suffragiorum
1081 2922 1230 2945 numero.

348 2963 395 2997 *Et
408 2961 485 2996 hinc
497 2964 668 2997 Neronem
680 2988 690 3004 ‚
701 2963 790 3005 quod
802 2975 868 2996 non
879 2964 950 2996 viva
962 2973 1043 2996 voce
1053 2986 1063 3003 ‚
1086 2961 1139 2995 sed
1149 2963 1229 2995 Scri-

349 3023 409 3055 pto
420 3012 545 3046 audiret
555 3014 602 3045 sui
616 3013 808 3047 Confistorii
820 3013 976 3057 Suffragia
991 3037 1001 3052 ,
1013 3021 1107 3046 notat
1118 3012 1228 3045 Sueto-

350 3062 427 3094 'nius
446 3085 456 3100 ,
477 3070 574 3103 atque
591 3062 760 3107 adjungit:
788 3061 978 3106 conscriptas
1001 3061 1039 3094 ab
1061 3073 1228 3103 unoquoque

352 3112 522 3143 Sententias
536 3112 644 3143 tacitus
656 3111 806 3154 &secreto
816 3114 913 3156 legens
922 3138 932 3153 ,
948 3114 1027 3155 quod
1035 3111 1228 3154 ipfilibuiffet‚

344 3161 476 3204 'perinde
485 3170 520 3191 ac
538 3161 616 3192 idem
632 3162 770 3201 pluribus
791 3164 942 3196 videretur
971 3187 981 3202 ‚
1002 3160 1227 3203 pronuntiabat.

354 3207 616 3243 Pro-Consulum
629 3211 682 3243 seu
694 3209 855 3252 Presidum
864 3212 946 3246 Aeta
957 3223 1047 3246 erant
1058 3222 1169 3245 eorum
1183 3211 1228 3243 in-

356 3258 404 3291 tra
414 3256 572 3292 obdustos
594 3259 666 3292 velo
688 3259 860 3294 Cancellos
872 3263 1012 3296 Decreta
1034 3273 1071 3295 ac
1082 3260 1227 3304 Judicata

356 3307 434 3342 cum
453 3306 516 3340 suis
537 3306 772 3348 Ass'efforibus,
796 3320 865 3353 quae
875 3323 930 3354 per
951 3311 1112 3345 Ab-Actis
1137 3335 1148 3352 ‚
1174 3311 1228 3345 seu

358 3355 532 3391 Astuarios
552 3357 771 3390 referebantur
804 3359 839 3391 in
872 3362 1042 3403 Scriptum.
1070 3359 1228 3395 Ab-Affis

357 3416 449 3448 erant
463 3406 623 3449 exceptivi
632 3408 686 3439 seu
694 3407 872 3441 Sedentarii
884 3409 999 3443 Scribae
1009 3422 1112 3454 genus
1121 3423 1135 3452 ;
1145 3411 1228 3454 ipso-

358 3466 494 3502 tumque
504 3466 624 3491 munus
644 3456 813 3502 infigniter
829 3460 966 3502 exponit
986 3459 1085 3496 Philo
1104 3460 1228 3504 Judae-us

810 86 1255 137 D1ssnnTAT10
1299 83 1731 145 ‘Pnoammme

1290 166 1330 201 ad
1342 168 1497 206 Flaccum
1506 195 1519 212 ,
1544 172 1717 207 edisserens
1726 173 1909 217 Lamponis
1920 170 2017 207 Aba&
2024 173 2081 208 &is
2098 175 2171 210 Sce-

1291 216 1389 254 lerata
1398 221 1544 256 facinora
1556 235 1566 255 .·
1595 225 1710 264 Lampo
1720 222 1859 256 Ab-Aeiis
1878 233 1945 256 erat
1963 225 2049 265 apud
2066 225 2170 267 Praefi-

1291 267 1343 300 des
1353 293 1364 309 ,
1388 271 1498 315 caussas
1503 279 1684 312 promovens
1706 283 1744 305 ex
1767 274 1885 306 ordine.
1911 277 1949 306 In
1958 273 2066 307 harum
2084 278 2170 308 Com-

1289 327 1443 353 mentariis
1454 310 1594 363 quaedein
1604 321 1721 355 delebat
1729 346 1740 362 ‚
1758 325 1900 365 quaedam
1905 324 2103 365 permittebat
2114 326 2170 357 da·

1290 376 1324 399 ta
1333 376 1427 410 opera.
1455 375 1528 403 Non
1538 372 1693 413 n‘unquam
1702 370 1850 414 inserebat
1859 385 1927 416 quae
1936 380 1970 407 in
1973 377 2006 418 J
2007 376 2102 407 udicio
2123 368 2171 408 die

1289 417 1338 449 θα
1349 430 1404 452 non
1406 420 1535 461 fuerant
1558 446 1565 452 .
1592 421 1711 452 Rursus
1736 422 1797 454 alia
1817 423 1955 457 mutabat
1963 448 1974 464 ‚
1999 423 2171 468 transpone-

1290 467 1398 510 batque
1399 477 1455 511 pro
1462 471 1545 503 libito
1556 495 1566 510 ,
1593 471 1609 503 e*
1616 469 1740 513 fingulis
1750 472 1873 510 syllabis
1884 483 1975 516 atque
1996 480 2089 507 etlam
2106 481 2171 516 api-

1290 517 1372 550 cibus
1384 520 1524 560 quaestum
1527 520 1649 562 faciens
1659 519 1761 552 Scriba
1772 523 1964 556 sedentartus
1975 536 1990 564 ,⁴
2016 530 2068 566 qui
2084 522 2169 568 saepe

1288 568 1484 603 conclamante
1494 571 1603 612 Populo
1613 570 1894 604 calamos-Phallas
1904 574 2074 615 appellatus
2095 574 2133 615 est
2153 599 2167 616 ,

1290 619 1372 659 quod
1389 619 1545 653 Scribendo
1555 622 1680 653 Calamo
1697 622 1852 663 jugularet
1865 624 1981 655 multos.
2011 623 2055 658 Et
2065 625 2171 658 infra:

1290 672 1362 700 Non
1381 670 1577 711 eratpoffibile
1587 672 1765 712 ampliffimae
1775 673 1944 704 Provincia
1957 673 2099 713 Praefides
2109 685 2172 707 me-

1290 719 1399 761 minisse
1421 726 1598 763 negotiorum
1610 727 1738 753 omnium
1749 746 1760 761 ‚
1786 721 1981 762 affluentibus
1993 723 2062 754 aliis
2079 721 2170 765 super

1289 768 1366 800 alias
1388 770 1489 810 cauffis
1503 776 1641 812 privatis
1660 780 1752 813 atque
1757 771 1896 812 publicis.
1923 770 2097 814 Praesertim
2107 773 2172 804 cum

1290 828 1347 850 non
1361 821 1393 863 J
1394 820 1500 852 udiciis
1521 829 1640 853 tantum
1655 821 1811 865 praeessent
1821 846 1833 862 ,
1853 819 1912 864 sed
1929 828 2020 854 etiam
2038 826 2173 855 Rationi-

1290 867 1347 900 bus
1364 869 1598 904 Tributorum&
1610 871 1802 917 Velligalium
1813 895 1824 910 ‚
1850 871 1956 913 quibus
1975 874 2072 913 major
2097 878 2172 905 anni

1286 926 1363 959 pars
1373 921 1598 961 impendebatur
1610 946 1617 953 .
1646 925 1686 954 At
1695 920 1744 962 iste
1755 932 1820 954 cum
1839 933 1878 955 ex
1898 922 1996 963 Officio
2007 920 2171 966 suscepiffi’t

1291 969 1576 1016 neceffariamJuris
1587 970 1746 1011 custodiam
1758 995 1768 1010 ‚
1794 972 1828 1005 (a
1838 972 2080 1012 Saneltffimorum
2106 974 2173 1013 etius

1291 1017 1471 1052 decretorum
1483 1043 1494 1060 ,
1519 1021 1658 1054 venalem
1668 1020 1797 1054 babebat
1808 1021 1983 1055 oblivionem
1995 1026 2027 1067 J
2030 1024 2148 1055 udicum
2162 1045 2173 1061 ,

1287 1075 1372 1110 parti
1388 1080 1457 1111 quae
1466 1070 1561 1112 vicm‘e
1585 1069 1727 1102 debuerat
1749 1094 1760 1110 ‚
1784 1070 1955 1114 adscribens
1977 1074 2060 1106 litem
2069 1073 2174 1114 perdi-

1292 1128 1355 1151 tam
1373 1143 1384 1159 ,
1408 1126 1530 1161 accepta
1537 1119 1692 1162 largitione
1700 1125 1797 1163 magis
1809 1122 1899 1161 quam
1911 1124 2040 1156 mercede
2050 1147 2062 1162 ,
2085 1118 2176 1164 &su-¹·

1286 1175 1418 1211 periores
1422 1169 1561 1211 faciebat
1571 1192 1582 1208 ,
1609 1174 1660 1210 qui
1675 1170 1747 1209 Jure
1762 1166 1977 1210 succubuerant
1986 1194 1994 1203 .
2022 1172 2104 1204 Asta
2114 1171 2175 1215 igi-

1291 1229 1342 1252 tur
1350 1229 1442 1253 erant
1452 1219 1577 1252 Secreta
1589 1218 1781 1252 Caussarum
1801 1218 2051 1254 Commentaria
2062 1244 2073 1260 ,
2098 1231 2179 1254 con·

1291 1270 1372 1303 festa
1383 1269 1417 1303 &
1427 1268 1551 1311 Scripta
1564 1268 1649 1302 intra
1662 1268 1801 1301 secretos
1812 1279 1910 1312 atque
1932 1270 2057 1304 velatos
2075 1269 2178 1304 Praefia

1291 1319 1342 1353 dis
1353 1318 1540 1352 Cancellos.
1568 1318 1612 1351 Et
1625 1315 1703 1351 hinc
1722 1318 1757 1350 in
1769 1318 1926 1353 Sermone
1937 1319 1978 1353 de
1997 1320 2108 1364 Lapfis
2129 1319 2178 1355 di·

1292 1370 1339 1402 xit
1349 1370 1474 1403 sanstus
1485 1368 1671 1411 Cyprianus
1684 1381 1695 1401 .·
1722 1366 1888 1401 Libellatus
1900 1370 2015 1403 viderit
2026 1393 2038 1409 ‚
2064 1381 2107 1403 an
2117 1375 2180 1403 ηιμ.

1292 1431 1359 1452 nore
1372 1420 1425 1452 vel
1431 1419 1568 1452 dedecore
1580 1418 1633 1451 vel
1641 1423 1763 1451 crimine
1770 1419 1854 1460 apud
1864 1417 1996 1453 homines
2016 1423 2073 1452 non
2079 1419 2178 1461 publi?-

1291 1475 1406 1502 caverie
1419 1493 1430 1508 ,
1455 1469 1536 1511 quod
1555 1466 1680 1508 admtfit.
1708 1466 1799 1512 Qia
1823 1468 1941 1512 nempe
1963 1468 2180 1504 Libellaticus

1293 1519 1414 1562 Lapsus
1422 1517 1521 1552 fiebat
1532 1516 1655 1552 secreto
1664 1541 1676 1558 ,
1701 1518 1735 1551 ὅ(
1745 1517 1764 1551 a
1774 1518 1939 1552 Fratribus
1948 1519 2061 1562 paffim
2083 1519 2178 1564 igno-

1293 1568 1430 1602 rabatur.
1458 1568 1502 1601 Et
1513 1566 1592 1601 hinc
1604 1567 1694 1601 vides
1717 1568 1869 1602 voculam
1890 1593 1901 1609 ‚
1927 1581 1985 1602 non
1997 1593 2008 1609 ,
2033 1568 2088 1604 hic
2113 1570 2178 1603 effe

1292 1615 1434 1652 omnino
1446 1617 1667 1660 supplendam.
1692 1616 1745 1651 Ita
1757 1618 1850 1652 locus
1863 1619 1972 1662 ,quod
1982 1619 2118 1662 quidam
2128 1622 2177 1654 re.-

1293 1667 1340 1702 ἂὲ
1362 1677 1541 1711 queruntur
1550 1692 1572 1715 ,h
1589 1679 1658 1702 non
1679 1667 1741 1701 erit
1763 1667 1917 1712 deinceps
1936 1668 2100 1704 obscurus.
2132 1669 2180 1704 Et

1294 1717 1371 1752 hinc
1382 1729 1514 1763 quoque
1524 1718 1614 1752 vides
1626 1742 1637 1758 ‚
1661 1717 1735 1761 quis
1754 1718 1788 1751 ὃς
1806 1719 1913 1761 qualis
1933 1719 2099 1753 fueritille
2116 1717 2181 1752 Li-

1294 1768 1408 1805 bellus.
1435 1766 1632 1801 Involuebat
1642 1766 1742 1809 plura.
1770 1766 1883 1800 Primo
1905 1791 1916 1807 ,
1941 1767 2181 1802 Professionetn

1292 1817 1333 1852 de
1343 1817 1485 1851 admisfis
1500 1841 1510 1856 ‚
1537 1828 1574 1850 ac
1588 1826 1644 1860 per
1651 1814 1875 1851 obedientiam
1884 1816 2023 1861 expletis
2033 1817 2180 1862 Augusti

1294 1866 1456 1910 Principis
1467 1864 1617 1902 adversus
1627 1864 1834 1901 Christianos
1842 1867 1966 1901 Ediffis
1979 1892 1986 1899 .
2011 1866 2177 1909 Secunde,

1294 1916 1390 1960 hujus
1403 1916 1615 1952 Profeffionis
1625 1916 1817 1951 relationem
1839 1918 1873 1950 in
1896 1915 1989 1951 Aeta.
2016 1916 2139 1951 Tertio
2165 1941 2177 1958 ,

1293 1967 1421 2012 propria
1432 1978 1532 2001 manu
1545 1968 1664 2001 saetam
1687 1965 1778 2000 istius
1800 1967 2012 2000 Profeffionis
2033 1963 2176 2002 Subscri-

1293 2018 1440 2062 ptionem
1451 2041 1458 2048 .
1488 2016 1621 2051 Etenim
1631 2017 1756 2050 sanstus
1768 2017 1885 2050 Petrus
1895 2016 2036 2060 appellat
2047 2016 2179 2060 Chyro-

1293 2065 1460 2112 graphum.
1474 2066 1638 2114 Qartum
1649 2075 1716 2100 erat
1725 2066 1840 2100 datum
1853 2067 1886 2100 ὅ(
1898 2067 2060 2111 lignatum
2069 2068 2088 2101 a
2098 2066 2176 2102 Pro-

1293 2117 1439 2152 Consule
1448 2126 1504 2150 aut
1517 2115 1649 2150 Praefide
1656 2116 1895 2156 testimonium,
1908 2128 1974 2160 quo
1986 2115 2040 2151 hic
2051 2127 2108 2151 aut
2117 2116 2176 2151 ist'e

1293 2166 1499 2200 Christianus
1511 2166 1702 2200 afferebatur
1714 2166 1910 2200 satis-fecisse
1923 2167 2066 2208 Editus,
2077 2176 2177 2210 atque

1292 2217 1337 2250 ita
1346 2216 1500 2259 deinceps
1511 2216 1602 2249 nulla
1612 2216 1836 2259 persecutione
1845 2216 2012 2251 vexandus
2023 2242 2030 2249 .

1340 2265 1544 2308 Exponenda
1556 2267 1672 2299 sunt&
1684 2264 1750 2300 haec
1761 2267 1859 2300 sancti
1881 2265 1970 2300 Petri
1983 2266 2095 2301 verba:
2122 2265 2179 2300 Vel

1289 2326 1322 2349 ut
1344 2322 1395 2359 qui
1409 2317 1526 2350 Altaria
1540 2313 1750 2358 pervaserunt.
1780 2316 1946 2358 Expofitio
1970 2315 2093 2352 hauriri
2105 2318 2176 2360 pos-

1291 2367 1328 2400 fit
1338 2365 1379 2400 'ex
1402 2364 1453 2399 his
1463 2365 1609 2399 Celerini
1619 2364 1778 2408 Martyris
1798 2365 1839 2399 ad
1860 2366 2044 2408 Martyrem
2055 2366 2175 2400 Lucia-

1293 2426 1372 2449 num
1384 2415 1488 2449 verbis
1503 2428 1510 2447 :
1521 2418 1551 2447 E
1553 2413 1637 2458 tecus
1630 2427 1679 2447 am
1683 2413 1801 2458 semper
1811 2416 1965 2457 appellavi
1976 2439 1987 2455 ,
1997 2423 2068 2458 quia
2073 2424 2130 2457 pro
2137 2414 2173 2460 se

1291 2467 1368 2498 dona
1378 2471 1549 2499 numeravit
1559 2489 1569 2505 ,
1595 2466 1633 2498 ne
1636 2463 1836 2508 sacrificaret,
1844 2463 1902 2507 sed
1911 2466 2030 2498 tantum
2054 2464 2173 2507 adscen-

1293 2516 1361 2559 disse
1371 2516 1493 2549 videtur
1503 2513 1592 2558 usque
1611 2515 1654 2546 ad
1670 2514 1862 2556 Trian-fac‘la
1873 2539 1883 2554 ,
1909 2516 1943 2548 &
1975 2517 2047 2548 inde
2058 2513 2172 2558 descen-

1290 2567 1322 2598 di
1343 2577 1367 2598 e.
1396 2564 1538 2608 Jacobus
1550 2564 1713 2598 Pamelius
1733 2574 1993 2599 commentatur:
2006 2565 2175 2608 ⁴Tuan-fan

1290 2616 1338 2647 Ha
1350 2616 1471 2648 videtur
1477 2614 1565 2658 fuiffe
1572 2616 1649 2648 locus
1661 2638 1672 2653 ‚
1698 2621 1730 2647 in
1742 2627 1796 2657 quo
1809 2614 2042 2658 sacrificabatur.
2071 2615 2174 2650 Nico·

1291 2666 1362 2698 laus
1373 2665 1539 2709 Rigaltius
1547 2678 1558 2697 .·
1585 2663 1746 2707 Etecusam
1755 2663 1846 2707 usque
1855 2665 1900 2696 ad
1907 2664 2100 2706 Trian-facqa
2120 2666 2173 2699 ad-

1285 2714 1425 2758 scendtffe
1438 2716 1592 2748 Celerinus
1603 2720 1650 2747 ait
1671 2738 1682 2753 ‚
1707 2712 1764 2756 sed
1781 2726 1837 2746 non
1854 2712 2032 2757 sacrificasse».
2061 2715 2172 2749 Nimi-

1290 2776 1361 2798 rum
1382 2764 1543 2808 corruptis
1566 2764 1671 2808 pretio
1695 2763 1863 2797 Militibus
1880 2763 2100 2799 dimiffionem
2125 2776 2173 2799 re-

1289 2815 1423 2849 dimisse.
1461 2812 1555 2861 Qid
1592 2811 1669 2847 vero
1693 2814 1891 2858 fignificetur
1917 2813 1982 2848 hoc
2007 2814 2170 2849 vocabulo

1288 2864 1491 2906 Trian-fac‘la,
1502 2862 1593 2897 valde
1603 2862 1648 2897 est
1660 2863 1852 2908 ambiguum
1865 2888 1875 2903 ,
1896 2864 1974 2897 cum
1985 2864 2081 2907 ipsius
2091 2865 2173 2899 Scri-

1290 2926 1386 2958 pturae
1398 2913 1498 2947 fidem
1511 2913 1757 2956 Exemplarium
1768 2914 1880 2958 inopia
1890 2915 1988 2948 faciat
2001 2914 2170 2947 incertam.

1291 2964 1422 3007 Absque
1433 2962 1683 3006 Exemplaribus
1703 2974 1813 2998 autem
1835 2964 1907 3007 quis
1926 2963 2035 2997 credat
2062 2964 2170 3006 conjo«

1288 3014 1388 3048 &anti
1401 3013 1530 3047 Locum
1541 3012 1685 3056 aliquem
1693 3014 1727 3047 in
1740 3013 1910 3057 Capitolio
1918 3012 2101 3056 fignificari,
2116 3024 2172 3056 per

1288 3075 1385 3108 quem
1394 3063 1471 3097 effer
1482 3062 1523 3096 ad
1534 3063 1623 3106 Jovis
1645 3063 1858 3097 Simulacrum
1877 3061 1983 3096 aditus
2007 3062 2171 3096 Sacrifica-

1288 3124 1382 3154 turo,
1409 3112 1574 3147 Cancellis
1584 3113 1620 3146 in
1635 3114 1815 3147 anfrastum
1825 3111 1942 3146 ordine
1963 3111 2085 3154 triplici
2110 3112 2172 3147 dis-

1287 3164 1396 3207 positis
1409 3187 1420 3202 ,
1445 3162 1593 3207 adeoque
1605 3163 1695 3197 Afris
1705 3160 1965 3197 Romanenfibus
1986 3172 2102 3196 neutro
2117 3174 2171 3207 ge-

1289 3225 1364 3248 nere
1394 3213 1686 3256 pronuntiantibus
1717 3212 1918 3246 Trina-faeta
1944 3211 2125 3246 vocitatum
2152 3213 2170 3245 ἓ

1288 3263 1370 3296 Sunt
1381 3263 1439 3306 qui
1449 3272 1565 3306 putent
1579 3263 1654 3296 satis
1674 3261 1880 3295 emendatam
1897 3261 1966 3294 fore
1988 3260 2072 3296 hanc
2089 3263 2170 3296 Scri-

1289 3322 1417 3356 pturam
1428 3337 1438 3352 ,
1463 3311 1553 3355 usque
1563 3313 1608 3345 ad
1633 3310 1814 3352 Trium-fata
1826 3335 1836 3350 ‚
1862 3322 1901 3343 ac
1910 3309 1951 3344 de
1975 3310 2051 3345 loco
2073 3312 2171 3347 intel-

1289 3363 1348 3407 ligi
1358 3362 1462 3397 velint
1474 3386 1485 3402 ,
1510 3361 1568 3396 ubi
1580 3370 1692 3405 gentes
1704 3361 1842 3394 vistimis
1863 3360 2095 3404 Triumphatis
2119 3373 2171 3396 ve-

1291 3412 1469 3446 scebantnr.
1496 3410 1599 3459 Qiod
1609 3410 1684 3444 sane
1693 3409 1822 3452 probari
1834 3412 1922 3453 poffe
1933 3410 2080 3445 videatur
2089 3412 2169 3448 Ovi-

1291 3461 1338 3497 dii
1348 3463 1438 3497 versu
1452 3474 1459 3495 ι
1487 3465 1589 3506 Deque
1598 3458 1791 3503 'triumphato
1801 3458 1914 3504 viscera
1924 3459 1996 3501 tosta
2006 3460 2088 3497 bove.
2114 3462 2167 3494 In-

1296 3520 1299 3525 ·
2083 3510 2170 3546 firmi

2192 2415 2274 2454 Epist.

2192 2467 2236 2486 ²1·

2185 3444 2303 3478 Fastax.
