2346 3776
206 307 326 346 Cap.4o.

320 2314 323 2316 .
344 2281 484 2317 omnino
496 2284 584 2316 resta.
598 2281 749 2316 Vocatur
760 2279 938 2326 Provincia
949 2277 1109 2323 Augusta:
1122 2278 1225 2326 Qiod

341 135 363 163 2
784 100 1233 151 DisSERTA-rm
1268 93 1697 152 PRoazM1AL1s.

342 195 406 223 trio.
435 190 564 226 Cyrenas
574 196 638 219 cum
648 181 768 227 residuis
778 181 953 217 civitatibus
976 178 1063 220 Libye
1076 180 1224 219 Pentapo-

343 241 402 273 leos
413 262 424 278 ,
451 237 592 277 Ptolomei
613 234 792 269 liberalitate
808 229 998 276 suscepimus.
1026 229 1070 262 Et
1096 228 1131 262 in
1155 226 1222 262 alio

342 287 485 332 ejusdem
496 285 572 321 libri
585 285 692 329 capite
700 283 832 318 scribit:
843 284 917 314 Tres
930 283 1111 315 Provincias
1116 277 1222 320 fertur

342 341 494 383 AEgyptus
507 335 633 379 babuiffe
643 333 820 376 temporibus
825 329 949 375 pristis,
958 327 1091 374 AEgyptii
1100 326 1196 371 ipsam
1212 352 1221 367 ‚

341 390 377 423 ό·
387 387 616 425 Thebaidem&
627 385 755 423 Libyam.
770 387 828 415 Cui
840 383 916 415 duas
928 382 1039 421 acliecit
1050 377 1222 418 Posteritas:

342 438 386 472 Ab
398 440 527 481 AEgypto
538 433 791 478 Augustmnnicam
803 457 813 473 ‚
839 432 874 465 ἐν
899 430 1084 472 Pentapolim
1100 431 1120 461 ἂ
1133 427 1223 465 Libya

341 490 462 523 sicciore
476 484 659 529 separatam.
689 482 839 527 Antiqua
851 480 998 515 Romani
1009 478 1143 522 Imperii
1155 478 1223 511 No-

342 539 417 572 titia
429 535 520 570 addit
533 533 729 574 Arcadiam,
750 543 848 576 atque
861 531 905 565 ita
915 530 1011 574 ponit
1023 531 1078 563 sex
1089 528 1223 562 Provin-
1244 556 1250 564 5

340 588 414 621 cias.
443 584 487 620 Et
497 584 563 620 haec
570 584 617 618 est
631 583 766 628 antiqua
779 581 984 627 AEgyptiaca
996 578 1160 613 Dioecefis.

389 638 474 671 Eam
486 637 522 669 in
542 644 606 669 tres
626 633 819 668 Provincias
831 632 932 668 Caesar
955 626 1124 674 Augustus
1143 627 1223 661 divi-

337 687 383 721 fit.
410 687 455 721 Et
467 685 660 731 AEgyptum
678 683 854 728 appellavit
877 680 1088 726 Provinciam
1109 681 1224 721 Augu-

338 737 440 778 stam,
466 748 503 771 ac
526 736 595 780 regi
614 733 700 778 juffit
721 746 778 778 per
788 732 976 768 Praefeuum
997 727 1222 774 Augustalem.

339 788 386 822 Et
395 785 460 822 haec
468 788 572 821 forma
583 784 706 820 desiisse
716 784 848 818 videtur
858 777 936 816 'ante
948 780 982 812 N
985 780 1124 814 icaenum
1135 777 1225 812 Con-

338 837 454 872 cilium
475 862 485 878 ,
513 833 657 882 adeeqae
679 845 736 878 per
759 831 945 869 Adrianum
965 828 1201 872 Imperatorem
1215 823 1235 867 ἶ

339 897 397 922 aut
404 897 563 932 magnum
573 876 833 919 Constantinum
842 879 938 914 -fiiiffe
949 877 1223 913 mutata.Etenim

337 939 445 973 sextus
455 937 578 980 laudati
591 933 739 978 Concilii
751 932 874 982 Canon
886 929 998 966 laudat
1009 940 1080 964 non
1093 927 1224 974 AEgyp-

337 997 409 1022 tum
421 980 441 1027 ,'
458 984 668 1020 Thebaidem
677 1009 689 1025 ,
709 995 746 1018 ac
754 981 904 1024 ,Libyam
917 1005 927 1021 ,
941 979 995 1016 sed
1007 979 1202 1025 AEgyptum
1213 1004 1223 1020 ,

336 1035 479 1078 Libyam
491 1060 500 1076 ,
528 1048 564 1080 ac
572 1033 786 1078 Pentapolim
798 1059 808 1074 ,
836 1030 901 1066 hoc
913 1031 958 1065 est
970 1056 981 1072 ‚
992 1030 1072 1065 duas
1083 1028 1223 1073 Libyas,

337 1086 492 1121 videlicet
501 1086 708 1129 Superiorem
720 1084 774 1117 seu
787 1083 913 1118 Siccam
922 1107 932 1123 ‚
954 1082 988 1116 ὅ(
999 1079 1224 1122 Pentapolita-

338 1147 415 1170 nam
428 1160 438 1175 ,
464 1147 563 1178 quam
575 1133 774 1180 Ammianus
785 1131 1097 1168 Marcellinus·dicit
1108 1128 1224 1164 Penta-
1246 1162 1252 1175 ἶ

336 1186 442 1229 polim
455 1186 473 1219 a
485 1185 597 1228 Libya‘
606 1185 748 1218 Siceiore
770 1184 955 1226 separatam.
983 1181 1232 1217 Constantinus

337 1235 445 1270 divifit
455 1234 646 1269 Provincias
658 1234 777 1267 varias:
804 1232 939 1265 Hinc&
952 1230 1018 1264 haec
1027 1230 1145 1264 divifio
1157 1241 1230 1264 exer

337 1285 428 1320 ditur
437 1286 500 1319 esse
511 1285 606 1328 ipfius
616 1281 910 1316 institutumNam
920 1281 998 1314 &in
1009 1281 1122 1315 vicina
1133 1278 1222 1314 Afriz

337 1346 374 1369 ca

339 1384 473 1419 induas.
500 1384 595 1417 Hinc
618 1383 654 1416 in
673 1381 760 1416 libro
774 1381 816 1416 de
833 1378 882 1415 sui
901 1377 1110 1421 antecessoris
1122 1376 1221 1420 saffii

337 1434 495 1478 Dionysii
517 1433 678 1467 sententia
697 1431 809 1466 scribit
826 1431 974 1476 Magnus
994 1429 1194 1465 Athanasius
1214 1442 1221 1461 z

340 1488 377 1518 In
390 1484 549 1526 Pentapoli
559 1485 724 1525 Superioris
737 1478 1002 1520 LibyaeAffirmat
1012 1479 1224 1538 Pentapolirn

338 1536 400 1570 effe
422 1533 595 1578 superioris
614 1531 729 1575 Libyae
748 1535 884 1575 partem.
911 1529 1018 1579 Qod
1030 1541 1110 1565 tunc
1121 1527 1229 1564 ambae'

337 1585 439 1619 essent
448 1584 544 1618 unica
556 1581 663 1618 adhuc
676 1581 864 1616 Provincia.
876 1580 1020 1615 Arcadia
1031 1581 1224 1615 nominatur

339 1635 380 1669 ab
391 1635 589 1678 Imperatore
601 1632 748 1668 Arcadio
761 1657 772 1673 ,
798 1643 893 1667 novae
914 1631 1086 1666 divifionis
1101 1630 1223 1665 Αυὲὶο-

340 1698 382 1720 re.
409 1685 546 1720 Etenim
568 1684 619 1718 uti
637 1683 878 1718 Constantinus
897 1681 1089 1726 AEgyptum
1113 1694 1150 1716 ac
1170 1681 1224 1714 Li-

341 1736 442 1779 byam
452 1761 462 1776 ,
484 1736 533 1769 'ita
545 1734 601 1768 ille
611 1732 825 1768 Thebaidem
838 1732 944 1767 divifit
957 1733 991 1766 in
1014 1731 1104 1766 duas.
1130 1728 1226 1766 The-

341 1786 413 1821 bais
422 1786 505 1820 olim
516 1783 686 1819 dicebatur
696 1783 797 1818 etiam
818 1781 1016 1826 Heptapolis
1030 1806 1040 1822 ‚
1064 1782 1083 1815 a
1101 1783 1223 1824 septem

341 1835 549 1871 nobilissimis
557 1834 765 1869 civitatibus:
792 1831 936 1872 Thebis,
950 1831 1115 1875 Panopoli
1128 1855 1139 1870 ,
1153 1829 1225 1863 An-

340 1887 437 1921 timo
450 1911 461 1926 ‚
474 1884 639 1928 Lycopoli
653 1908 665 1923 ,
674 1882 877 1925 Hermopoli
890 1892 900 1922 ,·
912 1881 1082 1915 Heraclaea
1095 1904 1105 1919 ‚
1118 1877 1228 1921 Mem->

339 1935 412 1979 phis
426 1960 436 1976 ,
448 1936 481 1969 ἀ
491 1931 702 1977 Oxyrintho.
724 1932 880 1980 Qatuor
891 1931 1016 1975 priores
1028 1929 1150 1974 primae,
1161 1939 1224 1963 tres

339 1986 532 2028 posteriores
543 1985 698 2016 civitates
710 1981 873 2015 Arcadius
893 1979 1060 2021 adscripsit
1078 1979 1226 2013 secundae

341 2034 509 2068 Thebaidi
525 2057 536 2074 ,
550 2032 695 2075 &ipsam
705 2030 878 2074 appellavit
890 2028 1076 2063 Arcadiam.
1105 2030 1225 2062 Secun-

342 2084 420 2118 dam
431 2082 623 2127 AEgyptum
632 2105 642 2121 ,
654 2082 709 2115 seu
721 2080 762 2114 ab
773 2079 932 2124 AEgypto
945 2102 955 2119 ‚
982 2077 1132 2123 Augusta
1148 2077 1226 2112 Pro-

342 2134 452 2167 vincia
473 2158 483 2174 ,
516 2131 679 2167 disseaam
701 2129 913 2164 Provinciam
937 2127 1041 2172 aliqui
1063 2125 1229 2173 Augusta-

343 2184 435 2218 niam
448 2207 458 2223 ,
484 2181 586 2226 aliqui
608 2179 860 2226 Augustanaeam
883 2203 894 2219 ,
934 2178 1036 2222 aliqui
1058 2178 1224 2222 appellant

345 2232 653 2278 Augustamnicam.
681 2231 725 2264 Et
737 2229 804 2264 haec
817 2228 979 2273 postrema
990 2228 1168 2272 appellatio
1179 2228 1224 2262 est

345 2334 384 2366 fit
397 2331 553 2378 Augustae
576 2331 757 2366 Provinciae
776 2331 863 2364 avita
885 2340 956 2372 pars
968 2353 979 2370 ‚
1004 2329 1038 2363 &
1063 2326 1224 2362 hodierna

346 2384 443 2417 soror.
473 2382 621 2416 Vocatur
633 2380 799 2418 Amnica‘:
826 2377 929 2428 Qiod
947 2377 1149 2413 nobilissimo
1162 2389 1227 2412 am-

347 2433 384 2467 ni
396 2431 478 2466 Nilo
489 2432 526 2465 fit
548 2432 666 2465 vicina.
693 2430 802 2464 Porro
813 2429 1007 2475 AEgyptum
1029 2429 1136 2463 Caesar
1157 2427 1227 2461 Au-

346 2482 461 2527 gustus
482 2491 551 2515 non
572 2481 637 2514 fine
658 2480 882 2514 fundamentis
909 2479 1066 2522 inscripsit
1092 2478 1227 2514 Provin-

350 2532 438 2566 ciam
451 2529 645 2576 Augustam.
675 2530 760 2564 Eam
770 2530 892 2574 quippe
903 2529 1008 2563 voluit
1030 2540 1100 2564 non
1123 2528 1164 2563 ad
1177 2529 1227 2563 Se-

350 2590 447 2616 natus
459 2606 469 2622 ,
496 2579 550 2616 sed
561 2579 602 2614 ad
624 2579 725 2614 solius
745 2579 912 2623 Principis
933 2589 1045 2613 curam
1066 2580 1227 2623 spestare;

350 2643 412 2665 nec
422 2642 479 2674 per
487 2630 677 2665 Senatorem
697 2639 754 2663 aut
774 2628 992 2665 Consularem
1014 2628 1122 2663 virum
1135 2653 1146 2670 ,
1174 2628 1227 2664 sed

349 2692 407 2726 per
417 2681 592 2715 militarem
603 2705 614 2721 ,
640 2679 702 2714 soli
723 2679 869 2724 Principi
892 2678 1067 2722 subjectum
1084 2703 1095 2719 ,
1126 2679 1159 2713 &
1178 2690 1230 2723 ap-

350 2730 540 2774 pellandum
551 2729 766 2775 Augustalem
778 2729 966 2764 Praefectum
977 2754 988 2770 ,
1014 2730 1170 2774 Equitem
1183 2741 1230 2763 re—

351 2782 398 2825 gi,
406 2790 503 2824 atque
514 2781 559 2814 ita
572 2780 632 2815 soli
646 2779 799 2825 Augusto
808 2779 952 2824 Principi
964 2791 1021 2823 per
1031 2780 1147 2815 omnia
1158 2779 1231 2814 sub-

353 2831 424 2863 effe.
451 2830 558 2875 Ipsam
569 2831 609 2864 fic
622 2830 728 2864 voluit
738 2831 801 2864 effe
812 2830 1024 2864 Provinciam
1036 2855 1047 2870 ,
1071 2840 1108 2864 ut
1119 2839 1228 2864 tamen

354 2880 483 2919 timori,
494 2881 550 2924 qui
561 2880 684 2923 Julium
697 2880 854 2915 Caesarem
862 2880 941 2915 hinc
952 2879 1148 2920 dimoverat,
1160 2891 1230 2914 non

355 2930 432 2961 esset
443 2928 600 2964 locus.Ut
612 2930 843 2966 violentiorem
854 2932 946 2965 nasta
958 2930 1147 2964 Praefestum
1161 2942 1229 2965 non

355 2978 459 3020 postet
467 2978 529 3011 effe
541 2990 698 3014 novarum
709 2992 816 3015 rerum
828 2982 971 3015 materia.
999 2981 1061 3014 San
1067 2983 1114 3013 xit
1127 2982 1231 3025 ipsum

357 3025 547 3070 Principem
557 3029 618 3061 esse
629 3030 697 3071 ejus
707 3030 910 3071 Praefecturn,
921 3032 955 3066 &
963 3025 1151 3065 Praefectum
1165 3032 1232 3065 Au-

356 3075 516 3120 gustalem
527 3076 696 3112 dumtaxat
709 3082 770 3114 effe
782 3082 868 3124 quafi
878 3081 957 3115 illus
967 3080 1150 3115 Vicarium.
1164 3081 1233 3115 Te-

359 3126 459 3159 statur
470 3124 533 3160 hoc
546 3127 580 3160 in
592 3129 698 3170 primo
711 3129 931 3165 Historiarum
940 3130 1043 3165 Libro
1054 3131 1233 3166 Cornelius

360 3174 502 3209 Tacitus
515 3188 521 3206 τ
549 3178 714 3220 AEgyptum
724 3202 734 3217 ,
760 3179 910 3223 copiasque
932 3206 942 3222 ,
968 3181 1075 3223 quibus
1095 3193 1233 3215 coercere-

362 3234 412 3258 tur
420 3249 430 3264 2
452 3226 522 3266 jam
533 3227 604 3259 inde
615 3228 634 3258 ἅ
646 3230 727 3259 Divo
738 3229 858 3270 Augusto
871 3235 999 3274 Equites
1011 3235 1138 3265 Romani
1159 3231 1231 3264 obti-

364 3283 436 3307 m’nt
448 3298 459 3314 ,
484 3275 539 3307 loco
556 3278 676 3319 Regum.
706 3274 811 3310 Addit
834 3279 868 3311 in
890 3281 1033 3315 secundo
1045 3281 1233 3316 Annalium

363 3323 447 3357 libro
471 3335 479 3355 ε
507 3323 640 3357 Tiberius
661 3328 872 3360 Germanicum
892 3333 1047 3365 accerrime
1066 3328 1210 3374 increpuit
1222 3355 1232 3371 ,

364 3374 444 3416 quod
453 3382 554 3406 contra
571 3373 706 3414 instituta
724 3375 843 3419 Augusti
863 3388 920 3410 non
935 3378 1040 3421 Jponte
1062 3385 1233 3425 Principis,

365 3424 581 3456 Alexandriam
594 3425 739 3467 introisset.
767 3429 853 3458 Nam
865 3427 1005 3470 Augustus
1017 3437 1093 3464 inter
1102 3433 1164 3465 alia
1186 3432 1237 3464 do-

366 3479 541 3507 minationis
556 3476 674 3509 Arcana
683 3498 694 3516 ,
706 3480 811 3507 vetitis
823 3499 833 3516 ,
844 3476 1049 3522 nist‘permtffu,
1060 3483 1175 3525 ingredi
1185 3484 1235 3517 Se:-
1254 3510 1257 3512 .

386 1333 565 1379 Bgzacium
577 1334 596 1367 a
607 1332 772 1367 Numidia
783 1357 794 1373 ‚
819 1332 853 1365 &
864 1330 1106 1365 Mauritaniam
1116 1329 1232 1375 divjfit-

1291 180 1444 214 natoribus
1454 190 1508 215 aut
1521 183 1551 212 E
1554 181 1685 223 quiribus
1697 179 1841 214 Romanis
1853 179 2010 224 illustribus
2022 207 2032 223 ,
2039 181 2167 229 seposuit

1289 233 1474 276 tEgyptum3
1501 242 1538 264 ne
1540 229 1628 272 fasne
1639 240 1757 276 urgeret
1774 233 1919 275 rtatim,
1943 232 2079 278 quisquis
2100 247 2168 270 eam

1290 283 1483 317 Prmnciam
1497 305 1508 321 ‚
1533 280 1716 324 claustraque
1725 290 1817 315 terrae
1827 294 1862 316 ac
1879 289 1976 323 maris
1988 309 1998 326 ,
2023 290 2169 328 quamvis

1285 332 1346 367 levi
1353 330 1491 374 praefidio
1497 329 1660 375 adversum
1672 337 1808 376 ingentes
1819 341 1968 368 exercitus
1977 360 1988 376 ,
2009 334 2164 379 insediffet.

1288 382 1397 416 Etiam
1408 381 1524 416 Strabo
1536 380 1621 416 hanc
1633 380 1843 418 Provinciam
1855 385 1994 420 affirmat
2002 396 2043 420 ex
2051 384 2169 431 Augu-

1287 432 1325 465 sti
1338 430 1489 467 instituto
1511 431 1731 470 administrari
1742 443 1798 476 per
1818 432 1973 469 homines
1993 439 2168 470 continen-

1289 492 1338 515 tes
1350 506 1362 522 ,
1385 481 1442 533 dat
1462 483 1607 517 rationes
1618 508 1629 523 ‚
1653 492 1753 525 atque
1771 482 1923 530 adjungit
1932 484 1974 519 de
1990 484 2169 532 Augustali

1287 532 1459 567 Praefesto:
1485 535 1550 576 ,Qui
1558 539 1690 566 mittitur
1698 556 1709 572 ,
1728 537 1808 576 regis
1818 536 1951 568 ordinem
1956 542 2038 580 gerit
2049 560 2060 576 ,
2067 533 2126 580 sub
2138 547 2169 569 eo

1286 580 1454 622 estjustittae
1463 583 1683 624 administrator
1693 607 1704 623 ,
1731 588 1783 624 qui
1805 590 1972 618 maximam
1991 591 2026 619 in
2039 587 2172 628 judiciis·

1281 631 1454 674 potestatem
1461 631 1559 668 habet.
1595 632 1809 668 Demonstrat
1820 635 1936 670 omnia
1947 633 2020 670 istic
2030 637 2172 680 speeiare

1285 682 1327 716 ad
1339 683 1574 727 Principem‚&
1584 684 1649 719 effi:
1658 684 1745 728 quafi
1756 683 1919 729 singulare
1926 683 1996 728 ejus
2001 685 2170 730 Regnum.

1287 733 1330 782 Et
1343 731 1423 767 hinc
1434 732 1619 778 desperatus
1635 735 1729 770 Nero
1746 734 1852 780 ipsum
1875 733 1931 769 fibi
1949 736 2092 781 retinere
2106 735 2174 772 stu-

1287 779 1357 873 ‹xt
1371 795 1378 815 :
1403 783 1507 832 Quod
1518 777 1838 838 itapnperii'paffn
1850 796 1893 818 ac.
1909 778 2051 827 sficc'km
2063 775 2183 818 fuissffi-
2210 786 2230 823 ’ξ

1287 843 1301 866 r
1328 879 1330 882 y
1354 842 1481 870 nturua.
1506 834 1601 881 Hinev
1613 835 1695 870 item
1706 835 1793 875 inter
1804 834 1943 874 aliarum
1954 827 2027 875 iffic
2035 829 2197 879 Proviipi

1285 882 1412 917 einum
1434 883 1479 918 Pr
2069 879 2174 933 Qoa
2213 884 2235 911 ,ι

2185 407 2245 442 le.
2259 420 2299 445 17.

1464 872 1583 920 ”mdes
1606 884 1720 920 nullus*
1739 886 1804 920 fuit
1817 882 2015 919 Consularis
2033 896 2041 916 ε

1287 932 1485 970 Consulares
1494 936 1581 981 viros
1591 947 1662 973 non
1674 936 1869 972 conveniret
1881 933 1982 977 militi
1993 934 2174 975 fiabeffeEt

1287 982 1376 1017 hunc
1384 983 1824 1029 Provinciarumnumerum
1847 987 1883 1022 ἀ
1899 987 2043 1022 formam
2061 984 2176 1026 laudi&

1288 1033 1322 1068 in
1335 1033 1437 1068 literis
1447 1035 1488 1069 ad
1498 1034 1654 1071 Atticum
1668 1037 2083 1082 Constantinopolitanum
2098 1034 2176 1078 Epi-

1288 1085 1419 1127 scopum
1432 1083 1558 1132 stnffijs
1578 1087 1726 1129 Cyrinus
1747 1087 1959 1127 Alexandriae
1972 1082 2176 1128 Patriarcha.

1290 1134 1418 1169 Laudat
1431 1132 1625 1181 AEgfitum
1637 1158 1648 1174 ‚
1658 1136 1848 1181 Rigionem
1886 1139 1887 1143 ’
1965 1136 2176 1176 stamnicam,

1287 1182 1498 1218 Thebaidem
1508 1186 1524 1223 ,”
1548 1184 1693 1226 Libyam
1704 1210 1715 1226 ,
1741 1196 1780 1219 ac
1791 1183 1909 1219 Penta¹
2009 1210 2016 1218 .
2034 1186 2174 1234 roir-

1286 1234 1322 1267 ca
1333 1232 1388 1267 hic
1400 1243 1557 1267 numerus
1571 1233 1699 1267 videtur
1710 1236 1811 1277 usque
1821 1244 1902 1268 tunc
1914 1234 2124 1278 perseverasse
2134 1261 2142 1268 .

1335 1282 1578 1318 posterioribus
1588 1282 1711 1316 saeculis
1733 1284 1818 1318 fasta
1840 1284 1885 1318 est
1908 1285 1942 1317 ἀ
1963 1284 2028 1318 alia
2048 1285 2177 1320 divisio.

1260 1356 1263 1361 ,
1289 1334 1422 1368 Etenim
1445 1342 1535 1368 extat
1561 1333 1699 1377 antiqua
1718 1335 1911 1371 cunctorum
1944 1334 1980 1367 in
2016 1334 2179 1374 Romano

1279 1382 1430 1428 Imperio
1442 1383 1703 1428 Episcopatuum
1714 1383 1837 1421 notitia
1848 1389 1867 1423 ,R
1886 1383 1922 1417 in
1943 1394 2009 1428 qua
2030 1375 2107 1416 sunt
2127 1379 2180 1419 hae

1286 1434 1400 1468 decem
1414 1432 1597 1469 Provinciis
1619 1446 1626 1465 ε
1655 1431 1812 1477 AEgyptu's
1825 1438 1931 1478 prima
1944 1457 1955 1474 ,
1981 1434 2016 1467 (θ’
2031 1430 2179 1476 secunda

1287 1483 1512 1528 Augustamnica
1533 1489 1638 1526 prima
1654 1509 1665 1525 ,
1702 1486 1736 1518 ὦ·
1753 1481 1897 1528 secunda.
1924 1484 2064 1517 Arcadia.
2100 1481 2176 1516 The-

1287 1534 1356 1567 bais
1365 1535 1492 1576 prima,
1518 1532 1699 1577 &secundm
1729 1533 1822 1572 Libya
1839 1535 2084 1576 Pentapolitaena.
2112 1536 2178 1566 Tri-

1283 1586 1371 1626 polis.
1397 1587 1444 1617 Et
1466 1585 1566 1623 Libya.
1596 1584 1728 1629 Utique
1738 1584 1827 1619 ficca.
1866 1584 1948 1618 Haec
1974 1584 2109 1619 Notitia
2129 1584 2176 1618 est

1287 1635 1405 1678 scripta
1418 1634 1489 1678 post
1503 1646 1632 1679 rapaces
1643 1635 1855 1679 Imperatoris
1875 1634 2001 1670 Leonis
2019 1634 2120 1669 Isauri
2139 1634 2176 1667 in

1286 1684 1545 1719 patriarchalem
1567 1685 1729 1722 Romanae
1743 1686 1890 1729 Ecclesiae
1908 1685 2092 1729 Dioecefim
2106 1684 2178 1728 vio·
2199 1726 2201 1731 .

1276 1736 1412 1770 lentias.
1442 1735 1578 1770 Etenim
1589 1736 1696 1780 plures
1719 1747 1787 1771 non
1803 1724 2102 1777 tantmnffffllixici,
2120 1733 2178 1787 sq!
2211 1755 2213 1781 :

1287 1786 1387 1820 etiam
1415 1785 1515 1819 ltaliae
1541 1784 1745 1820 Provincias·
1767 1785 1897 1827 {hbjicit
1929 1781 2177 1818 Patriarcliatul
2200 1786 2205 1790 ”

1260 1870 1261 1873 ¹
1289 1834 1668 1877 Constantinopolitano
1688 1857 1699 1874 ,
1735 1835 1770 1868 &
1789 1834 1832 1870 ad
1859 1833 2062 1877 palliandam
2093 1834 2179 1877 rapi-

1288 1876 1372 1918 nam⁴
1384 1882 1518 1918 adducit
1539 1882 1630 1918 hunc
1652 1884 1766 1917 fucum
1787 1897 1800 1917 .·
1835 1883 1885 1923 Isti
1907 1881 2049 1925 Episcopi
2068 1882 2178 1923 synodo

1290 1935 1323 1967 (θ’
1336 1932 1474 1974 Ecclefi'ae
1485 1932 1817 1975 Constantinopolitanae
1829 1956 1840 1972 ,
1868 1938 1981 1965 veteris
1991 1936 2097 1967 Romae
2116 1935 2179 1966 Pa-

1283 1991 1331 2023 pa
1348 1984 1368 2013 ἆ
1383 1982 1550 2025 gentilibus
1574 1983 1694 2015 detento
1713 2007 1724 2022 ‚
1755 1980 1830 2025 sunt
1851 1982 1997 2022 adjum‘l'i.
2031 1982 2177 2018 Videtur

1288 2032 1402 2075 scripta
1417 2030 1458 2066 ab
1478 2032 1678 2075 imperatore
1698 2032 1814 2066 Leone
1823 2030 2039 2076 Philosopho.
2068 2032 2177 2080 Qid-

1289 2081 1367 2125 quid
1388 2082 1444 2122 fit,
1460 2082 1532 2122 ‚ista
1554 2081 1760 2127 AEgyptiaca
1781 2080 1973 2117 Dioeceseos
1990 2081 2106 2119 divino
2128 2082 2176 2118 est

1289 2130 1389 2176 longe
1399 2131 1575 2176 antiquior.
1604 2129 1739 2166 Etenim
1752 2133 1788 2166 in
1799 2132 1919 2176 quinto
1941 2132 2074 2167 decimo
2097 2131 2177 2166 Edi-

1289 2183 1340 2215 ἂο
1351 2181 1530 2229 Imperator
1541 2181 1678 2225 Justinia
1684 2194 1743 2216 nus
1754 2182 1865 2218 laudat
1874 2182 1955 2219 duas
1979 2182 2153 2229 AEgyptos
2165 2208 2175 2224 ,

1289 2229 1573 2266 duasThebaides
1586 2257 1597 2272 ‚
1623 2232 1747 2267 &duas
1767 2232 1901 2277 Libyas.
1927 2233 2024 2267 Duas
2043 2232 2176 2278 AEgyp-

1288 2292 1340 2316 tos
1350 2286 1375 2321 ,”
1386 2282 1419 2315 &
1430 2281 1511 2316 duas
1522 2281 1713 2318 Thebaides
1727 2307 1738 2323 ,
1764 2294 1827 2317 nec
1839 2295 1910 2318 non
1922 2284 1957 2317 &
1967 2281 2049 2317 duas
2059 2282 2177 2328 Augu-

1288 2331 1459 2366 stamnicas
1482 2330 1675 2367 Provincias
1698 2333 1811 2367 laudat
1832 2334 1935 2367 etiam
1967 2333 2004 2366 in
2028 2332 2148 2368 Edicto
2162 2357 2175 2374 ,

1288 2381 1377 2425 quod
1386 2381 1555 2424 subjunxit
1565 2384 1682 2418 ostavae
1691 2384 1751 2417 suae
1772 2382 1858 2429 Legi
1883 2382 2044 2418 Novellae.
2071 2383 2117 2419 Et
2136 2383 2174 2418 in

1288 2430 1547 2469 Chalcedonenfi
1561 2433 1699 2477 Synodo
1722 2432 1865 2477 disputat
1888 2431 2068 2475 Athanqfius
2086 2431 2174 2477 Βυβ-
2192 2438 2287 2470 Aetio-

1287 2483 1363 2514 ridis
1384 2480 1551 2526 Epifiopus
1568 2507 1578 2523 ‚
1605 2484 1733 2526 Tripolis
1756 2486 1888 2528 AEgypti
1913 2485 2094 2520 Provincie.
2132 2480 2172 2518 Id
2188 2489 2222 2510 1¹0
2246 2490 2270 2509 ¹-

1288 2530 1353 2573 est,
1380 2531 1531 2575 Tripolis
1545 2557 1555 2572 ,
1581 2543 1651 2577 quae
1671 2535 1717 2569 est
1736 2533 1914 2568 Provincia
1940 2532 2100 2580 AEgypti.
2126 2532 2173 2567 Et
2190 2518 2242 2550 fol·
2253 2522 2300 2556 9⁶·

1288 2581 1329 2616 ad
1350 2582 1553 2616 Dioscorum
1573 2582 1782 2619 Alexandriae
1801 2581 2026 2621 patriarcham
2047 2608 2059 2624 ,
2092 2582 2175 2618 dum

1290 2632 1439 2666 invitavit
1460 2631 1501 2666 ad
1524 2633 1703 2668 secundum
1730 2632 1930 2678 Ephelinurn
1954 2631 2174 2674 Concilium,

1290 2682 1407 2725 scripsit
1418 2693 1476 2725 per
1486 2683 1622 2718 Divales
1634 2683 1740 2718 literas
1751 2684 1931 2728 Imperator
1939 2682 2153 2721 Theodoffl
2165 2694 2174 2715 t

1290 2736 1385 2776 Igitur
1396 2733 1430 2765 <a
1441 2741 1495 2765 tua
1500 2731 1653 2776 sane‘litas
1666 2759 1677 2775 ,
1698 2732 1831 2777 ficmptis
1837 2733 1938 2778 secum
1959 2734 2058 2767 decem
2076 2736 2175 2770 me-

1289 2783 1461 2822 rendtffimis
1484 2785 1681 2825 Metropolitis
1706 2782 1864 2828 EpiftopIs
1878 2808 1889 2824 ‚
1915 2789 1966 2826 qui
1974 2781 2032 2828 sub
2051 2790 2106 2827 epu
2125 2783 2175 2816 de-

1287 2841 1367 2876 gunt
1387 2831 1516 2874 dimest‘,
1543 2835 1579 2867 ὦ*
1589 2835 1658 2867 aliis
1665 2833 1802 2876 fhniliter
1813 2836 1912 2868 decem
1926 2830 2176 2877 sanEu·I{pis'co-
2211 2872 2213 2875 v

1286 2889 1339 2924 pis
1348 2906 1359 2922 ,
1379 2880 1516 2926 sermone
1526 2884 1560 2917 Θ
1572 2890 1642 2917 vita
1652 2891 1768 2917 ornatis
1780 2909 1791 2925 ‚
1818 2881 2057 2928 Ephesumsdfiae
2068 2886 2175 2915 Metro-

1286 2933 1379 2974 polim
1398 2940 1555 2967 convenire
1565 2933 1697 2976 festinet.
1724 2933 1869 2969 Proinde
1882 2931 2053 2968 noviffima
2065 2930 2176 2976 AEgy-
2230 2973 2235 2975 ‚

1291 2980 1339 3026 pti
1350 2982 1386 3016 in
1397 2982 1509 3017 decem
1521 2982 1713 3018 Provincias
1722 2984 1835 3019 divisio
1848 2983 1977 3019 videtur
1985 2982 2048 3016 effe
2058 2980 2100 3016 ab
2112 2981 2175 3015 isto

1292 3033 1361 3076 ipso
1380 3030 1575 3068 Theodofio
1598 3035 1681 3068 facta
1702 3043 1852 3078 tempore
1873 3031 1985 3068 medio
2006 3031 2092 3066 inter
2115 3032 2176 3075 pri-

1292 3083 1618 3118 mum&secundum
1638 3083 1837 3128 Ephefinum
1854 3081 2057 3120 Concilium.
2085 3081 2175 3128 Qa-

1291 3144 1324 3166 re
1346 3131 1540 3176 quibusdam
1563 3134 1691 3169 videtur
1710 3134 1775 3169 labi
1800 3132 1970 3167 Dominus
1996 3130 2111 3166 Petrus
2133 3131 2176 3165 de

1291 3181 1432 3216 Marcha
1456 3184 1493 3217 in
1517 3182 1606 3218 hisce
1627 3184 1751 3219 verbis:
1778 3180 2119 3227 AEgyptiDioecefi's,in
2130 3193 2177 3214 no·
2191 3185 2251 3217 Lib.
2265 3197 2287 3215 ι.

1291 3241 1361 3265 vem
1380 3235 1621 3275 Metropolitanos
1638 3232 1741 3276 divtfit
1767 3258 1778 3276 ‚
1817 3233 2010 3266 Alexandria·
2038 3233 2177 3264 Patriar-
2191 3235 2252 3264 0³1²·
2262 3237 2289 3262 4·

1292 3281 1378 3315 cham
1397 3283 1515 3317 colebat.

1343 3334 1481 3376 Opponi
1504 3335 1635 3377 possunt
1655 3332 1751 3367 varia.
1782 3330 1917 3372 Primo,
1940 3330 2030 3375 quod
2039 3331 2177 3374 Impera-

1282 3390 1344 3431 tor
1356 3380 1566 3418 Theodofius
1575 3382 1797 3418 patriarcham
1805 3382 2010 3416 Dioscorum
2020 3392 2089 3416 non
2100 3392 2176 3415 curn

1292 3442 1436 3473 novem,
1462 3433 1516 3467 sed
1536 3444 1612 3468 cum
1635 3432 1748 3467 decem
1770 3431 1998 3476 MetropolitIS
2023 3432 2177 3466 invitave-

1295 3481 1337 3515 rit
1360 3481 1402 3517 ad
1423 3483 1605 3520 secundum
1624 3481 1827 3528 Ephefinum
1850 3482 2056 3518 Concilium.
2083 3481 2176 3515 Hinc

2086 3541 2176 3565 enim
