2346 3776
501 109 1676 160 DissERTATloPRoOENHALis.
1985 139 2007 178 3

194 198 288 233 enim
309 204 378 233 non
395 193 513 230 decem
532 217 544 234 ,
582 190 637 225 sed
654 189 805 235 cogimur
824 186 896 221 istic
913 186 1065 221 undecim

187 243 553 286 *statueterProvincias
590 241 636 274 Et
653 241 689 274 in
706 240 762 274 sua
780 237 820 273 ad
834 237 1067 281 Imperatorem

195 289 429 332 conflantium
456 291 626 338 Apologia
644 289 755 324 scribit
773 290 900 324 sanstus
918 285 1067 323 Athana-

195 348 285 384 fiu52:
310 346 388 377 Ecce
407 355 472 377 cum
492 353 547 377 tua
567 341 741 375 humanitas
758 351 816 373 non
837 339 920 375 ultra?
941 363 952 379 ,
976 341 1066 381 quam

194 403 283 435 entra
309 399 463 427 civitatem
493 395 528 427 &
563 394 755 425 Provinciam
781 388 870 433 suam
905 388 1065 432 Episcopos

185 444 351 485 *mandari
354 445 495 487 jusserit,
520 441 711 484 istipraeclari
732 445 818 480 viri,
847 438 963 482 utique
974 438 1067 472 Aria-

191 494 228 527 ni
252 518 263 533 ,
294 491 391 536 supra
421 495 599 527 mandatum
629 502 713 526 tuum
736 495 918 528 temerarii,
955 490 1065 534 longius

190 545 283 586 quam
302 546 383 576 ultra
404 553 466 577 tres
490 547 667 578 Provincias
679 566 690 582 ,
721 547 754 574 in
772 542 832 573 loca
850 538 968 582 deserta
986 564 999 581 ‚
1023 544 1066 572 in-

186 591 278 637 solita
297 617 309 634 ,
343 593 498 627 horribilia
520 618 531 634 ‚
563 592 692 625 homines
725 589 814 634 ftnes
832 614 843 630 ‚
879 590 914 623 &
944 586 1065 632 annofhs

187 641 350 686 Epiftopos
381 646 535 685 ejecerunt.
545 645 632 678 «Alii
656 647 735 675 enim
758 652 796 673 ex
825 639 915 678 Libya
941 646 974 672 in
1005 650 1068 671 ma-

184 704 281 737 gnam
311 692 399 735 Oafin
419 719 430 735 ‚
464 695 518 727 alii
542 703 580 727 ex
599 695 625 724 T
646 691 748 725 ebaide
772 696 805 723 in
846 693 1065 723 Ammoniacam

188 742 292 781 Libyae
306 744 458 787 deportati
473 742 556 786 sunt.
587 741 618 776 A

180 841 271 876 siam
279 842 442 876 trastatin
455 842 603 886 Epistola
621 842 664 876 ad
686 842 761 876 suos
781 838 972 875 Monachos
995 864 1006 880 ‚
1032 839 1064 873 ὃ(

183 889 297 925 laudat
306 892 506 935 superiorem
518 892 663 936 Libyam
675 917 686 933 ,
707 891 966 926 Ammoniacam
978 915 988 930 ,
1000 901 1066 923 ma-

181 950 288 984 gnam
298 941 399 975 Oafin
417 967 428 982 ‚
448 943 483 977 &
493 944 638 978 Soinem.
663 942 775 977 Etiam
786 942 822 976 in
833 941 964 975 laudata
976 943 1066 983 Apo-

812 1003 879 1034 quae
899 991 1065 1033 appellatur

182 989 274 1037 logia
292 1002 455 1027 memorat
473 1001 595 1034 partem
614 995 740 1037 AEgypti
764 1017 775 1032 ‚

181 1051 295 1084 magna
305 1041 398 1084 Oafis.
425 1042 487 1076 Per
498 1043 646 1088 AEgypti
658 1053 782 1086 partem
805 1042 965 1085 intelligit
982 1039 1064 1078 *Pro-

176 1090 336 1125 uinciam
349 1092 604 1127 Affirmatfuiffe
614 1093 694 1127 duas
705 1094 808 1127 Oases
820 1117 830 1131 ‚
841 1091 922 1125 duas
928 1087 1059 1131 Libyas,

28 1144 151 1186 ,Haress
172 1137 442 1177 .Ammoniacam
459 1167 470 1182 ‚
497 1144 530 1177 δε
552 1143 697 1175 Soinem.
726 1142 769 1175 Et
787 1143 822 1174 in
834 1140 974 1179 Panario
986 1139 1060 1172 scri·

48 1190 158 1218 ⁶8·C·1·
181 1188 231 1224 bit
247 1191 374 1224 sanctus
398 1190 604 1235 Epiphanius
621 1204 629 1223 :
668 1196 724 1223 Hic
743 1202 805 1222 mos
826 1190 865 1228 est
886 1189 1063 1223 Alexandri-

187 1251 294 1273 norum
328 1240 611 1283 Archiepiscoporum
633 1262 644 1277 ,
680 1247 715 1270 ut
739 1245 798 1278 per
829 1247 924 1270 totam
953 1241 1063 1282 AEgjst

179 1298 247 1322 tum
263 1313 276 1329 ,
307 1289 487 1322 Thebaidem
504 1311 515 1327 ,
549 1288 746 1320 Mareotidem
769 1310 779 1325 ‚
819 1286 941 1325 Libyam
959 1312 970 1328 ,
996 1292 1063 1320 Am-

171 1343 345 1371 moniacam
367 1361 379 1378 ,
414 1338 610 1371 Mareotidem
631 1360 642 1376 ,
678 1337 712 1370 (vt
745 1338 934 1379 Pentapolim
966 1339 1059 1371 admi-

177 1385 303 1426 nistrent
325 1386 522 1428 Ecclefiastica
546 1392 670 1430 negotia.
716 1385 878 1420 Adduais
912 1399 969 1431 per
1011 1399 1063 1423 me

178 1435 366 1472 Provinciis
375 1437 467 1472 addit
477 1435 754 1476 Ammoniacam‚
777 1437 811 1470 &
830 1436 912 1470 duas
933 1438 1063 1472 Mareo-

176 1486 271 1522 tides.
292 1488 382 1522 Etin
393 1485 564 1532 Prophetae
574 1487 662 1521 Isaiae
684 1487 932 1523 commentariis
951 1488 1061 1521 scribit

38 1541 164 1580 Capax·
176 1539 304 1572 sanstus
325 1539 556 1582 Hieronymus
576 1551 585 1571 :
628 1540 755 1571 Gentem
776 1540 987 1582 AEgyptiorum
1007 1542 1062 1571 Do—

174 1593 278 1623 minus
297 1589 335 1622 de
355 1589 475 1632 infinita
494 1593 590 1633 Regni
603 1594 740 1631 potentia
766 1596 824 1630 per
850 1588 978 1633 singulos
1003 1592 1059 1622 Ro-

174 1646 260 1672 mani
271 1643 393 1682 Imperii
403 1641 536 1685 Judices
556 1638 723 1681 distribuit,
756 1647 791 1673 ut
812 1640 906 1673 alium
926 1641 1061 1681 Judicem

171 1687 291 1722 habeat
312 1689 410 1724 Thebe
431 1714 443 1730 ‚
477 1691 571 1724 alium
597 1690 688 1728 Libya
700 1714 710 1729 ,
749 1691 843 1723 alium
863 1692 1038 1732 Pentapolis
1051 1715 1061 1730 ,

172 1739 269 1772 alium
290 1742 444 1783 AEgrptus
468 1764 479 1780 ‚
512 1741 607 1774 alium
628 1741 816 1774 Alexandria
837 1764 849 1780 ‚
892 1741 927 1774 (25
961 1742 1063 1773 diver-

171 1785 219 1830 sae
239 1791 381 1831 Regiones
404 1813 415 1828 ,
450 1801 527 1831 quas
548 1795 660 1823 Nomos
686 1793 814 1832 AEgypti
842 1800 958 1823 vocant.
998 1790 1061 1824 Per

177 1837 310 1870 Nomos
320 1838 480 1882 intelligit
493 1838 694 1872 Provincias.
720 1839 764 1871 Et
775 1840 915 1871 affirmat
926 1841 1009 1880 ipsas
1018 1841 1060 1872 es-

176 1885 358 1919 sediversas
370 1898 407 1920 ac
417 1886 547 1924 multas.
573 1888 669 1922 Hinc
689 1887 774 1924 infra
794 1886 886 1921 addit
900 1888 1062 1930 Heliopo-

173 1934 319 1969 litanum
329 1936 531 1971 territorium
552 1937 616 1971 este
637 1936 812 1975 Nomum,
845 1936 881 1969 id
891 1937 937 1970 est
953 1961 962 1976 ,
982 1937 1061 1971 Pro-

175 1985 341 2027 vinciam,
357 1985 450 2029 cujus
461 1986 660 2029 Metropolis
670 1986 707 2019 fit
731 1986 848 2019 civitas
871 1986 1062 2029 Heliopoli-

174 2043 262 2069 tana.
284 2036 339 2071 De
350 2034 401 2070 his
413 2037 535 2070 Nomis
544 2061 555 2076 ‚
576 2035 775 2070 Praefesturis
788 2061 799 2076 ,
810 2037 864 2069 seu
876 2034 1061 2070 Provinciis

41 2079 103 2111 Ub-
118 2090 160 2115 ¹⁷·
174 2083 273 2120 habet
284 2085 431 2120 Strabo:
469 2090 559 2130 Regio
565 2087 652 2128 prius
675 2092 707 2118 in
729 2085 935 2127 Praefec‘luras
957 2085 1061 2129 divisa

165 2133 256 2176 ficit,
281 2148 358 2179 quas
370 2141 484 2169 Nomos
507 2146 623 2169 vocant.
652 2135 801 2169 Thebaica
818 2137 940 2178 quidem
959 2142 992 2168 in
1013 2137 1060 2169 de-

173 2195 255 2227 cem3
281 2198 349 2228 quae
372 2189 443 2220 verb
461 2187 552 2219 Delta
571 2185 631 2226 est,
662 2192 695 2218 in
717 2187 848 2220 totidem.
875 2187 1059 2219 Intermedia

173 2244 275 2268 autem
289 2235 462 2279 insedecim.
489 2239 536 2269 Et
555 2245 588 2269 ut
610 2237 735 2278 quidam
754 2237 860 2269 volunt
872 2260 882 2275 ‚
908 2245 952 2269 tot
970 2245 1058 2268 erant

172 2282 318 2327 ejufinodi
340 2285 557 2328 Praefee‘lurae,
584 2295 654 2329 quot
675 2287 763 2319 aulas
782 2285 982 2324 Labyrinthus
1006 2285 1058 2318 ha-

172 2333 263 2368 bebat
282 2348 289 2367 :
328 2338 411 2380 ,ραι
440 2341 555 2369 circiter
577 2342 704 2380 triginta
723 2346 818 2370 erant.
858 2334 988 2378 Rurficm
1009 2335 1058 2369 hae

171 2384 368 2427 Praefiaurae
378 2385 545 2419 habuerunt
567 2385 723 2427 divisiones
744 2388 832 2419 alias.
861 2390 948 2418 Nam
957 2392 1056 2418 maxi-

175 2444 228 2466 ma
238 2446 341 2469 earum
347 2444 425 2478 pars
435 2442 467 2468 in
478 2435 657 2478 Toparchias
668 2434 771 2478 divisa
779 2435 855 2478 fuit.
885 2435 1056 2477 Toparchiae

177 2482 281 2526 rursus
290 2491 325 2518 in
345 2485 498 2527 divifiones
519 2487 606 2519 alias.
647 2490 784 2519 Minimae
800 2491 951 2527 portiones
968 2495 1056 2519 erant

174 2544 262 2566 arva.
285 2539 369 2578 Opus
393 2535 543 2576 enimfuit
555 2546 619 2569 tam
629 2537 765 2579 diligenti
778 2547 813 2568 ac
816 2533 923 2577 ficbtili
933 2537 1055 2569 locorum

175 2582 314 2624 divifione
331 2594 454 2627 propter
475 2592 628 2619 continuas
640 2585 748 2627 finium
758 2585 929 2626 confufiones
945 2609 956 2625 ,
977 2598 1052 2628 quas

178 2633 270 2666 Nilus
291 2636 396 2669 auc‘lus
414 2635 553 2678 effliebat
565 2660 575 2675 ‚
614 2646 691 2668 nunc
708 2636 846 2668 addendo
857 2659 866 2675 ‚
904 2647 982 2668 nunc
1000 2637 1056 2668 ad-

176 2685 291 2716 imendo
302 2709 313 2724 ‚
335 2697 411 2719 nunc
420 2687 604 2720 immutando
609 2686 725 2729 figuras
737 2709 749 2724 ‚
780 2687 814 2719 (θ’
816 2684 902 2728 signa
912 2687 1054 2727 quaedam

178 2734 358 2775 revelando,
383 2736 490 2778 quibus
509 2742 667 2777 proprium
686 2733 863 2778 discernitur
880 2735 919 2768 ab
941 2737 1053 2769 alieno.

177 2783 280 2829 Qod
294 2784 396 2827 ipsum
415 2786 451 2819 in
472 2785 614 2820 naturali
634 2784 768 2819 historia
787 2784 896 2819 scribit
916 2785 1054 2819 Plinius.

153 2878 155 2881 .
177 2833 222 2866 Et
242 2833 377 2877 quidem
394 2846 470 2869 cum
501 2835 737 2870 additamento.
774 2836 911 2870 Etenim
935 2837 969 2869 in
988 2836 1055 2869 sola

175 2881 351 2918 Thebaide
372 2886 467 2926 ponit
483 2885 688 2920 Praefecturas
708 2885 896 2921 duodecim.
926 2886 974 2928 ¹Et
997 2887 1056 2920 {in-

175 2932 270 2977 gulas
279 2944 458 2969 enumerat.
479 2935 597 2979 Neque
615 2935 680 2970 hoc
702 2936 835 2970 miteris.
868 2936 1005 2970 Etenim
1015 2935 1056 2970 de

177 2982 353 3018 Thebaide
377 2984 486 3018 scribit
502 2985 536 3018 in
548 2986 626 3020 sacri
643 2985 721 3020 belli
744 2985 893 3019 Historia
918 2985 1057 3019 Guiliel-

176 3045 250 3067 mus
278 3033 463 3078 Tyriorum
496 3033 779 3079 Archiepiscopus.
813 3035 868 3075 Est
889 3039 978 3079 Regio
999 3047 1055 3068 non

177 3085 297 3116 modica.
326 3087 388 3117 Imb
401 3094 532 3117 trecenta
536 3083 698 3128 sexaginta
702 3085 759 3128 sex
770 3094 833 3118 tam
857 3086 949 3119 Urbes
966 3097 1056 3127 quam

75 3177 79 3180 ῃ
178 3133 355 3167 suburbana
381 3134 494 3176 finibus
520 3132 586 3176 suis
616 3135 722 3169 dicitur
750 3143 905 3168 continere.
942 3135 988 3169 Et
1015 3135 1056 3169 de

48 3174 143 3211 L¹¹²4·
177 3183 358 3228 Panephyfi
371 3184 561 3218 Praefedtura
574 3184 683 3218 scribit
694 3185 893 3218 Ptolomaeus
912 3185 947 3218 in
969 3186 1057 3219 Geo-

176 3232 311 3277 graphia
333 3247 341 3266 2
379 3239 462 3267 Inter
480 3233 668 3275 Busiriticum
687 3235 720 3266 (τ
742 3235 933 3279 Bullasticum
953 3246 1056 3268 amnes

183 3283 297 3324 interest
325 3289 444 3317 Nomus
478 3285 512 3317 (θ’
531 3285 699 3325 Metropolis
730 3283 910 3326 Panephysis.
944 3283 1056 3319 Proin-

43 2775 104 2806 Lib.
122 2783 145 2810 5.

43 2824 105 2853 cap.
115 2825 141 2851 9.

48 3021 107 3052 Lib.
118 3030 128 3050 1
135 3033 159 3058 9.

44 3070 107 3098 cap.
118 3071 160 3097 23.

183 3330 222 3364 de
230 3334 348 3376 quaevis
360 3333 543 3376 Prefestura
556 3333 694 3368 habebat
708 3334 797 3366 suam
816 3334 1034 3378 Metropolim
1046 3359 1056 3374 ‚

181 3380 325 3427 adeoque
345 3394 414 3418 erat
437 3395 510 3418 vera
521 3384 704 3418 Provincia.
733 3384 775 3417 Et
793 3382 871 3417 hinc
882 3384 923 3418 de
937 3396 1054 3429 magna

50 3443 125 3473 Lib„
132 3454 149 3479 9
181 3429 381 3466 Alexandria
393 3435 497 3479 pergit
508 3433 657 3468 laudatus
669 3433 868 3467 Guilielrnus
891 3447 899 3466 ε
929 3435 1057 3468 Alexan-

49 3487 158 3520 cap.26.
183 3481 254 3512 dria
268 3479 426 3523 secundum
458 3490 536 3517 inter
568 3483 764 3518 patriarchas
792 3484 883 3531 locum
909 3484 1022 3520 obtinet
1043 3509 1055 3526 ‚

284 3531 400 3573 Differt.
414 3536 536 3566 Prooem.
549 3537 628 3567 Toni.
639 3538 663 3566 Ι.

671 750 738 775 mat
750 740 853 777 Oafin
873 741 907 774 &
928 738 1067 773 Ammo-

186 791 549 837 niacameffiAEgypti
559 792 758 827 Provincias.
797 789 948 825 Eandem
969 798 1067 823 mate·
1092 831 1096 834 ,

1134 191 1258 233 AEgypti
1276 212 1286 228 ‚
1313 186 1411 226 Libyae
1432 211 1443 227 ,
1470 190 1643 231 Pentapolis
1665 214 1677 230 ‚
1702 191 1737 223 Θ*
1755 195 1914 227 multarum
1932 196 2003 226 Pra-

1129 245 1298 272 vinciar-um
1317 239 1494 271 veneranda
1513 241 1691 281 Metropolis.
1729 239 1774 274 Et
1794 244 1925 283 quidem
1934 244 2000 277 Pli-

1128 290 1201 323 nius
1212 313 1223 330 ‚
1235 287 1361 328 strabo,
1368 289 1532 332 ceterique
1542 290 1671 333 antiqui
1680 290 1859 333 Scriptores
1868 293 1908 325 ab
1916 305 2003 329 utra-

1127 351 1190 383 que
1200 338 1307 381 Libya
1318 338 1506 373 discernunt
1516 339 1726 384 AEgyptum‚
1746 341 1826 374 &in
1849 338 1910 374 hac
1934 344 2002 379 sola

1127 399 1255 433 ponunt
1276 398 1327 423 tot
1339 387 1536 423 Provincias.
1567 390 1648 424 Huc
1658 391 1759 424 etiam
1778 391 1856 424 facit
1868 392 2004 425 auetori-

1126 450 1174 473 tas
1195 439 1269 473 Nili
1300 438 1531 482 Doxopatrii:
1568 441 1790 474 Alexandrinus
1822 440 2003 474 Patriarcha

1128 489 1216 522 habet
1234 491 1412 521 Provincias
1434 495 1542 521 varias
1563 513 1575 529 ‚
1605 492 1639 524 &¹
1658 491 1832 532 Metropoles
1854 492 2001 524 tredecim.

1130 541 1265 572 Primum·
1275 541 1464 571 Provinciam
1469 545 1604 580 primam
1615 542 1775 573 Stamnicae
1789 566 1799 581 ,
1821 547 1852 574 in
1873 553 1933 583 qua
1937 547 2005 583 pri-

1127 601 1176 622 ma
1201 590 1367 630 Metropolis
1385 587 1423 628 est
1442 587 1585 627 Pelufium
1598 613 1608 628 ,
1646 597 1747 622 varios
1765 589 1823 633 sub
1834 590 1869 634 se
1890 590 2004 624 habens

1128 637 1335 682 Epifiopatus.
1362 641 1408 670 Et
1425 636 1587 681 secundam
1614 642 1805 673 Provinciam
1823 643 2004 680 Stamnicae‚

1128 697 1229 732 inqua
1239 686 1413 731 estfhcunda
1436 690 1606 730 Metropolis
1619 692 1727 722 Leonta
1739 714 1749 729 ‚
1769 689 1882 724 habens
1903 692 2005 724 diver-

1123 738 1172 781 sos
1193 737 1401 783 Episcopatus.
1431 742 1486 772 «Et
1491 745 1626 780 primam
1646 742 1840 773 Provinciam
1857 743 1983 783 AEgypti
1994 763 2006 779 ,

1127 796 1159 822 in
1169 801 1230 831 qua
1242 790 1428 822 Alexandria
1437 788 1475 829 est
1488 813 1498 829 ‚
1527 798 1703 823 caeterarum
1714 798 1811 831 caput.
1848 794 1896 822 Et
1901 787 2005 832 secun-

1127 841 1198 871 dam
1210 842 1402 872 Provinciam
1412 841 1537 883 AEgypti
1547 864 1558 880 ,
1578 841 1613 873 (θ’
1634 843 1825 873 Provinciam
1847 841 1984 872 Arcadia
1995 862 2005 878 ‚

1127 896 1159 921 in
1169 900 1230 931 qua
1239 888 1560 930 tertiaellMetropolis
1572 889 1755 928 oxyrinchus
1775 915 1787 930 ,
1815 888 1929 923 habens
1947 888 2006 932 sub

1143 950 1158 972 e
1178 944 1284 972 ‘varios
1304 937 1511 980 Epifhopatus.
1546 942 1593 972 Et
1617 938 1781 982 secundam
1809 943 2006 973 Provinciam

1128 988 1292 1021 Thebaidos
1304 1012 1314 1026 ‚
1340 994 1372 1019 in
1382 999 1442 1029 qua
1454 987 1492 1027 est
1501 995 1608 1029 quinta
1630 992 1800 1032 Metropolis
1823 991 1985 1023 Ptolomais
1997 1013 2008 1029 ,

1127 1035 1343 1081 habensfiibse
1353 1035 1552 1079 Episcopatus
1564 1038 1704 1081 diverfhs.
1743 1043 1791 1072 Et
1815 1042 2007 1072 Provinciam

1129 1088 1248 1128 Libyae,
1273 1094 1307 1120 in
1318 1086 1424 1128 quaest
1446 1088 1616 1128 Metropolis
1640 1091 1791 1127 Darinco,
1816 1089 1929 1121 habens
1939 1100 2008 1120 non-

1128 1139 1220 1171 nullos
1255 1135 1464 1179 Episcopatus.
1501 1136 1604 1169 Adhuc
1623 1136 1713 1170 habet
1730 1139 1764 1171 (θ’
1786 1139 1879 1170 aliam
1902 1141 2008 1169 Metro

1124 1189 1215 1227 polim
1236 1188 1461 1220 Alexandrinus
1475 1211 1486 1226 ‚
1512 1199 1580 1229 qua·
1594 1186 1694 1227 fuerit
1709 1185 1862 1230 sbptima‚
1885 1191 2008 1219 Marito.

1128 1241 1173 1270 Et
1194 1237 1331 1270 oc‘lavam
1353 1235 1494 1276 Tamfin,
1514 1236 1605 1277 fitam
1627 1243 1659 1269 in
1686 1236 1814 1280 septimo
1844 1238 1913 1269 Nili
1933 1236 2007 1277 ostio.

1130 1292 1185 1320 Hae
1208 1293 1309 1329 itaque
1326 1284 1400 1329 sunt
1419 1286 1478 1318 ocio
1489 1287 1687 1319 Alexandrini
1710 1289 1886 1328 Metropoles
1898 1311 1910 1326 ,
1939 1298 2007 1329 quae

1130 1343 1231 1371 varios
1246 1335 1304 1380 sub
1323 1335 1358 1378 se
1381 1334 1580 1378 Episcopatus
1602 1336 1721 1369 habent.
1766 1339 1921 1380 ,Quamvis
1947 1335 2009 1377 fint

1128 1389 1160 1420 ἔν
1179 1388 1249 1420 aliae
1269 1391 1400 1428 quinque
1414 1409 1424 1425 ‚
1452 1387 1547 1426 nullis¹
1576 1384 1806 1428 Epifitopatibus
1839 1385 2007 1429 conspicuae.

1129 1439 1246 1479 Nempe?
1267 1439 1414 1471 Damiata
1431 1459 1442 1476 ,
1468 1438 1567 1467 Maris
1598 1435 1682 1467 rubri
1703 1459 1713 1474 ‚
1753 1435 1873 1467 Pharas
1895 1459 1905 1474 ,
1940 1439 2006 1468 Are.

1126 1499 1223 1520 omnes
1236 1485 1327 1528 fimul
1346 1486 1494 1518 tredecim.
1532 1483 1636 1517 Adbuc
1662 1485 1780 1526 poffidet
1815 1487 2007 1518 Provinciam

1129 1536 1225 1576 Libyae
1252 1537 1514 1577 Pentapolitanam
1537 1559 1547 1574 ,
1581 1536 1616 1568 (5
1637 1537 1829 1568 Provinciam
1851 1536 2009 1576 Tripolita-

1126 1600 1197 1620 nam
1208 1587 1379 1619 Barbariae.
1407 1589 1461 1617 Ex
1473 1596 1528 1626 quo
1551 1584 1591 1617 lis
1603 1609 1613 1624 ,
1638 1596 1706 1627 quae
1728 1592 1808 1619 inter
1828 1586 2009 1618 Alexandri-

1126 1650 1196 1671 num
1216 1639 1251 1672 ὠ·
1272 1633 1539 1680 Carthaginensem
1554 1642 1707 1676 vertitur,
1741 1636 1915 1678 difflilvitur.
1953 1638 2008 1667 Bi-

1126 1701 1173 1722 nae
1194 1685 1365 1734 enim-sunt
1384 1689 1524 1728 Tripoles.
1560 1690 1626 1719 Una
1643 1685 1700 1729 fieb
1719 1691 1840 1720 Oriente
1859 1710 1870 1726 ,
1907 1686 2007 1719 altera

1126 1737 1177 1778 sub
1199 1736 1323 1778 Dioecefi
1335 1740 1516 1781 AEgyptiaca
1529 1761 1538 1777 ‚
1564 1749 1632 1779 quae
1663 1738 1698 1770 (9·
1730 1737 1835 1775 Libyca
1857 1735 1918 1776 est,
1945 1736 2008 1768 Ale-

1126 1790 1276 1822 xandrino
1286 1787 1418 1820 obnoxia.
1457 1792 1530 1820 Non
1547 1785 1614 1830 ipsa
1631 1790 1800 1828 primario,
1826 1797 1919 1828 neque
1929 1792 2008 1819 enim

1125 1838 1163 1878 est
1176 1840 1345 1879 Metropolis
1360 1862 1370 1877 ,
1386 1837 1445 1881 sed
1454 1835 1653 1879 Episcopatus
1667 1843 1719 1869 uni
1737 1838 1932 1870 Alexandria·
1944 1839 2008 1868 Me-

1126 1889 1227 1928 tropoli
1243 1886 1413 1930 subjec‘lus.
1455 1887 1580 1925 Frustra
1601 1893 1691 1929 igitur
1712 1898 1777 1919 eam
1790 1886 1845 1927 fibi
1869 1887 2006 1919 vindicat

1127 1935 1377 1979 Carthaginenfis.
1409 1936 1474 1969 His
1486 1936 1689 1978 argumentis
1710 1935 1839 1969 videtur
1857 1935 2006 1973 ostendi,

1127 1986 1215 2028 quod
1229 1983 1436 2029 AEgyptiaca
1448 1985 1604 2018 Dioecefis
1628 1983 1747 2018 habeat
1759 1985 1864 2028 plures
1874 2010 1885 2025 ,
1906 1996 2006 2028 quam

1126 2035 1239 2069 decern
1250 2033 1442 2067 Provincias
1452 2058 1459 2065 .

1175 2082 1376 2127 Respondeo
1387 2082 1472 2116 circa
1482 2082 1627 2127 AEgypti
1646 2085 1778 2118 Nomos
1785 2086 1837 2118 seu
1846 2084 2007 2127 Prefeiiu-

1126 2146 1174 2168 ras
1184 2133 1382 2169 attendenda
1393 2134 1455 2167 effe
1480 2133 1649 2167 Strabonis
1669 2135 1763 2168 verba
1783 2148 1789 2166 :
1818 2138 1907 2179 Regio
1918 2136 2006 2175 prius

1124 2192 1156 2217 in
1167 2181 1479 2225 Praefec‘lurasdivifh
1489 2193 1563 2216 erat.
1590 2185 1670 2218 Hoc
1693 2184 1760 2223 est,
1786 2195 1862 2218 ante
1885 2185 2007 2219 Roma-

1126 2246 1205 2268 num
1217 2234 1405 2277 Imperium.
1431 2233 1480 2266 Ita
1503 2232 1602 2267 nobis
1622 2234 1687 2276 jam
1707 2235 1859 2277 exposuit
1882 2236 2007 2268 sanstus

1127 2286 1361 2327 Hieronymus.
1390 2283 1493 2318 Caelar
1516 2283 1686 2328 Augustus
1707 2297 1744 2318 ac
1764 2284 1832 2326 ejus
1854 2284 2007 2318 successo-

1124 2347 1171 2369 res
1190 2335 1350 2369 devistam
1373 2334 1563 2377 Regionem
1576 2334 1755 2368 diviserunt
1776 2334 1875 2377 longe
1894 2334 2004 2374 aliter,

1122 2385 1269 2428 adeoque
1289 2384 1355 2417 istae
1367 2383 1563 2417 Praet'esturae
1573 2394 1652 2416 tunc
1663 2383 1822 2417 desierunt
1843 2384 1906 2417 esse
1927 2383 2006 2417 Pro-

1123 2436 1244 2469 vinciae.
1277 2434 1449 2479 Infigniter
1461 2432 1525 2467 hoc
1534 2434 1672 2476 exponit
1684 2434 1716 2467 in
1725 2434 1867 2467 Panario
1880 2434 2005 2468 sancius

1123 2484 1328 2528 Epiphanius
1348 2496 1355 2515 :
1390 2481 1592 2523 Haerestarcha
1614 2482 1759 2524 Bastlides
1781 2490 1813 2516 in
1837 2486 2003 2527 AEgyptum
2023 2490 2119 2521 Haeres,

1119 2535 1295 2576 profedlus,
1321 2533 1431 2566 ibidem
1449 2543 1642 2566 commoratus
1665 2533 1716 2573 est.
1750 2535 1825 2567 Inde*
1847 2540 1880 2566 in
1903 2532 2003 2576 Profh-
2024 2540 2095 2566 ⁷4·C·
2112 2544 2132 2561 1·

1119 2590 1241 2626 piticam
1253 2610 1263 2625 ,
1290 2585 1324 2617 Cb·
1345 2582 1553 2616 Athribiticam
1565 2582 1780 2624 praefelluram
1797 2582 1909 2626 secessit.
1950 2587 2003 2615 At-

1121 2647 1176 2677 que
1186 2642 1277 2668 etiam
1289 2641 1321 2666 in
1344 2636 1479 2673 Saitica,
1506 2635 1541 2667 (ff
1562 2635 1757 2666 Alexandriae
1779 2632 1922 2676 Versatus
1941 2632 2000 2672 est,

1120 2697 1153 2718 ac
1180 2692 1212 2718 in
1246 2685 1449 2718 Alexandrino
1471 2695 1540 2727 agro
1562 2708 1571 2722 ‚
1603 2682 1667 2725 five
1703 2688 1810 2716 Nomo.
1855 2685 1901 2715 sic
1922 2689 2001 2715 enim

1120 2738 1258 2779 AEgyptii
1290 2731 1428 2776 cujusque
1458 2739 1595 2767 civitatis
1627 2745 1733 2776 agrum
1771 2735 1806 2767 i&
1847 2734 2002 2772 circumja-

1119 2795 1230 2819 centem
1251 2791 1396 2828 regionem
1421 2790 1582 2816 nominant.
1622 2787 1718 2825 Atque
1746 2783 1797 2815 hos
1819 2806 1828 2821 ‚
1865 2780 1999 2824 quisquis

1119 2848 1150 2868 es
1167 2835 1309 2868 doc‘lrinae
1326 2834 1450 2875 cupidus
1462 2857 1472 2873 ‚
1499 2835 1543 2865 ad
1559 2831 1644 2876 usum
1664 2843 1748 2866 tuum
1759 2831 1881 2864 habebis
1892 2856 1902 2872 ,
1922 2834 2002 2873 quod

1120 2887 1153 2919 (9⁶
1173 2887 1216 2917 ad
1237 2886 1452 2923 eruditionem,
1483 2884 1517 2916 (ν’
1540 2884 1584 2915 ad
1610 2893 1854 2924 quorumcumque
1874 2883 1998 2914 locorum

1116 2933 1357 2977 perspicuitatem
1361 2934 1463 2975 faciat
1474 2957 1484 2972 ‚
1512 2944 1572 2974 qua
1582 2933 1721 2964 nonnulla
1735 2955 1745 2970 ,
1774 2943 1840 2974 quae
1850 2937 1883 2963 in
1899 2930 1997 2974 sacris

1125 2989 1232 3018 Literis
1247 2982 1362 3027 scripta
1380 2981 1453 3026 sunt
1477 3007 1487 3022 ‚
1526 2983 1560 3015 ζ’)-
1581 2979 1755 3022 quibusdam
1772 2988 1895 3022 propter
1916 2980 2002 3023 insci-

1110 3036 1194 3067 'tiam
1217 3040 1354 3077 ingerunt
1387 3033 1601 3066 dubitationem
1622 3055 1633 3070 ‚
1669 3031 1800 3074 religiose
1816 3031 1998 3073 «confirmari

1120 3087 1153 3118 (⁸7
1169 3085 1312 3125 explicari
1318 3084 1441 3126 poffunt.
1469 3082 1644 3121 Ubicumque
1655 3086 1734 3113 enim
1760 3082 1845 3122 apud
1869 3079 1997 3123 Esaiam

1123 3133 1303 3175 Prophetam
1323 3135 1361 3166 de
1380 3137 1517 3165 civitatis
1540 3131 1665 3169 alicujus
1690 3135 1798 3162 Nomis
1811 3155 1821 3170 ,
1842 3138 1922 3171 puta
1942 3134 1998 3163 Ta-

1119 3195 1186 3217 neos
1211 3207 1220 3222 ,
1256 3181 1406 3223 Memphis
1430 3204 1439 3219 ,
1465 3181 1518 3213 vel
1532 3179 1684 3219 Bubastico
1706 3178 1854 3223 scriptum
1875 3181 1995 3222 aliquid

1120 3239 1246 3275 reperies
1269 3256 1280 3272 ,
1316 3233 1351 3264 id
1369 3228 1464 3272 ipsum
1480 3241 1518 3263 ex
1539 3231 1749 3272 AEgyptiorum
1774 3241 1850 3263 more
1879 3236 1996 3263 circum-

1113 3286 1264 3324 jacentem
1293 3278 1495 3322 cujuscumque
1521 3285 1658 3311 civitatis
1699 3291 1804 3323 agrum
1829 3279 1993 3323 fignificat.

1121 3334 1214 3376 ‚Quod
1231 3332 1404 3365 eruditionis
1419 3327 1507 3373 causa
1521 3327 1685 3372 fignificare
1697 3331 1841 3363 volumus.
1881 3329 1996 3363 Proin-

1120 3384 1159 3417 de
1168 3381 1236 3425 post
1246 3380 1414 3414 industum
1422 3379 1507 3422 apud
1519 3378 1702 3423 AEgyptios
1719 3381 1911 3414 Romanum
1932 3380 1996 3412 Im-

1122 3433 1244 3476 perium
1256 3430 1386 3464 Nornus
1397 3441 1466 3464 non
1478 3430 1540 3463 fuit
1553 3429 1692 3471 amplius
1715 3430 1890 3463 Provincia
1903 3453 1913 3468 ,
1942 3428 1995 3462 sed

1122 3482 1297 3516 dumtaxat
1307 3481 1405 3516 unica
1426 3491 1500 3515 cum
1513 3480 1577 3513 suis
1601 3480 1765 3523 Oppidis,
1793 3479 1934 3516 Castris,
1963 3478 1997 3510 &

1589 3527 1623 3572 A
1650 3540 1672 3565 2
1872 3528 1998 3571 agrario
