<?xml version="1.0" encoding="UTF-8"?>
<!DOCTYPE html PUBLIC "-//W3C//DTD XHTML 1.0 Transitional//EN"
    "http://www.w3.org/TR/xhtml1/DTD/xhtml1-transitional.dtd">
<html xmlns="http://www.w3.org/1999/xhtml" xml:lang="en" lang="en">
 <head>
  <title>
</title>
<meta http-equiv="Content-Type" content="text/html;charset=utf-8" />
  <meta name='ocr-system' content='tesseract 3.04.00' />
  <meta name='ocr-capabilities' content='ocr_page ocr_carea ocr_par ocr_line ocrx_word'/>
</head>
<body>
  <div class='ocr_page' id='page_1' title='image "./operaomniastudio01lupuuoft_0235.png"; bbox 0 0 2346 3776; ppageno 0'>
   <div class='ocr_carea' id='block_1_1' title="bbox 55 2808 209 2850">
    <p class='ocr_par' dir='ltr' id='par_1_1' title="bbox 55 2808 209 2850">
     <span class='ocr_line' id='line_1_1' title="bbox 55 2808 209 2850; baseline 0 -7"><span class='ocrx_word' id='word_1_1' title='bbox 55 2808 142 2850; x_wconf 71' lang='lat' dir='ltr'>Epist.</span> <span class='ocrx_word' id='word_1_2' title='bbox 162 2814 209 2848; x_wconf 84' lang='lat'>69·</span> 
     </span>
    </p>
   </div>
   <div class='ocr_carea' id='block_1_2' title="bbox 551 146 1692 199">
    <p class='ocr_par' dir='ltr' id='par_1_2' title="bbox 551 146 1692 199">
     <span class='ocr_line' id='line_1_2' title="bbox 551 146 1692 199; baseline -0.004 -8"><span class='ocrx_word' id='word_1_3' title='bbox 551 147 865 199; x_wconf 60' lang='lat' dir='ltr'>ScHoLus,</span> <span class='ocrx_word' id='word_1_4' title='bbox 886 153 968 191; x_wconf 68' lang='lat' dir='ltr'>ET</span> <span class='ocrx_word' id='word_1_5' title='bbox 991 152 1179 192; x_wconf 78' lang='grc' dir='ltr'>Νοτιε</span> <span class='ocrx_word' id='word_1_6' title='bbox 1204 146 1692 191; x_wconf 66' lang='grc' dir='ltr'>ηιυετκᾉτυΜ.</span> 
     </span>
    </p>
   </div>
   <div class='ocr_carea' id='block_1_3' title="bbox 204 224 1111 3373">
    <p class='ocr_par' dir='ltr' id='par_1_3' title="bbox 204 224 1095 978">
     <span class='ocr_line' id='line_1_3' title="bbox 215 224 1092 282; baseline -0.017 -9"><span class='ocrx_word' id='word_1_7' title='bbox 215 236 419 282; x_wconf 69' lang='lat' dir='ltr'>i‘ttterrogaetus</span> <span class='ocrx_word' id='word_1_8' title='bbox 437 232 547 277; x_wconf 45' lang='lat' dir='ltr'>effen&amp;</span> <span class='ocrx_word' id='word_1_9' title='bbox 566 242 603 265; x_wconf 86' lang='lat' dir='ltr'>ne</span> <span class='ocrx_word' id='word_1_10' title='bbox 625 227 802 273; x_wconf 72' lang='lat' dir='ltr'><em>insereretur</em></span> <span class='ocrx_word' id='word_1_11' title='bbox 817 231 919 270; x_wconf 68' lang='lat' dir='ltr'>utique</span> <span class='ocrx_word' id='word_1_12' title='bbox 930 224 1092 270; x_wconf 71' lang='lat' dir='ltr'>respondis-</span> 
     </span>
     <span class='ocr_line' id='line_1_4' title="bbox 212 274 1095 333; baseline -0.017 -11"><span class='ocrx_word' id='word_1_13' title='bbox 212 287 299 333; x_wconf 73' lang='lat' dir='ltr'>sem,</span> <span class='ocrx_word' id='word_1_14' title='bbox 325 290 366 319; x_wconf 72' lang='lat' dir='ltr'>At</span> <span class='ocrx_word' id='word_1_15' title='bbox 383 288 482 322; x_wconf 76' lang='lat' dir='ltr'>nunc,</span> <span class='ocrx_word' id='word_1_16' title='bbox 508 282 590 325; x_wconf 72' lang='lat' dir='ltr'>quad</span> <span class='ocrx_word' id='word_1_17' title='bbox 607 290 708 314; x_wconf 79' lang='lat' dir='ltr'>tamen</span> <span class='ocrx_word' id='word_1_18' title='bbox 725 290 786 313; x_wconf 69' lang='lat' dir='ltr'>non</span> <span class='ocrx_word' id='word_1_19' title='bbox 805 276 1016 319; x_wconf 83' lang='lat' dir='ltr'>adfirmando,</span> <span class='ocrx_word' id='word_1_20' title='bbox 1036 274 1095 321; x_wconf 80' lang='lat' dir='ltr'>sed</span> 
     </span>
     <span class='ocr_line' id='line_1_5' title="bbox 218 331 1093 380; baseline -0.01 -11"><span class='ocrx_word' id='word_1_21' title='bbox 218 335 369 380; x_wconf 62' lang='lat' dir='ltr'>vobiscum</span> <span class='ocrx_word' id='word_1_22' title='bbox 382 339 502 376; x_wconf 80' lang='lat' dir='ltr'>pariter</span> <span class='ocrx_word' id='word_1_23' title='bbox 521 331 681 367; x_wconf 62' lang='lat' dir='ltr'>traffando</span> <span class='ocrx_word' id='word_1_24' title='bbox 706 331 771 364; x_wconf 80' lang='lat' dir='ltr'>dico</span> <span class='ocrx_word' id='word_1_25' title='bbox 791 352 802 368; x_wconf 89' lang='lat'><strong><em>‚</em></strong></span> <span class='ocrx_word' id='word_1_26' title='bbox 828 336 975 376; x_wconf 78' lang='lat' dir='ltr'>quantum</span> <span class='ocrx_word' id='word_1_27' title='bbox 998 334 1093 361; x_wconf 76' lang='lat' dir='ltr'>menti</span> 
     </span>
     <span class='ocr_line' id='line_1_6' title="bbox 214 377 1094 426; baseline -0.013 -7"><span class='ocrx_word' id='word_1_28' title='bbox 214 391 362 425; x_wconf 69' lang='lat' dir='ltr'>occurrit,</span> <span class='ocrx_word' id='word_1_29' title='bbox 378 389 428 418; x_wconf 74' lang='lat' dir='ltr'>ita</span> <span class='ocrx_word' id='word_1_30' title='bbox 446 381 522 416; x_wconf 83' lang='lat' dir='ltr'>mibi</span> <span class='ocrx_word' id='word_1_31' title='bbox 542 383 666 419; x_wconf 74' lang='lat' dir='ltr'>videtur·</span> <span class='ocrx_word' id='word_1_32' title='bbox 682 380 757 426; x_wconf 78' lang='lat' dir='ltr'>poffc</span> <span class='ocrx_word' id='word_1_33' title='bbox 772 388 931 420; x_wconf 84' lang='lat' dir='ltr'>utrumque</span> <span class='ocrx_word' id='word_1_34' title='bbox 937 377 1006 419; x_wconf 75' lang='lat' dir='ltr'>fieri</span> <span class='ocrx_word' id='word_1_35' title='bbox 1026 390 1034 410; x_wconf 73' lang='grc' dir='ltr'>ι</span> <span class='ocrx_word' id='word_1_36' title='bbox 1057 385 1094 410; x_wconf 83' lang='lat' dir='ltr'>ut</span> 
     </span>
     <span class='ocr_line' id='line_1_7' title="bbox 211 426 1093 482; baseline -0.01 -13"><span class='ocrx_word' id='word_1_37' title='bbox 211 437 365 482; x_wconf 72' lang='lat' dir='ltr'>paulatim</span> <span class='ocrx_word' id='word_1_38' title='bbox 380 440 418 468; x_wconf 74' lang='lat' dir='ltr'>in</span> <span class='ocrx_word' id='word_1_39' title='bbox 441 434 581 474; x_wconf 79' lang='lat' dir='ltr'>Palatio,</span> <span class='ocrx_word' id='word_1_40' title='bbox 606 438 682 478; x_wconf 77' lang='lat' dir='ltr'>quia</span> <span class='ocrx_word' id='word_1_41' title='bbox 697 436 733 466; x_wconf 76' lang='lat' dir='ltr'>in</span> <span class='ocrx_word' id='word_1_42' title='bbox 751 427 848 473; x_wconf 72' lang='lat' dir='ltr'>nostra</span> <span class='ocrx_word' id='word_1_43' title='bbox 874 427 983 460; x_wconf 65' lang='lat' dir='ltr'>saneta</span> <span class='ocrx_word' id='word_1_44' title='bbox 993 426 1093 461; x_wconf 77' lang='lat' dir='ltr'>Eccle-</span> 
     </span>
     <span class='ocr_line' id='line_1_8' title="bbox 211 476 1092 530; baseline -0.011 -11"><span class='ocrx_word' id='word_1_45' title='bbox 211 487 336 530; x_wconf 62' lang='lat' dir='ltr'>jarun</span> <span class='ocrx_word' id='word_1_46' title='bbox 358 492 501 518; x_wconf 84' lang='lat' dir='ltr'>cantatur</span> <span class='ocrx_word' id='word_1_47' title='bbox 523 507 536 524; x_wconf 90' lang='lat'>,</span> <span class='ocrx_word' id='word_1_48' title='bbox 564 482 715 517; x_wconf 70' lang='lat' dir='ltr'>cantandi</span> <span class='ocrx_word' id='word_1_49' title='bbox 743 476 877 521; x_wconf 71' lang='lat' dir='ltr'>eiusdem</span> <span class='ocrx_word' id='word_1_50' title='bbox 887 477 1007 521; x_wconf 66' lang='lat' dir='ltr'>symboli</span> <span class='ocrx_word' id='word_1_51' title='bbox 1029 488 1092 511; x_wconf 86' lang='lat' dir='ltr'>con-</span> 
     </span>
     <span class='ocr_line' id='line_1_9' title="bbox 209 527 1094 581; baseline -0.012 -11"><span class='ocrx_word' id='word_1_52' title='bbox 209 535 336 581; x_wconf 71' lang='lat' dir='ltr'>ficetudo</span> <span class='ocrx_word' id='word_1_53' title='bbox 370 539 589 568; x_wconf 77' lang='lat' dir='ltr'><em>intermittatur</em></span> <span class='ocrx_word' id='word_1_54' title='bbox 613 558 624 574; x_wconf 94' lang='lat'>,</span> <span class='ocrx_word' id='word_1_55' title='bbox 651 531 749 574; x_wconf 78' lang='lat' dir='ltr'>ficque</span> <span class='ocrx_word' id='word_1_56' title='bbox 765 527 860 571; x_wconf 63' lang='lat' dir='ltr'>fiat,</span> <span class='ocrx_word' id='word_1_57' title='bbox 894 535 933 561; x_wconf 80' lang='lat' dir='ltr'>ut</span> <span class='ocrx_word' id='word_1_58' title='bbox 951 529 1036 571; x_wconf 86' lang='lat' dir='ltr'>quod</span> <span class='ocrx_word' id='word_1_59' title='bbox 1057 528 1094 560; x_wconf 80' lang='lat' dir='ltr'>id</span> 
     </span>
     <span class='ocr_line' id='line_1_10' title="bbox 213 579 1091 630; baseline -0.013 -10"><span class='ocrx_word' id='word_1_60' title='bbox 213 585 314 630; x_wconf 76' lang='lat' dir='ltr'>ipsum</span> <span class='ocrx_word' id='word_1_61' title='bbox 328 594 362 619; x_wconf 90' lang='lat' dir='ltr'>ut</span> <span class='ocrx_word' id='word_1_62' title='bbox 383 593 558 618; x_wconf 83' lang='lat' dir='ltr'>cantaretur</span> <span class='ocrx_word' id='word_1_63' title='bbox 578 594 635 617; x_wconf 90' lang='lat' dir='ltr'>non</span> <span class='ocrx_word' id='word_1_64' title='bbox 663 579 803 625; x_wconf 64' lang='lat' dir='ltr'>quelibet</span> <span class='ocrx_word' id='word_1_65' title='bbox 833 582 1012 620; x_wconf 82' lang='lat' dir='ltr'><em>imperantis</em></span> <span class='ocrx_word' id='word_1_66' title='bbox 1039 588 1091 610; x_wconf 82' lang='lat' dir='ltr'>au-</span> 
     </span>
     <span class='ocr_line' id='line_1_11' title="bbox 213 628 1084 681; baseline -0.015 -10"><span class='ocrx_word' id='word_1_67' title='bbox 213 636 339 670; x_wconf 57' lang='lat' dir='ltr'>‘vomas</span> <span class='ocrx_word' id='word_1_68' title='bbox 351 659 364 676; x_wconf 87' lang='lat'><strong>,</strong></span> <span class='ocrx_word' id='word_1_69' title='bbox 380 633 443 681; x_wconf 78' lang='lat' dir='ltr'>sed</span> <span class='ocrx_word' id='word_1_70' title='bbox 456 639 559 676; x_wconf 85' lang='lat' dir='ltr'>potius</span> <span class='ocrx_word' id='word_1_71' title='bbox 579 632 723 668; x_wconf 83' lang='lat' dir='ltr'>audiendi</span> <span class='ocrx_word' id='word_1_72' title='bbox 743 630 780 662; x_wconf 80' lang='lat' dir='ltr'>id</span> <span class='ocrx_word' id='word_1_73' title='bbox 799 628 920 673; x_wconf 85' lang='lat' dir='ltr'>fecerat</span> <span class='ocrx_word' id='word_1_74' title='bbox 941 633 1084 667; x_wconf 81' lang='lat' dir='ltr'>novitas,</span> 
     </span>
     <span class='ocr_line' id='line_1_12' title="bbox 204 677 1091 728; baseline -0.014 -7"><span class='ocrx_word' id='word_1_75' title='bbox 204 683 240 728; x_wconf 69' lang='lat' dir='ltr'><em>fi</em></span> <span class='ocrx_word' id='word_1_76' title='bbox 255 688 428 722; x_wconf 78' lang='lat' dir='ltr'>dimittatur</span> <span class='ocrx_word' id='word_1_77' title='bbox 446 687 469 720; x_wconf 73' lang='grc' dir='ltr'><em>ἃ</em></span> <span class='ocrx_word' id='word_1_78' title='bbox 485 685 592 724; x_wconf 84' lang='lat' dir='ltr'>vobis,</span> <span class='ocrx_word' id='word_1_79' title='bbox 617 684 788 717; x_wconf 71' lang='lat' dir='ltr'><em>dimittetur</em></span> <span class='ocrx_word' id='word_1_80' title='bbox 802 679 842 715; x_wconf 87' lang='lat' dir='ltr'>ab</span> <span class='ocrx_word' id='word_1_81' title='bbox 861 677 1017 713; x_wconf 81' lang='lat' dir='ltr'>omnibus:</span> <span class='ocrx_word' id='word_1_82' title='bbox 1044 681 1091 712; x_wconf 81' lang='lat' dir='ltr'>Et</span> 
     </span>
     <span class='ocr_line' id='line_1_13' title="bbox 213 728 1088 780; baseline -0.011 -10"><span class='ocrx_word' id='word_1_83' title='bbox 213 742 262 769; x_wconf 85' lang='lat' dir='ltr'>ita</span> <span class='ocrx_word' id='word_1_84' title='bbox 272 736 401 780; x_wconf 82' lang='lat' dir='ltr'>fortaffe</span> <span class='ocrx_word' id='word_1_85' title='bbox 421 759 433 776; x_wconf 88' lang='lat'>‚</span> <span class='ocrx_word' id='word_1_86' title='bbox 457 744 602 778; x_wconf 87' lang='lat' dir='ltr'>quantum</span> <span class='ocrx_word' id='word_1_87' title='bbox 622 732 675 776; x_wconf 82' lang='lat' dir='ltr'>effe</span> <span class='ocrx_word' id='word_1_88' title='bbox 688 728 780 773; x_wconf 71' lang='lat' dir='ltr'>potest</span> <span class='ocrx_word' id='word_1_89' title='bbox 801 753 812 769; x_wconf 91' lang='lat'><em>‚</em></span> <span class='ocrx_word' id='word_1_90' title='bbox 850 741 907 764; x_wconf 86' lang='lat' dir='ltr'>non</span> <span class='ocrx_word' id='word_1_91' title='bbox 924 729 1088 771; x_wconf 63' lang='lat' dir='ltr'>incongrue*</span> 
     </span>
     <span class='ocr_line' id='line_1_14' title="bbox 211 775 1091 831; baseline -0.013 -11"><span class='ocrx_word' id='word_1_92' title='bbox 211 795 370 831; x_wconf 79' lang='lat' dir='ltr'>utrumque</span> <span class='ocrx_word' id='word_1_93' title='bbox 380 786 451 831; x_wconf 73' lang='lat' dir='ltr'>fieri</span> <span class='ocrx_word' id='word_1_94' title='bbox 466 784 549 826; x_wconf 78' lang='lat' dir='ltr'>poffit</span> <span class='ocrx_word' id='word_1_95' title='bbox 561 808 571 823; x_wconf 93' lang='lat'>‚</span> <span class='ocrx_word' id='word_1_96' title='bbox 597 792 630 816; x_wconf 86' lang='lat' dir='ltr'>ut</span> <span class='ocrx_word' id='word_1_97' title='bbox 651 782 732 824; x_wconf 79' lang='lat' dir='ltr'>quod</span> <span class='ocrx_word' id='word_1_98' title='bbox 741 782 813 821; x_wconf 81' lang='lat' dir='ltr'>jam</span> <span class='ocrx_word' id='word_1_99' title='bbox 831 790 911 816; x_wconf 79' lang='lat' dir='ltr'>nunc</span> <span class='ocrx_word' id='word_1_100' title='bbox 929 780 951 813; x_wconf 79' lang='lat' dir='ltr'>ci</span> <span class='ocrx_word' id='word_1_101' title='bbox 972 775 1091 819; x_wconf 83' lang='lat' dir='ltr'>quibus-</span> 
     </span>
     <span class='ocr_line' id='line_1_15' title="bbox 211 829 1089 879; baseline -0.014 -8"><span class='ocrx_word' id='word_1_102' title='bbox 211 848 270 879; x_wconf 83' lang='lat' dir='ltr'>que</span> <span class='ocrx_word' id='word_1_103' title='bbox 285 842 376 878; x_wconf 81' lang='lat' dir='ltr'>prius</span> <span class='ocrx_word' id='word_1_104' title='bbox 395 830 593 876; x_wconf 64' lang='lat' dir='ltr'><em>nescientibus</em></span> <span class='ocrx_word' id='word_1_105' title='bbox 604 856 616 872; x_wconf 92' lang='lat'>,</span> <span class='ocrx_word' id='word_1_106' title='bbox 642 831 719 865; x_wconf 65' lang='lat' dir='ltr'>recle</span> <span class='ocrx_word' id='word_1_107' title='bbox 738 830 869 864; x_wconf 83' lang='lat' dir='ltr'>creditur</span> <span class='ocrx_word' id='word_1_108' title='bbox 882 853 894 869; x_wconf 89' lang='lat'>‚</span> <span class='ocrx_word' id='word_1_109' title='bbox 918 829 1058 862; x_wconf 84' lang='lat' dir='ltr'>credatur</span> <span class='ocrx_word' id='word_1_110' title='bbox 1078 851 1089 867; x_wconf 93' lang='lat'>‚</span> 
     </span>
     <span class='ocr_line' id='line_1_16' title="bbox 214 875 1092 926; baseline -0.01 -7"><span class='ocrx_word' id='word_1_111' title='bbox 214 887 250 920; x_wconf 64' lang='grc' dir='ltr'>ὑ</span> <span class='ocrx_word' id='word_1_112' title='bbox 269 895 371 922; x_wconf 77' lang='lat' dir='ltr'>tamen</span> <span class='ocrx_word' id='word_1_113' title='bbox 391 885 497 919; x_wconf 76' lang='lat' dir='ltr'>illicita</span> <span class='ocrx_word' id='word_1_114' title='bbox 517 883 662 918; x_wconf 77' lang='lat' dir='ltr'>cantandi</span> <span class='ocrx_word' id='word_1_115' title='bbox 678 878 855 924; x_wconf 77' lang='lat' dir='ltr'><em>consuetudo</em></span> <span class='ocrx_word' id='word_1_116' title='bbox 865 877 930 926; x_wconf 83' lang='lat' dir='ltr'>fine</span> <span class='ocrx_word' id='word_1_117' title='bbox 952 875 1092 921; x_wconf 83' lang='lat' dir='ltr'>cujusque</span> 
     </span>
     <span class='ocr_line' id='line_1_17' title="bbox 205 933 584 978; baseline -0.011 -9"><span class='ocrx_word' id='word_1_118' title='bbox 205 935 284 978; x_wconf 70' lang='lat' dir='ltr'>fidei</span> <span class='ocrx_word' id='word_1_119' title='bbox 298 933 413 976; x_wconf 77' lang='lat' dir='ltr'>laessone</span> <span class='ocrx_word' id='word_1_120' title='bbox 439 933 561 968; x_wconf 79' lang='lat' dir='ltr'>tollatur</span> <span class='ocrx_word' id='word_1_121' title='bbox 573 956 584 965; x_wconf 83' lang='lat'><strong>.</strong></span> 
     </span>
    </p>

    <p class='ocr_par' dir='ltr' id='par_1_4' title="bbox 208 975 1106 2565">
     <span class='ocr_line' id='line_1_18' title="bbox 263 975 1091 1021; baseline -0.011 -2"><span class='ocrx_word' id='word_1_122' title='bbox 263 985 317 1019; x_wconf 85' lang='lat' dir='ltr'>Ex</span> <span class='ocrx_word' id='word_1_123' title='bbox 338 983 392 1021; x_wconf 84' lang='lat' dir='ltr'>his</span> <span class='ocrx_word' id='word_1_124' title='bbox 409 983 511 1020; x_wconf 83' lang='lat' dir='ltr'>etiam</span> <span class='ocrx_word' id='word_1_125' title='bbox 531 981 637 1019; x_wconf 83' lang='lat' dir='ltr'>verbis</span> <span class='ocrx_word' id='word_1_126' title='bbox 656 981 812 1016; x_wconf 84' lang='lat' dir='ltr'>discimus</span> <span class='ocrx_word' id='word_1_127' title='bbox 825 979 912 1019; x_wconf 74' lang='lat' dir='ltr'>varia</span> <span class='ocrx_word' id='word_1_128' title='bbox 931 1003 938 1011; x_wconf 90' lang='lat'>.</span> <span class='ocrx_word' id='word_1_129' title='bbox 965 975 1091 1017; x_wconf 73' lang='lat' dir='ltr'>Primo,</span> 
     </span>
     <span class='ocr_line' id='line_1_19' title="bbox 211 1028 1092 1081; baseline -0.009 -12"><span class='ocrx_word' id='word_1_130' title='bbox 211 1034 305 1080; x_wconf 82' lang='lat' dir='ltr'>quod</span> <span class='ocrx_word' id='word_1_131' title='bbox 324 1045 406 1071; x_wconf 79' lang='lat' dir='ltr'>tunc</span> <span class='ocrx_word' id='word_1_132' title='bbox 418 1034 526 1081; x_wconf 86' lang='lat' dir='ltr'>Regia</span> <span class='ocrx_word' id='word_1_133' title='bbox 535 1033 739 1070; x_wconf 76' lang='lat' dir='ltr'>Francorum</span> <span class='ocrx_word' id='word_1_134' title='bbox 751 1029 887 1074; x_wconf 77' lang='lat' dir='ltr'>Capella</span> <span class='ocrx_word' id='word_1_135' title='bbox 906 1028 948 1063; x_wconf 92' lang='lat' dir='ltr'>ad</span> <span class='ocrx_word' id='word_1_136' title='bbox 960 1028 1092 1063; x_wconf 78' lang='lat' dir='ltr'>Miffim</span> 
     </span>
     <span class='ocr_line' id='line_1_20' title="bbox 208 1076 1089 1131; baseline -0.01 -11"><span class='ocrx_word' id='word_1_137' title='bbox 208 1093 358 1122; x_wconf 77' lang='lat' dir='ltr'>cantaret</span> <span class='ocrx_word' id='word_1_138' title='bbox 366 1083 563 1131; x_wconf 86' lang='lat' dir='ltr'><strong>Symbolum</strong></span> <span class='ocrx_word' id='word_1_139' title='bbox 573 1108 584 1124; x_wconf 87' lang='lat'><strong>,</strong></span> <span class='ocrx_word' id='word_1_140' title='bbox 609 1083 643 1116; x_wconf 79' lang='grc' dir='ltr'>δε</span> <span class='ocrx_word' id='word_1_141' title='bbox 663 1082 797 1124; x_wconf 87' lang='lat' dir='ltr'>quidem</span> <span class='ocrx_word' id='word_1_142' title='bbox 808 1092 885 1115; x_wconf 90' lang='lat' dir='ltr'>cum</span> <span class='ocrx_word' id='word_1_143' title='bbox 895 1079 1022 1115; x_wconf 85' lang='lat' dir='ltr'>famoso</span> <span class='ocrx_word' id='word_1_144' title='bbox 1033 1076 1089 1111; x_wconf 85' lang='lat' dir='ltr'>ad—</span> 
     </span>
     <span class='ocr_line' id='line_1_21' title="bbox 208 1128 1092 1176; baseline -0.01 -6"><span class='ocrx_word' id='word_1_145' title='bbox 208 1134 398 1171; x_wconf 85' lang='lat' dir='ltr'>ditamento</span> <span class='ocrx_word' id='word_1_146' title='bbox 407 1133 450 1172; x_wconf 82' lang='lat' dir='ltr'>de</span> <span class='ocrx_word' id='word_1_147' title='bbox 460 1132 668 1170; x_wconf 81' lang='lat' dir='ltr'>Processione</span> <span class='ocrx_word' id='word_1_148' title='bbox 675 1132 813 1176; x_wconf 84' lang='lat' dir='ltr'>Spiritus</span> <span class='ocrx_word' id='word_1_149' title='bbox 823 1131 931 1168; x_wconf 71' lang='lat' dir='ltr'>Sancti</span> <span class='ocrx_word' id='word_1_150' title='bbox 941 1152 949 1163; x_wconf 86' lang='lat'>.</span> <span class='ocrx_word' id='word_1_151' title='bbox 975 1128 1092 1163; x_wconf 89' lang='lat' dir='ltr'>Secun-</span> 
     </span>
     <span class='ocr_line' id='line_1_22' title="bbox 211 1178 1093 1230; baseline -0.006 -10"><span class='ocrx_word' id='word_1_152' title='bbox 211 1185 261 1220; x_wconf 74' lang='lat' dir='ltr'>do</span> <span class='ocrx_word' id='word_1_153' title='bbox 276 1209 287 1225; x_wconf 90' lang='lat'>,</span> <span class='ocrx_word' id='word_1_154' title='bbox 296 1184 388 1230; x_wconf 89' lang='lat' dir='ltr'>quod</span> <span class='ocrx_word' id='word_1_155' title='bbox 399 1184 498 1218; x_wconf 82' lang='lat' dir='ltr'>istum</span> <span class='ocrx_word' id='word_1_156' title='bbox 508 1192 645 1218; x_wconf 82' lang='lat' dir='ltr'>cantum</span> <span class='ocrx_word' id='word_1_157' title='bbox 655 1181 792 1226; x_wconf 76' lang='lat' dir='ltr'>Capella</span> <span class='ocrx_word' id='word_1_158' title='bbox 801 1180 868 1216; x_wconf 77' lang='lat' dir='ltr'>haec</span> <span class='ocrx_word' id='word_1_159' title='bbox 878 1191 949 1218; x_wconf 83' lang='lat' dir='ltr'>non</span> <span class='ocrx_word' id='word_1_160' title='bbox 958 1178 1093 1217; x_wconf 83' lang='lat' dir='ltr'>induxe-</span> 
     </span>
     <span class='ocr_line' id='line_1_23' title="bbox 212 1228 1093 1276; baseline -0.01 -6"><span class='ocrx_word' id='word_1_161' title='bbox 212 1235 258 1270; x_wconf 86' lang='lat' dir='ltr'>rit</span> <span class='ocrx_word' id='word_1_162' title='bbox 278 1235 315 1271; x_wconf 88' lang='lat' dir='ltr'>in</span> <span class='ocrx_word' id='word_1_163' title='bbox 334 1233 484 1275; x_wconf 84' lang='lat' dir='ltr'>Gallias,</span> <span class='ocrx_word' id='word_1_164' title='bbox 511 1232 566 1268; x_wconf 87' lang='lat' dir='ltr'>sed</span> <span class='ocrx_word' id='word_1_165' title='bbox 585 1232 747 1276; x_wconf 71' lang='lat' dir='ltr'>acceperit</span> <span class='ocrx_word' id='word_1_166' title='bbox 765 1232 810 1266; x_wconf 87' lang='lat' dir='ltr'>ab</span> <span class='ocrx_word' id='word_1_167' title='bbox 829 1230 903 1265; x_wconf 89' lang='lat' dir='ltr'>aliis</span> <span class='ocrx_word' id='word_1_168' title='bbox 912 1228 1093 1266; x_wconf 77' lang='lat' dir='ltr'>Gallicanis</span> 
     </span>
     <span class='ocr_line' id='line_1_24' title="bbox 212 1279 1095 1326; baseline -0.008 -7"><span class='ocrx_word' id='word_1_169' title='bbox 212 1284 388 1321; x_wconf 82' lang='lat' dir='ltr'>Ecclesiis.</span> <span class='ocrx_word' id='word_1_170' title='bbox 415 1283 540 1319; x_wconf 63' lang='lat' dir='ltr'>Tertio</span> <span class='ocrx_word' id='word_1_171' title='bbox 559 1281 651 1326; x_wconf 84' lang='lat' dir='ltr'>quod</span> <span class='ocrx_word' id='word_1_172' title='bbox 672 1279 760 1315; x_wconf 88' lang='lat' dir='ltr'>hanc</span> <span class='ocrx_word' id='word_1_173' title='bbox 780 1281 965 1314; x_wconf 80' lang='lat' dir='ltr'>novitatem</span> <span class='ocrx_word' id='word_1_174' title='bbox 990 1289 1095 1313; x_wconf 86' lang='lat' dir='ltr'>atten-</span> 
     </span>
     <span class='ocr_line' id='line_1_25' title="bbox 209 1327 1093 1379; baseline -0.007 -10"><span class='ocrx_word' id='word_1_175' title='bbox 209 1344 282 1370; x_wconf 78' lang='lat' dir='ltr'>tare</span> <span class='ocrx_word' id='word_1_176' title='bbox 298 1345 370 1371; x_wconf 81' lang='lat' dir='ltr'>non</span> <span class='ocrx_word' id='word_1_177' title='bbox 391 1331 625 1379; x_wconf 67' lang='lat' dir='ltr'>praesumpserit</span> <span class='ocrx_word' id='word_1_178' title='bbox 639 1331 709 1368; x_wconf 77' lang='lat' dir='ltr'>fine</span> <span class='ocrx_word' id='word_1_179' title='bbox 728 1329 886 1364; x_wconf 77' lang='lat' dir='ltr'>facultate</span> <span class='ocrx_word' id='word_1_180' title='bbox 905 1330 941 1364; x_wconf 74' lang='grc' dir='ltr'>δε</span> <span class='ocrx_word' id='word_1_181' title='bbox 959 1327 1093 1364; x_wconf 66' lang='lat' dir='ltr'>austori-</span> 
     </span>
     <span class='ocr_line' id='line_1_26' title="bbox 210 1379 1095 1421; baseline -0.006 -3"><span class='ocrx_word' id='word_1_182' title='bbox 210 1387 283 1419; x_wconf 61' lang='grc' dir='ltr'>αἲξ</span> <span class='ocrx_word' id='word_1_183' title='bbox 306 1383 470 1421; x_wconf 73' lang='lat' dir='ltr'>Romana:</span> <span class='ocrx_word' id='word_1_184' title='bbox 495 1380 645 1419; x_wconf 68' lang='lat' dir='ltr'>Ecclesiae</span> <span class='ocrx_word' id='word_1_185' title='bbox 662 1404 672 1415; x_wconf 80' lang='grc'><strong>.</strong></span> <span class='ocrx_word' id='word_1_186' title='bbox 698 1379 816 1418; x_wconf 83' lang='lat' dir='ltr'>Tanta</span> <span class='ocrx_word' id='word_1_187' title='bbox 836 1389 917 1414; x_wconf 86' lang='lat' dir='ltr'>tunc</span> <span class='ocrx_word' id='word_1_188' title='bbox 936 1379 985 1414; x_wconf 87' lang='lat' dir='ltr'>ibi</span> <span class='ocrx_word' id='word_1_189' title='bbox 1003 1387 1095 1418; x_wconf 80' lang='lat' dir='ltr'>erat,</span> 
     </span>
     <span class='ocr_line' id='line_1_27' title="bbox 213 1429 1097 1476; baseline -0.009 -6"><span class='ocrx_word' id='word_1_190' title='bbox 213 1434 330 1476; x_wconf 78' lang='lat' dir='ltr'>utique</span> <span class='ocrx_word' id='word_1_191' title='bbox 350 1432 496 1476; x_wconf 82' lang='lat' dir='ltr'>plantata</span> <span class='ocrx_word' id='word_1_192' title='bbox 518 1442 575 1475; x_wconf 85' lang='lat' dir='ltr'>per</span> <span class='ocrx_word' id='word_1_193' title='bbox 594 1432 750 1467; x_wconf 73' lang='lat' dir='ltr'>Sanctum</span> <span class='ocrx_word' id='word_1_194' title='bbox 760 1429 989 1470; x_wconf 81' lang='lat' dir='ltr'>Bonifacium‚</span> <span class='ocrx_word' id='word_1_195' title='bbox 1013 1438 1097 1463; x_wconf 81' lang='lat' dir='ltr'>reve-</span> 
     </span>
     <span class='ocr_line' id='line_1_28' title="bbox 212 1477 1095 1531; baseline -0.008 -12"><span class='ocrx_word' id='word_1_196' title='bbox 212 1484 320 1520; x_wconf 82' lang='lat' dir='ltr'>rentia</span> <span class='ocrx_word' id='word_1_197' title='bbox 341 1483 379 1520; x_wconf 85' lang='lat' dir='ltr'>in</span> <span class='ocrx_word' id='word_1_198' title='bbox 402 1481 523 1520; x_wconf 78' lang='lat' dir='ltr'>sedem</span> <span class='ocrx_word' id='word_1_199' title='bbox 548 1480 779 1525; x_wconf 86' lang='lat' dir='ltr'>Apostolicam</span> <span class='ocrx_word' id='word_1_200' title='bbox 799 1504 807 1513; x_wconf 91' lang='lat'>.</span> <span class='ocrx_word' id='word_1_201' title='bbox 843 1478 977 1531; x_wconf 75' lang='lat' dir='ltr'>Qarto</span> <span class='ocrx_word' id='word_1_202' title='bbox 1003 1477 1095 1513; x_wconf 87' lang='lat' dir='ltr'>disci-</span> 
     </span>
     <span class='ocr_line' id='line_1_29' title="bbox 212 1527 1096 1580; baseline -0.008 -11"><span class='ocrx_word' id='word_1_203' title='bbox 212 1543 310 1574; x_wconf 78' lang='lat' dir='ltr'>mus,</span> <span class='ocrx_word' id='word_1_204' title='bbox 334 1532 426 1580; x_wconf 81' lang='lat' dir='ltr'>quod</span> <span class='ocrx_word' id='word_1_205' title='bbox 442 1530 537 1566; x_wconf 88' lang='lat' dir='ltr'>istam</span> <span class='ocrx_word' id='word_1_206' title='bbox 553 1531 743 1569; x_wconf 80' lang='lat' dir='ltr'>facultatem</span> <span class='ocrx_word' id='word_1_207' title='bbox 760 1530 915 1567; x_wconf 84' lang='lat' dir='ltr'>Romana</span> <span class='ocrx_word' id='word_1_208' title='bbox 930 1528 1027 1565; x_wconf 85' lang='lat' dir='ltr'>Sedes</span> <span class='ocrx_word' id='word_1_209' title='bbox 1043 1527 1096 1562; x_wconf 90' lang='lat' dir='ltr'>de-</span> 
     </span>
     <span class='ocr_line' id='line_1_30' title="bbox 211 1579 1097 1627; baseline -0.007 -9"><span class='ocrx_word' id='word_1_210' title='bbox 211 1583 316 1625; x_wconf 85' lang='lat' dir='ltr'>derit,</span> <span class='ocrx_word' id='word_1_211' title='bbox 343 1580 565 1627; x_wconf 87' lang='lat' dir='ltr'>permittendo</span> <span class='ocrx_word' id='word_1_212' title='bbox 577 1590 711 1623; x_wconf 84' lang='lat' dir='ltr'>tamen,</span> <span class='ocrx_word' id='word_1_213' title='bbox 727 1592 798 1615; x_wconf 92' lang='lat' dir='ltr'>non</span> <span class='ocrx_word' id='word_1_214' title='bbox 809 1579 971 1624; x_wconf 78' lang='lat' dir='ltr'>jubendo.</span> <span class='ocrx_word' id='word_1_215' title='bbox 991 1579 1097 1626; x_wconf 75' lang='lat' dir='ltr'>Quin·</span> 
     </span>
     <span class='ocr_line' id='line_1_31' title="bbox 212 1627 1100 1678; baseline -0.008 -9"><span class='ocrx_word' id='word_1_216' title='bbox 212 1633 255 1669; x_wconf 75' lang='grc' dir='ltr'>ῑὸ</span> <span class='ocrx_word' id='word_1_217' title='bbox 265 1632 357 1678; x_wconf 80' lang='lat' dir='ltr'>quod</span> <span class='ocrx_word' id='word_1_218' title='bbox 377 1632 472 1668; x_wconf 87' lang='lat' dir='ltr'>istum</span> <span class='ocrx_word' id='word_1_219' title='bbox 493 1642 628 1667; x_wconf 86' lang='lat' dir='ltr'>cantum</span> <span class='ocrx_word' id='word_1_220' title='bbox 650 1631 794 1678; x_wconf 86' lang='lat' dir='ltr'>probarit</span> <span class='ocrx_word' id='word_1_221' title='bbox 814 1642 853 1665; x_wconf 89' lang='lat' dir='ltr'>ac</span> <span class='ocrx_word' id='word_1_222' title='bbox 875 1628 1026 1674; x_wconf 81' lang='lat' dir='ltr'>judicarit</span> <span class='ocrx_word' id='word_1_223' title='bbox 1036 1627 1100 1663; x_wconf 89' lang='lat' dir='ltr'>uti-</span> 
     </span>
     <span class='ocr_line' id='line_1_32' title="bbox 212 1677 1098 1725; baseline -0.007 -7"><span class='ocrx_word' id='word_1_224' title='bbox 212 1683 301 1718; x_wconf 84' lang='lat' dir='ltr'>lem.</span> <span class='ocrx_word' id='word_1_225' title='bbox 328 1681 554 1724; x_wconf 75' lang='lat' dir='ltr'>Sext6‚quod</span> <span class='ocrx_word' id='word_1_226' title='bbox 581 1682 648 1725; x_wconf 83' lang='lat' dir='ltr'>ipsa</span> <span class='ocrx_word' id='word_1_227' title='bbox 659 1682 757 1718; x_wconf 87' lang='lat' dir='ltr'>illurn</span> <span class='ocrx_word' id='word_1_228' title='bbox 779 1690 860 1715; x_wconf 86' lang='lat' dir='ltr'>tunc</span> <span class='ocrx_word' id='word_1_229' title='bbox 881 1679 1023 1714; x_wconf 88' lang='lat' dir='ltr'>necdum</span> <span class='ocrx_word' id='word_1_230' title='bbox 1044 1677 1098 1712; x_wconf 89' lang='lat' dir='ltr'>ha-</span> 
     </span>
     <span class='ocr_line' id='line_1_33' title="bbox 215 1729 1099 1776; baseline -0.008 -7"><span class='ocrx_word' id='word_1_231' title='bbox 215 1733 327 1769; x_wconf 82' lang='lat' dir='ltr'>beret.</span> <span class='ocrx_word' id='word_1_232' title='bbox 354 1732 525 1776; x_wconf 78' lang='lat' dir='ltr'>Septimo,</span> <span class='ocrx_word' id='word_1_233' title='bbox 545 1732 636 1776; x_wconf 87' lang='lat' dir='ltr'>quod</span> <span class='ocrx_word' id='word_1_234' title='bbox 663 1731 815 1774; x_wconf 84' lang='lat' dir='ltr'>symboli</span> <span class='ocrx_word' id='word_1_235' title='bbox 834 1729 1099 1766; x_wconf 84' lang='lat' dir='ltr'>additamentum</span> 
     </span>
     <span class='ocr_line' id='line_1_34' title="bbox 211 1779 1102 1826; baseline -0.006 -8"><span class='ocrx_word' id='word_1_236' title='bbox 211 1782 363 1819; x_wconf 74' lang='lat' dir='ltr'>omnino</span> <span class='ocrx_word' id='word_1_237' title='bbox 383 1781 578 1826; x_wconf 79' lang='lat' dir='ltr'>improbarit</span> <span class='ocrx_word' id='word_1_238' title='bbox 591 1781 628 1818; x_wconf 84' lang='lat'>&amp;</span> <span class='ocrx_word' id='word_1_239' title='bbox 649 1781 790 1818; x_wconf 86' lang='lat' dir='ltr'>voluerit</span> <span class='ocrx_word' id='word_1_240' title='bbox 809 1781 977 1825; x_wconf 78' lang='lat' dir='ltr'>expungi.</span> <span class='ocrx_word' id='word_1_241' title='bbox 1005 1779 1102 1814; x_wconf 70' lang='lat' dir='ltr'>oela-</span> 
     </span>
     <span class='ocr_line' id='line_1_35' title="bbox 217 1829 1100 1876; baseline -0.006 -9"><span class='ocrx_word' id='word_1_242' title='bbox 217 1832 276 1872; x_wconf 86' lang='grc' dir='ltr'>νό,</span> <span class='ocrx_word' id='word_1_243' title='bbox 284 1831 376 1876; x_wconf 89' lang='lat' dir='ltr'>quod</span> <span class='ocrx_word' id='word_1_244' title='bbox 387 1831 541 1869; x_wconf 80' lang='lat' dir='ltr'>maluerit</span> <span class='ocrx_word' id='word_1_245' title='bbox 550 1831 663 1867; x_wconf 85' lang='lat' dir='ltr'>omitti</span> <span class='ocrx_word' id='word_1_246' title='bbox 672 1840 810 1866; x_wconf 86' lang='lat' dir='ltr'>cantum</span> <span class='ocrx_word' id='word_1_247' title='bbox 821 1830 988 1876; x_wconf 89' lang='lat' dir='ltr'>Symboli‚</span> <span class='ocrx_word' id='word_1_248' title='bbox 1002 1829 1100 1873; x_wconf 73' lang='lat' dir='ltr'>quam</span> 
     </span>
     <span class='ocr_line' id='line_1_36' title="bbox 216 1878 1101 1926; baseline -0.006 -9"><span class='ocrx_word' id='word_1_249' title='bbox 216 1881 324 1926; x_wconf 82' lang='lat' dir='ltr'>ipsum</span> <span class='ocrx_word' id='word_1_250' title='bbox 346 1882 473 1916; x_wconf 85' lang='lat' dir='ltr'>cantari</span> <span class='ocrx_word' id='word_1_251' title='bbox 492 1893 570 1915; x_wconf 89' lang='lat' dir='ltr'>cum</span> <span class='ocrx_word' id='word_1_252' title='bbox 590 1880 816 1917; x_wconf 76' lang='lat' dir='ltr'>additamento</span> <span class='ocrx_word' id='word_1_253' title='bbox 829 1905 837 1911; x_wconf 86' lang='lat'>-</span> <span class='ocrx_word' id='word_1_254' title='bbox 872 1879 977 1914; x_wconf 76' lang='lat' dir='ltr'>Nono</span> <span class='ocrx_word' id='word_1_255' title='bbox 990 1878 1101 1923; x_wconf 91' lang='lat' dir='ltr'>,quod</span> 
     </span>
     <span class='ocr_line' id='line_1_37' title="bbox 217 1930 1101 1968; baseline -0.007 0"><span class='ocrx_word' id='word_1_256' title='bbox 217 1933 292 1968; x_wconf 84' lang='lat' dir='ltr'>Leo</span> <span class='ocrx_word' id='word_1_257' title='bbox 313 1931 474 1968; x_wconf 81' lang='lat' dir='ltr'>Pontifex</span> <span class='ocrx_word' id='word_1_258' title='bbox 497 1931 586 1964; x_wconf 90' lang='lat' dir='ltr'>illius</span> <span class='ocrx_word' id='word_1_259' title='bbox 605 1941 721 1965; x_wconf 86' lang='lat' dir='ltr'>cantus</span> <span class='ocrx_word' id='word_1_260' title='bbox 742 1930 949 1965; x_wconf 76' lang='lat' dir='ltr'>omiflionem</span> <span class='ocrx_word' id='word_1_261' title='bbox 971 1930 1101 1963; x_wconf 80' lang='lat' dir='ltr'>suaserit</span> 
     </span>
     <span class='ocr_line' id='line_1_38' title="bbox 217 1978 1102 2024; baseline -0.005 -8"><span class='ocrx_word' id='word_1_262' title='bbox 217 1979 371 2017; x_wconf 82' lang='lat' dir='ltr'>inchoari</span> <span class='ocrx_word' id='word_1_263' title='bbox 393 1980 558 2024; x_wconf 57' lang='lat' dir='ltr'>&amp;Capella</span> <span class='ocrx_word' id='word_1_264' title='bbox 571 1980 699 2024; x_wconf 87' lang='lat' dir='ltr'>Regia,</span> <span class='ocrx_word' id='word_1_265' title='bbox 724 1990 821 2022; x_wconf 88' lang='lat' dir='ltr'>atque</span> <span class='ocrx_word' id='word_1_266' title='bbox 841 1979 888 2013; x_wconf 85' lang='lat' dir='ltr'>ita</span> <span class='ocrx_word' id='word_1_267' title='bbox 913 1978 1041 2013; x_wconf 84' lang='lat' dir='ltr'>traduci</span> <span class='ocrx_word' id='word_1_268' title='bbox 1061 1978 1102 2012; x_wconf 92' lang='lat' dir='ltr'>ad</span> 
     </span>
     <span class='ocr_line' id='line_1_39' title="bbox 216 2028 1101 2068; baseline -0.006 -2"><span class='ocrx_word' id='word_1_269' title='bbox 216 2031 299 2066; x_wconf 78' lang='lat' dir='ltr'>alias</span> <span class='ocrx_word' id='word_1_270' title='bbox 325 2032 528 2068; x_wconf 84' lang='lat' dir='ltr'>Francorum</span> <span class='ocrx_word' id='word_1_271' title='bbox 555 2030 714 2067; x_wconf 86' lang='lat' dir='ltr'>Ecclefias</span> <span class='ocrx_word' id='word_1_272' title='bbox 735 2055 742 2062; x_wconf 95' lang='lat'><em>.</em></span> <span class='ocrx_word' id='word_1_273' title='bbox 770 2028 897 2065; x_wconf 74' lang='lat' dir='ltr'>Verum</span> <span class='ocrx_word' id='word_1_274' title='bbox 934 2028 1101 2062; x_wconf 83' lang='lat' dir='ltr'>Gallicani</span> 
     </span>
     <span class='ocr_line' id='line_1_40' title="bbox 217 2078 1101 2126; baseline -0.005 -10"><span class='ocrx_word' id='word_1_275' title='bbox 217 2081 378 2126; x_wconf 77' lang='lat' dir='ltr'>Episcopi</span> <span class='ocrx_word' id='word_1_276' title='bbox 411 2092 480 2115; x_wconf 89' lang='lat' dir='ltr'>non</span> <span class='ocrx_word' id='word_1_277' title='bbox 510 2079 690 2124; x_wconf 83' lang='lat' dir='ltr'>probavere</span> <span class='ocrx_word' id='word_1_278' title='bbox 721 2079 894 2115; x_wconf 84' lang='lat' dir='ltr'>confilium</span> <span class='ocrx_word' id='word_1_279' title='bbox 915 2092 927 2112; x_wconf 92' lang='grc'>.·</span> <span class='ocrx_word' id='word_1_280' title='bbox 953 2078 1101 2114; x_wconf 83' lang='lat' dir='ltr'>Perrexe-</span> 
     </span>
     <span class='ocr_line' id='line_1_41' title="bbox 219 2129 1102 2173; baseline -0.003 -8"><span class='ocrx_word' id='word_1_281' title='bbox 219 2140 299 2165; x_wconf 81' lang='lat' dir='ltr'>runt</span> <span class='ocrx_word' id='word_1_282' title='bbox 320 2140 450 2166; x_wconf 89' lang='lat' dir='ltr'>cantare</span> <span class='ocrx_word' id='word_1_283' title='bbox 463 2129 683 2173; x_wconf 85' lang='lat' dir='ltr'>Symbolum,</span> <span class='ocrx_word' id='word_1_284' title='bbox 708 2131 743 2165; x_wconf 75' lang='grc' dir='ltr'>ἀ</span> <span class='ocrx_word' id='word_1_285' title='bbox 766 2131 867 2165; x_wconf 87' lang='lat' dir='ltr'>ritum</span> <span class='ocrx_word' id='word_1_286' title='bbox 888 2129 1102 2165; x_wconf 86' lang='lat' dir='ltr'>traduxerunt</span> 
     </span>
     <span class='ocr_line' id='line_1_42' title="bbox 219 2179 1102 2222; baseline -0.005 -7"><span class='ocrx_word' id='word_1_287' title='bbox 219 2180 264 2215; x_wconf 86' lang='lat' dir='ltr'>ad</span> <span class='ocrx_word' id='word_1_288' title='bbox 273 2191 409 2216; x_wconf 87' lang='lat' dir='ltr'>omnem</span> <span class='ocrx_word' id='word_1_289' title='bbox 422 2181 625 2215; x_wconf 84' lang='lat' dir='ltr'>Francorum</span> <span class='ocrx_word' id='word_1_290' title='bbox 634 2179 872 2215; x_wconf 87' lang='lat' dir='ltr'>Monarchiam</span> <span class='ocrx_word' id='word_1_291' title='bbox 884 2205 895 2222; x_wconf 88' lang='lat'><strong>,</strong></span> <span class='ocrx_word' id='word_1_292' title='bbox 914 2179 954 2213; x_wconf 80' lang='lat' dir='ltr'>ad</span> <span class='ocrx_word' id='word_1_293' title='bbox 967 2190 1102 2213; x_wconf 86' lang='lat' dir='ltr'>omnem</span> 
     </span>
     <span class='ocr_line' id='line_1_43' title="bbox 217 2228 1101 2274; baseline -0.003 -9"><span class='ocrx_word' id='word_1_294' title='bbox 217 2230 366 2265; x_wconf 77' lang='lat' dir='ltr'>Galliam</span> <span class='ocrx_word' id='word_1_295' title='bbox 385 2255 397 2273; x_wconf 88' lang='lat'>‚</span> <span class='ocrx_word' id='word_1_296' title='bbox 422 2239 520 2274; x_wconf 87' lang='lat' dir='ltr'>atque</span> <span class='ocrx_word' id='word_1_297' title='bbox 547 2230 781 2266; x_wconf 80' lang='lat' dir='ltr'>Germaniam:</span> <span class='ocrx_word' id='word_1_298' title='bbox 822 2231 922 2264; x_wconf 80' lang='lat' dir='ltr'>etiam</span> <span class='ocrx_word' id='word_1_299' title='bbox 949 2228 1101 2273; x_wconf 81' lang='lat' dir='ltr'>Symboli</span> 
     </span>
     <span class='ocr_line' id='line_1_44' title="bbox 214 2278 1103 2326; baseline -0.004 -11"><span class='ocrx_word' id='word_1_300' title='bbox 214 2279 504 2315; x_wconf 73' lang='lat' dir='ltr'>additamentum.</span> <span class='ocrx_word' id='word_1_301' title='bbox 533 2280 578 2315; x_wconf 89' lang='lat' dir='ltr'>Et</span> <span class='ocrx_word' id='word_1_302' title='bbox 599 2290 679 2315; x_wconf 87' lang='lat' dir='ltr'>tunc</span> <span class='ocrx_word' id='word_1_303' title='bbox 701 2280 892 2326; x_wconf 87' lang='lat' dir='ltr'>indignatus</span> <span class='ocrx_word' id='word_1_304' title='bbox 918 2280 989 2314; x_wconf 88' lang='lat' dir='ltr'>Leo</span> <span class='ocrx_word' id='word_1_305' title='bbox 1016 2278 1103 2313; x_wconf 88' lang='lat' dir='ltr'>Pon-</span> 
     </span>
     <span class='ocr_line' id='line_1_45' title="bbox 223 2330 1105 2372; baseline -0.001 -8"><span class='ocrx_word' id='word_1_306' title='bbox 223 2330 309 2365; x_wconf 80' lang='lat' dir='ltr'>tifex</span> <span class='ocrx_word' id='word_1_307' title='bbox 333 2354 346 2372; x_wconf 88' lang='lat'><strong>,</strong></span> <span class='ocrx_word' id='word_1_308' title='bbox 366 2330 402 2366; x_wconf 88' lang='lat' dir='ltr'>in</span> <span class='ocrx_word' id='word_1_309' title='bbox 425 2330 534 2367; x_wconf 69' lang='lat' dir='ltr'>Sancti</span> <span class='ocrx_word' id='word_1_310' title='bbox 559 2330 660 2365; x_wconf 88' lang='lat' dir='ltr'>Pauli</span> <span class='ocrx_word' id='word_1_311' title='bbox 686 2331 828 2365; x_wconf 79' lang='lat' dir='ltr'>Ecclesia</span> <span class='ocrx_word' id='word_1_312' title='bbox 865 2331 940 2365; x_wconf 88' lang='lat' dir='ltr'>fixit</span> <span class='ocrx_word' id='word_1_313' title='bbox 966 2330 1105 2364; x_wconf 82' lang='lat' dir='ltr'>famosas</span> 
     </span>
     <span class='ocr_line' id='line_1_46' title="bbox 221 2378 1104 2426; baseline -0.002 -12"><span class='ocrx_word' id='word_1_314' title='bbox 221 2378 372 2415; x_wconf 78' lang='lat' dir='ltr'>Tabulas</span> <span class='ocrx_word' id='word_1_315' title='bbox 390 2405 403 2421; x_wconf 89' lang='lat'>‚</span> <span class='ocrx_word' id='word_1_316' title='bbox 432 2381 469 2416; x_wconf 88' lang='lat' dir='ltr'>in</span> <span class='ocrx_word' id='word_1_317' title='bbox 492 2380 610 2426; x_wconf 82' lang='lat' dir='ltr'>quibus</span> <span class='ocrx_word' id='word_1_318' title='bbox 629 2382 664 2416; x_wconf 88' lang='lat'>&amp;</span> <span class='ocrx_word' id='word_1_319' title='bbox 689 2381 802 2416; x_wconf 76' lang='lat' dir='ltr'>Graece</span> <span class='ocrx_word' id='word_1_320' title='bbox 822 2382 857 2415; x_wconf 89' lang='lat'>&amp;</span> <span class='ocrx_word' id='word_1_321' title='bbox 874 2379 999 2415; x_wconf 79' lang='lat' dir='ltr'>-Latine</span> <span class='ocrx_word' id='word_1_322' title='bbox 1019 2378 1104 2422; x_wconf 79' lang='lat' dir='ltr'>juffit</span> 
     </span>
     <span class='ocr_line' id='line_1_47' title="bbox 221 2429 1105 2475; baseline -0.002 -12"><span class='ocrx_word' id='word_1_323' title='bbox 221 2429 364 2473; x_wconf 81' lang='lat' dir='ltr'>insculpi</span> <span class='ocrx_word' id='word_1_324' title='bbox 390 2431 800 2475; x_wconf 82' lang='lat' dir='ltr'>Constantinopolitanum</span> <span class='ocrx_word' id='word_1_325' title='bbox 824 2430 1020 2474; x_wconf 89' lang='lat' dir='ltr'>Symbolum</span> <span class='ocrx_word' id='word_1_326' title='bbox 1041 2430 1105 2462; x_wconf 83' lang='lat' dir='ltr'>stne</span> 
     </span>
     <span class='ocr_line' id='line_1_48' title="bbox 222 2478 1106 2527; baseline -0.001 -14"><span class='ocrx_word' id='word_1_327' title='bbox 222 2478 450 2527; x_wconf 72' lang='lat' dir='ltr'>additamento</span> <span class='ocrx_word' id='word_1_328' title='bbox 461 2505 469 2512; x_wconf 91' lang='lat'><strong>.</strong></span> <span class='ocrx_word' id='word_1_329' title='bbox 497 2480 546 2515; x_wconf 85' lang='lat' dir='ltr'>lta</span> <span class='ocrx_word' id='word_1_330' title='bbox 556 2481 786 2516; x_wconf 70' lang='lat' dir='ltr'>solemnissime</span> <span class='ocrx_word' id='word_1_331' title='bbox 797 2481 951 2525; x_wconf 74' lang='lat' dir='ltr'>profeffiis</span> <span class='ocrx_word' id='word_1_332' title='bbox 964 2480 1028 2513; x_wconf 88' lang='lat' dir='ltr'>fuit</span> <span class='ocrx_word' id='word_1_333' title='bbox 1040 2480 1106 2513; x_wconf 90' lang='lat' dir='ltr'>Ro-</span> 
     </span>
     <span class='ocr_line' id='line_1_49' title="bbox 226 2529 1104 2565; baseline -0.002 -2"><span class='ocrx_word' id='word_1_334' title='bbox 226 2540 362 2563; x_wconf 79' lang='lat' dir='ltr'>manam</span> <span class='ocrx_word' id='word_1_335' title='bbox 375 2529 551 2563; x_wconf 86' lang='lat' dir='ltr'>Ecclesiam</span> <span class='ocrx_word' id='word_1_336' title='bbox 564 2531 631 2564; x_wconf 85' lang='lat' dir='ltr'>istis</span> <span class='ocrx_word' id='word_1_337' title='bbox 642 2531 844 2565; x_wconf 78' lang='lat' dir='ltr'>novitatibus</span> <span class='ocrx_word' id='word_1_338' title='bbox 856 2542 924 2565; x_wconf 87' lang='lat' dir='ltr'>non</span> <span class='ocrx_word' id='word_1_339' title='bbox 936 2529 1104 2564; x_wconf 75' lang='lat' dir='ltr'>cosentire.</span> 
     </span>
    </p>

    <p class='ocr_par' dir='ltr' id='par_1_5' title="bbox 222 2579 1111 3373">
     <span class='ocr_line' id='line_1_50' title="bbox 275 2579 1106 2626; baseline 0 -14"><span class='ocrx_word' id='word_1_340' title='bbox 275 2579 423 2626; x_wconf 74' lang='lat' dir='ltr'>Qiaestio</span> <span class='ocrx_word' id='word_1_341' title='bbox 435 2579 480 2613; x_wconf 86' lang='lat' dir='ltr'>est</span> <span class='ocrx_word' id='word_1_342' title='bbox 492 2580 626 2621; x_wconf 86' lang='lat' dir='ltr'>quando</span> <span class='ocrx_word' id='word_1_343' title='bbox 636 2605 647 2622; x_wconf 91' lang='lat'>‚</span> <span class='ocrx_word' id='word_1_344' title='bbox 669 2581 702 2615; x_wconf 69' lang='grc' dir='ltr'>ὃς</span> <span class='ocrx_word' id='word_1_345' title='bbox 714 2592 777 2623; x_wconf 88' lang='lat' dir='ltr'>qua</span> <span class='ocrx_word' id='word_1_346' title='bbox 788 2580 959 2616; x_wconf 73' lang='lat' dir='ltr'>occasione</span> <span class='ocrx_word' id='word_1_347' title='bbox 968 2581 1106 2614; x_wconf 88' lang='lat' dir='ltr'>Franco-</span> 
     </span>
     <span class='ocr_line' id='line_1_51' title="bbox 223 2629 1109 2674; baseline 0.001 -12"><span class='ocrx_word' id='word_1_348' title='bbox 223 2640 299 2663; x_wconf 80' lang='lat' dir='ltr'>rum</span> <span class='ocrx_word' id='word_1_349' title='bbox 310 2629 451 2664; x_wconf 83' lang='lat' dir='ltr'>Ecclesia</span> <span class='ocrx_word' id='word_1_350' title='bbox 462 2630 593 2673; x_wconf 90' lang='lat' dir='ltr'>coepcrit</span> <span class='ocrx_word' id='word_1_351' title='bbox 604 2641 733 2666; x_wconf 86' lang='lat' dir='ltr'>cantare</span> <span class='ocrx_word' id='word_1_352' title='bbox 744 2630 952 2674; x_wconf 79' lang='lat' dir='ltr'>Symbolum?</span> <span class='ocrx_word' id='word_1_353' title='bbox 962 2630 1109 2673; x_wconf 84' lang='lat' dir='ltr'>Respon-</span> 
     </span>
     <span class='ocr_line' id='line_1_52' title="bbox 223 2678 1109 2726; baseline -0.001 -13"><span class='ocrx_word' id='word_1_354' title='bbox 223 2678 288 2713; x_wconf 86' lang='lat' dir='ltr'>deo</span> <span class='ocrx_word' id='word_1_355' title='bbox 297 2689 413 2715; x_wconf 86' lang='lat' dir='ltr'>cantus</span> <span class='ocrx_word' id='word_1_356' title='bbox 431 2680 598 2725; x_wconf 86' lang='lat' dir='ltr'>originem</span> <span class='ocrx_word' id='word_1_357' title='bbox 611 2681 699 2724; x_wconf 77' lang='lat' dir='ltr'>posse</span> <span class='ocrx_word' id='word_1_358' title='bbox 709 2681 827 2726; x_wconf 84' lang='lat' dir='ltr'>colligi</span> <span class='ocrx_word' id='word_1_359' title='bbox 847 2692 890 2715; x_wconf 81' lang='lat' dir='ltr'>ex</span> <span class='ocrx_word' id='word_1_360' title='bbox 903 2681 1017 2715; x_wconf 88' lang='lat' dir='ltr'>litteris</span> <span class='ocrx_word' id='word_1_361' title='bbox 1028 2680 1109 2713; x_wconf 86' lang='lat' dir='ltr'>Bea-</span> 
     </span>
     <span class='ocr_line' id='line_1_53' title="bbox 224 2727 1103 2775; baseline -0.001 -13"><span class='ocrx_word' id='word_1_362' title='bbox 224 2729 254 2762; x_wconf 74' lang='lat' dir='ltr'>ti</span> <span class='ocrx_word' id='word_1_363' title='bbox 266 2727 402 2764; x_wconf 83' lang='lat' dir='ltr'>Alcuini</span> <span class='ocrx_word' id='word_1_364' title='bbox 424 2729 535 2765; x_wconf 85' lang='lat' dir='ltr'>Flacci</span> <span class='ocrx_word' id='word_1_365' title='bbox 556 2729 598 2764; x_wconf 86' lang='lat' dir='ltr'>ad</span> <span class='ocrx_word' id='word_1_366' title='bbox 624 2730 882 2775; x_wconf 87' lang='lat' dir='ltr'>Lugdunensem</span> <span class='ocrx_word' id='word_1_367' title='bbox 905 2729 1083 2766; x_wconf 77' lang='lat' dir='ltr'>Ecclesiam</span> <span class='ocrx_word' id='word_1_368' title='bbox 1096 2754 1103 2760; x_wconf 93' lang='lat'><strong>.</strong></span> 
     </span>
     <span class='ocr_line' id='line_1_54' title="bbox 233 2777 1107 2824; baseline -0.001 -11"><span class='ocrx_word' id='word_1_369' title='bbox 233 2782 347 2813; x_wconf 83' lang='lat' dir='ltr'>Novas</span> <span class='ocrx_word' id='word_1_370' title='bbox 367 2777 522 2823; x_wconf 80' lang='lat' dir='ltr'>Hispanicl</span> <span class='ocrx_word' id='word_1_371' title='bbox 550 2786 658 2814; x_wconf 83' lang='lat' dir='ltr'>erroris</span> <span class='ocrx_word' id='word_1_372' title='bbox 686 2780 786 2824; x_wconf 60' lang='grc' dir='ltr'><em>[σθαι</em></span> <span class='ocrx_word' id='word_1_373' title='bbox 805 2790 869 2815; x_wconf 86' lang='lat' dir='ltr'>tota</span> <span class='ocrx_word' id='word_1_374' title='bbox 890 2781 976 2814; x_wconf 84' lang='lat' dir='ltr'>vobis</span> <span class='ocrx_word' id='word_1_375' title='bbox 1003 2789 1107 2813; x_wconf 85' lang='lat' dir='ltr'>cavete</span> 
     </span>
     <span class='ocr_line' id='line_1_55' title="bbox 232 2829 1107 2875; baseline 0 -13"><span class='ocrx_word' id='word_1_376' title='bbox 232 2833 397 2863; x_wconf 79' lang='lat' dir='ltr'>intentione</span> <span class='ocrx_word' id='word_1_377' title='bbox 416 2853 422 2860; x_wconf 94' lang='lat'>.</span> <span class='ocrx_word' id='word_1_378' title='bbox 461 2830 635 2864; x_wconf 68' lang='lat' dir='ltr'>SanHorum</span> <span class='ocrx_word' id='word_1_379' title='bbox 657 2833 785 2864; x_wconf 76' lang='lat' dir='ltr'>Panum</span> <span class='ocrx_word' id='word_1_380' title='bbox 818 2837 851 2864; x_wconf 80' lang='lat' dir='ltr'>in</span> <span class='ocrx_word' id='word_1_381' title='bbox 866 2831 930 2874; x_wconf 80' lang='lat' dir='ltr'>fine</span> <span class='ocrx_word' id='word_1_382' title='bbox 946 2829 1107 2875; x_wconf 75' lang='lat' dir='ltr'>sequimini</span> 
     </span>
     <span class='ocr_line' id='line_1_56' title="bbox 227 2878 1106 2924; baseline 0 -11"><span class='ocrx_word' id='word_1_383' title='bbox 227 2878 371 2923; x_wconf 81' lang='lat' dir='ltr'>vestigia,</span> <span class='ocrx_word' id='word_1_384' title='bbox 396 2880 432 2912; x_wconf 61' lang='lat' dir='ltr'>Q&amp;</span> <span class='ocrx_word' id='word_1_385' title='bbox 451 2878 614 2922; x_wconf 84' lang='lat' dir='ltr'>universali</span> <span class='ocrx_word' id='word_1_386' title='bbox 626 2880 760 2923; x_wconf 81' lang='lat' dir='ltr'>Ecclefiae</span> <span class='ocrx_word' id='word_1_387' title='bbox 764 2878 945 2924; x_wconf 69' lang='lat' dir='ltr'>sanetiffima</span> <span class='ocrx_word' id='word_1_388' title='bbox 975 2892 1031 2914; x_wconf 85' lang='lat' dir='ltr'>vos</span> <span class='ocrx_word' id='word_1_389' title='bbox 1052 2881 1106 2913; x_wconf 83' lang='lat' dir='ltr'>ad·</span> 
     </span>
     <span class='ocr_line' id='line_1_57' title="bbox 222 2930 1103 2972; baseline 0.001 -10"><span class='ocrx_word' id='word_1_390' title='bbox 222 2930 344 2972; x_wconf 78' lang='lat' dir='ltr'>jungite</span> <span class='ocrx_word' id='word_1_391' title='bbox 352 2934 470 2963; x_wconf 79' lang='lat' dir='ltr'>unitate</span> <span class='ocrx_word' id='word_1_392' title='bbox 481 2953 488 2961; x_wconf 89' lang='lat'><strong>.</strong></span> <span class='ocrx_word' id='word_1_393' title='bbox 514 2931 662 2972; x_wconf 82' lang='lat' dir='ltr'>Scriptum</span> <span class='ocrx_word' id='word_1_394' title='bbox 672 2930 710 2971; x_wconf 84' lang='lat' dir='ltr'>est</span> <span class='ocrx_word' id='word_1_395' title='bbox 719 2945 730 2964; x_wconf 90' lang='lat'>.·</span> <span class='ocrx_word' id='word_1_396' title='bbox 755 2937 896 2964; x_wconf 82' lang='lat' dir='ltr'>terminos</span> <span class='ocrx_word' id='word_1_397' title='bbox 910 2934 1036 2964; x_wconf 75' lang='lat' dir='ltr'>Parrum</span> <span class='ocrx_word' id='word_1_398' title='bbox 1047 2939 1103 2964; x_wconf 87' lang='lat' dir='ltr'>tuo-</span> 
     </span>
     <span class='ocr_line' id='line_1_58' title="bbox 229 2977 1107 3023; baseline 0.001 -10"><span class='ocrx_word' id='word_1_399' title='bbox 229 2990 298 3013; x_wconf 81' lang='lat' dir='ltr'>rum</span> <span class='ocrx_word' id='word_1_400' title='bbox 317 2990 354 3012; x_wconf 87' lang='lat' dir='ltr'>ne</span> <span class='ocrx_word' id='word_1_401' title='bbox 375 2977 626 3023; x_wconf 67' lang='lat' dir='ltr'>transgrediaris.</span> <span class='ocrx_word' id='word_1_402' title='bbox 654 2984 700 3013; x_wconf 85' lang='lat' dir='ltr'>Et</span> <span class='ocrx_word' id='word_1_403' title='bbox 711 2981 837 3021; x_wconf 77' lang='lat' dir='ltr'>symbolo</span> <span class='ocrx_word' id='word_1_404' title='bbox 858 2980 1020 3014; x_wconf 80' lang='lat' dir='ltr'>Catholicae</span> <span class='ocrx_word' id='word_1_405' title='bbox 1034 2979 1107 3022; x_wconf 81' lang='lat' dir='ltr'>fidei</span> 
     </span>
     <span class='ocr_line' id='line_1_59' title="bbox 229 3028 1110 3072; baseline 0.001 -10"><span class='ocrx_word' id='word_1_406' title='bbox 229 3036 303 3063; x_wconf 77' lang='lat' dir='ltr'>nota</span> <span class='ocrx_word' id='word_1_407' title='bbox 312 3030 400 3063; x_wconf 81' lang='lat' dir='ltr'>nolite</span> <span class='ocrx_word' id='word_1_408' title='bbox 411 3028 554 3071; x_wconf 80' lang='lat' dir='ltr'>inserere.</span> <span class='ocrx_word' id='word_1_409' title='bbox 583 3032 613 3062; x_wconf 78' lang='lat' dir='ltr'><strong><em>E</em></strong></span> <span class='ocrx_word' id='word_1_410' title='bbox 616 3037 629 3061; x_wconf 89' lang='lat' dir='ltr'>t</span> <span class='ocrx_word' id='word_1_411' title='bbox 639 3035 672 3062; x_wconf 86' lang='lat' dir='ltr'>in</span> <span class='ocrx_word' id='word_1_412' title='bbox 679 3030 889 3072; x_wconf 72' lang='lat' dir='ltr'>&#39;Ecclefiasticis</span> <span class='ocrx_word' id='word_1_413' title='bbox 900 3032 998 3072; x_wconf 78' lang='lat' dir='ltr'>officiis</span> <span class='ocrx_word' id='word_1_414' title='bbox 1024 3036 1110 3063; x_wconf 79' lang='lat' dir='ltr'>inau-</span> 
     </span>
     <span class='ocr_line' id='line_1_60' title="bbox 228 3077 1106 3124; baseline 0 -12"><span class='ocrx_word' id='word_1_415' title='bbox 228 3079 315 3112; x_wconf 72' lang='lat' dir='ltr'>ditas</span> <span class='ocrx_word' id='word_1_416' title='bbox 330 3077 440 3123; x_wconf 66' lang='lat' dir='ltr'>priscis</span> <span class='ocrx_word' id='word_1_417' title='bbox 459 3078 642 3119; x_wconf 64' lang='lat' dir='ltr'>temporibus</span> <span class='ocrx_word' id='word_1_418' title='bbox 663 3081 841 3114; x_wconf 70' lang='lat' dir='ltr'>traditiones</span> <span class='ocrx_word' id='word_1_419' title='bbox 864 3082 953 3114; x_wconf 66' lang='lat' dir='ltr'>nolite</span> <span class='ocrx_word' id='word_1_420' title='bbox 964 3081 1106 3124; x_wconf 53' lang='lat' dir='ltr'>diique:</span> 
     </span>
     <span class='ocr_line' id='line_1_61' title="bbox 227 3129 1107 3174; baseline 0.003 -13"><span class='ocrx_word' id='word_1_421' title='bbox 227 3135 286 3170; x_wconf 76' lang='lat' dir='ltr'>per·</span> <span class='ocrx_word' id='word_1_422' title='bbox 304 3129 472 3171; x_wconf 67' lang='lat' dir='ltr'>Apostolicae</span> <span class='ocrx_word' id='word_1_423' title='bbox 493 3129 636 3162; x_wconf 67' lang='lat' dir='ltr'>doetrinae</span> <span class='ocrx_word' id='word_1_424' title='bbox 652 3129 803 3171; x_wconf 70' lang='lat' dir='ltr'>publicum</span> <span class='ocrx_word' id='word_1_425' title='bbox 824 3136 940 3174; x_wconf 83' lang='lat' dir='ltr'>pergite</span> <span class='ocrx_word' id='word_1_426' title='bbox 956 3129 1084 3170; x_wconf 81' lang='lat' dir='ltr'>stratum</span> <span class='ocrx_word' id='word_1_427' title='bbox 1097 3144 1107 3163; x_wconf 89' lang='lat'><em>:</em></span> 
     </span>
     <span class='ocr_line' id='line_1_62' title="bbox 232 3179 1111 3222; baseline 0.003 -12"><span class='ocrx_word' id='word_1_428' title='bbox 232 3186 343 3222; x_wconf 79' lang='lat' dir='ltr'>necper</span> <span class='ocrx_word' id='word_1_429' title='bbox 349 3179 531 3213; x_wconf 84' lang='lat' dir='ltr'>diverticula</span> <span class='ocrx_word' id='word_1_430' title='bbox 539 3179 695 3220; x_wconf 84' lang='lat' dir='ltr'>cujuslibet</span> <span class='ocrx_word' id='word_1_431' title='bbox 705 3185 851 3214; x_wconf 81' lang='lat' dir='ltr'>novitatis</span> <span class='ocrx_word' id='word_1_432' title='bbox 863 3187 896 3213; x_wconf 83' lang='lat' dir='ltr'>tn</span> <span class='ocrx_word' id='word_1_433' title='bbox 906 3182 1046 3214; x_wconf 81' lang='lat' dir='ltr'>dextram</span> <span class='ocrx_word' id='word_1_434' title='bbox 1058 3181 1111 3214; x_wconf 84' lang='lat' dir='ltr'>vel</span> 
     </span>
     <span class='ocr_line' id='line_1_63' title="bbox 227 3226 1109 3274; baseline 0.005 -15"><span class='ocrx_word' id='word_1_435' title='bbox 227 3226 375 3268; x_wconf 76' lang='lat' dir='ltr'>finistram</span> <span class='ocrx_word' id='word_1_436' title='bbox 396 3231 417 3262; x_wconf 78' lang='lat' dir='ltr'>ci</span> <span class='ocrx_word' id='word_1_437' title='bbox 451 3234 506 3263; x_wconf 79' lang='lat' dir='ltr'>via</span> <span class='ocrx_word' id='word_1_438' title='bbox 525 3235 604 3274; x_wconf 79' lang='lat' dir='ltr'>regia</span> <span class='ocrx_word' id='word_1_439' title='bbox 622 3231 786 3263; x_wconf 81' lang='lat' dir='ltr'>declinate.</span> <span class='ocrx_word' id='word_1_440' title='bbox 826 3229 908 3263; x_wconf 78' lang='lat' dir='ltr'>Haec</span> <span class='ocrx_word' id='word_1_441' title='bbox 930 3230 1047 3264; x_wconf 88' lang='lat' dir='ltr'>ultima</span> <span class='ocrx_word' id='word_1_442' title='bbox 1067 3229 1109 3263; x_wconf 87' lang='lat' dir='ltr'>de</span> 
     </span>
     <span class='ocr_line' id='line_1_64' title="bbox 234 3276 1108 3314; baseline 0.003 -4"><span class='ocrx_word' id='word_1_443' title='bbox 234 3276 392 3312; x_wconf 80' lang='lat' dir='ltr'>inauditis</span> <span class='ocrx_word' id='word_1_444' title='bbox 431 3279 528 3314; x_wconf 90' lang='lat' dir='ltr'>nobis</span> <span class='ocrx_word' id='word_1_445' title='bbox 565 3280 601 3313; x_wconf 88' lang='lat' dir='ltr'>in</span> <span class='ocrx_word' id='word_1_446' title='bbox 634 3279 857 3313; x_wconf 86' lang='lat' dir='ltr'>Ecclesiastico</span> <span class='ocrx_word' id='word_1_447' title='bbox 880 3279 991 3313; x_wconf 84' lang='lat' dir='ltr'>officio</span> <span class='ocrx_word' id='word_1_448' title='bbox 1014 3279 1108 3313; x_wconf 86' lang='lat' dir='ltr'>tradi-</span> 
     </span>
     <span class='ocr_line' id='line_1_65' title="bbox 232 3325 1108 3373; baseline 0.003 -13"><span class='ocrx_word' id='word_1_449' title='bbox 232 3325 382 3361; x_wconf 86' lang='lat' dir='ltr'>tionibus</span> <span class='ocrx_word' id='word_1_450' title='bbox 397 3329 539 3364; x_wconf 89' lang='lat' dir='ltr'>omnino</span> <span class='ocrx_word' id='word_1_451' title='bbox 561 3329 712 3363; x_wconf 83' lang='lat' dir='ltr'>videntur</span> <span class='ocrx_word' id='word_1_452' title='bbox 733 3338 848 3363; x_wconf 87' lang='lat' dir='ltr'>notare</span> <span class='ocrx_word' id='word_1_453' title='bbox 866 3338 1000 3363; x_wconf 88' lang='lat' dir='ltr'>cantum</span> <span class='ocrx_word' id='word_1_454' title='bbox 1019 3329 1108 3373; x_wconf 84' lang='lat' dir='ltr'>Sym·</span> 
     </span>
    </p>
   </div>
   <div class='ocr_carea' id='block_1_4' title="bbox 233 3374 1138 3423">
    <p class='ocr_par' dir='ltr' id='par_1_6' title="bbox 233 3374 1138 3423">
     <span class='ocr_line' id='line_1_66' title="bbox 233 3374 1138 3423; baseline 0.008 -16"><span class='ocrx_word' id='word_1_455' title='bbox 233 3374 306 3408; x_wconf 88' lang='lat' dir='ltr'>boli</span> <span class='ocrx_word' id='word_1_456' title='bbox 325 3401 333 3408; x_wconf 91' lang='lat'>.</span> <span class='ocrx_word' id='word_1_457' title='bbox 364 3377 525 3423; x_wconf 83' lang='lat' dir='ltr'>Insignem</span> <span class='ocrx_word' id='word_1_458' title='bbox 547 3380 582 3414; x_wconf 91' lang='lat' dir='ltr'>in</span> <span class='ocrx_word' id='word_1_459' title='bbox 604 3379 782 3423; x_wconf 84' lang='lat' dir='ltr'>Hispanias</span> <span class='ocrx_word' id='word_1_460' title='bbox 807 3378 974 3413; x_wconf 84' lang='lat' dir='ltr'>adversum</span> <span class='ocrx_word' id='word_1_461' title='bbox 986 3379 1108 3414; x_wconf 85' lang='lat' dir='ltr'>Sarace-</span> <span class='ocrx_word' id='word_1_462' title='bbox 1133 3380 1138 3384; x_wconf 86' lang='grc'><strong>”</strong></span> 
     </span>
    </p>
   </div>
   <div class='ocr_carea' id='block_1_5' title="bbox 235 3427 1111 3574">
    <p class='ocr_par' dir='ltr' id='par_1_7' title="bbox 235 3427 1111 3574">
     <span class='ocr_line' id='line_1_67' title="bbox 235 3427 1108 3474; baseline 0.005 -16"><span class='ocrx_word' id='word_1_463' title='bbox 235 3436 299 3459; x_wconf 84' lang='lat' dir='ltr'>nos</span> <span class='ocrx_word' id='word_1_464' title='bbox 317 3427 561 3469; x_wconf 86' lang='lat' dir='ltr'>expeditionem</span> <span class='ocrx_word' id='word_1_465' title='bbox 572 3430 649 3464; x_wconf 87' lang='lat' dir='ltr'>fecit</span> <span class='ocrx_word' id='word_1_466' title='bbox 662 3440 802 3474; x_wconf 89' lang='lat' dir='ltr'>magnus</span> <span class='ocrx_word' id='word_1_467' title='bbox 814 3428 970 3463; x_wconf 86' lang='lat' dir='ltr'>Carolus:</span> <span class='ocrx_word' id='word_1_468' title='bbox 996 3429 1030 3462; x_wconf 76' lang='grc' dir='ltr'>δε</span> <span class='ocrx_word' id='word_1_469' title='bbox 1042 3440 1108 3464; x_wconf 88' lang='lat' dir='ltr'>non</span> 
     </span>
     <span class='ocr_line' id='line_1_68' title="bbox 235 3474 1111 3522; baseline 0.006 -14"><span class='ocrx_word' id='word_1_470' title='bbox 235 3474 373 3510; x_wconf 83' lang='lat' dir='ltr'>modico</span> <span class='ocrx_word' id='word_1_471' title='bbox 384 3485 530 3522; x_wconf 86' lang='lat' dir='ltr'>tempore</span> <span class='ocrx_word' id='word_1_472' title='bbox 541 3479 613 3514; x_wconf 84' lang='lat' dir='ltr'>istic</span> <span class='ocrx_word' id='word_1_473' title='bbox 625 3478 710 3513; x_wconf 86' lang='lat' dir='ltr'>haefit</span> <span class='ocrx_word' id='word_1_474' title='bbox 722 3505 729 3512; x_wconf 94' lang='lat'><em>.</em></span> <span class='ocrx_word' id='word_1_475' title='bbox 757 3480 835 3513; x_wconf 86' lang='lat' dir='ltr'>Erat</span> <span class='ocrx_word' id='word_1_476' title='bbox 845 3479 1021 3513; x_wconf 85' lang='lat' dir='ltr'>comitatus</span> <span class='ocrx_word' id='word_1_477' title='bbox 1030 3479 1111 3513; x_wconf 90' lang='lat' dir='ltr'>mul-</span> 
     </span>
     <span class='ocr_line' id='line_1_69' title="bbox 235 3525 1108 3574; baseline 0.006 -15"><span class='ocrx_word' id='word_1_478' title='bbox 235 3525 279 3560; x_wconf 83' lang='lat' dir='ltr'>tis</span> <span class='ocrx_word' id='word_1_479' title='bbox 299 3525 468 3570; x_wconf 85' lang='lat' dir='ltr'>Episcopis</span> <span class='ocrx_word' id='word_1_480' title='bbox 481 3551 492 3568; x_wconf 90' lang='lat'><strong>,</strong></span> <span class='ocrx_word' id='word_1_481' title='bbox 518 3529 603 3564; x_wconf 86' lang='lat' dir='ltr'>inter</span> <span class='ocrx_word' id='word_1_482' title='bbox 624 3540 707 3573; x_wconf 87' lang='lat' dir='ltr'>quos</span> <span class='ocrx_word' id='word_1_483' title='bbox 725 3529 762 3563; x_wconf 75' lang='grc' dir='ltr'>δε</span> <span class='ocrx_word' id='word_1_484' title='bbox 780 3529 952 3574; x_wconf 87' lang='lat' dir='ltr'>Turpinus</span> <span class='ocrx_word' id='word_1_485' title='bbox 973 3529 1108 3564; x_wconf 84' lang='lat' dir='ltr'>Remen-</span> 
     </span>
    </p>
   </div>
   <div class='ocr_carea' id='block_1_6' title="bbox 1093 232 1131 1756">
    <p class='ocr_par' dir='ltr' id='par_1_8' title="bbox 1093 232 1131 1756">
     <span class='ocr_line' id='line_1_70' title="bbox 1093 232 1131 1756; baseline 0 0"><span class='ocrx_word' id='word_1_486' title='bbox 1093 232 1131 1756; x_wconf 95' lang='lat' dir='ltr'> </span> 
     </span>
    </p>
   </div>
   <div class='ocr_carea' id='block_1_7' title="bbox 1102 1849 1132 2754">
    <p class='ocr_par' dir='ltr' id='par_1_9' title="bbox 1102 1849 1132 2754">
     <span class='ocr_line' id='line_1_71' title="bbox 1102 1849 1132 2754; baseline 0 0"><span class='ocrx_word' id='word_1_487' title='bbox 1102 1849 1132 2754; x_wconf 95' lang='lat' dir='ltr'> </span> 
     </span>
    </p>
   </div>
   <div class='ocr_carea' id='block_1_8' title="bbox 1113 2847 1127 3401">
    <p class='ocr_par' dir='ltr' id='par_1_10' title="bbox 1113 2847 1127 3401">
     <span class='ocr_line' id='line_1_72' title="bbox 1113 2847 1127 3401; baseline 0 375"><span class='ocrx_word' id='word_1_488' title='bbox 1113 2847 1127 3401; x_wconf 95' lang='lat' dir='ltr'> </span> 
     </span>
    </p>
   </div>
   <div class='ocr_carea' id='block_1_9' title="bbox 1153 222 2040 972">
    <p class='ocr_par' dir='ltr' id='par_1_11' title="bbox 1153 222 2040 972">
     <span class='ocr_line' id='line_1_73' title="bbox 1157 222 2032 276; baseline 0.013 -17"><span class='ocrx_word' id='word_1_489' title='bbox 1157 225 1236 260; x_wconf 84' lang='lat' dir='ltr'>fium</span> <span class='ocrx_word' id='word_1_490' title='bbox 1256 222 1476 268; x_wconf 85' lang='lat' dir='ltr'>Metropolita&#39;</span> <span class='ocrx_word' id='word_1_491' title='bbox 1490 247 1499 257; x_wconf 83' lang='lat'><strong>.</strong></span> <span class='ocrx_word' id='word_1_492' title='bbox 1527 223 1578 258; x_wconf 89' lang='lat' dir='ltr'>Hi</span> <span class='ocrx_word' id='word_1_493' title='bbox 1600 224 1670 259; x_wconf 89' lang='lat' dir='ltr'>illic</span> <span class='ocrx_word' id='word_1_494' title='bbox 1690 225 1862 265; x_wconf 86' lang='lat' dir='ltr'>audierunt</span> <span class='ocrx_word' id='word_1_495' title='bbox 1882 235 2032 276; x_wconf 86' lang='lat' dir='ltr'>cantari,</span> 
     </span>
     <span class='ocr_line' id='line_1_74' title="bbox 1156 273 2033 327; baseline 0.011 -20"><span class='ocrx_word' id='word_1_496' title='bbox 1156 276 1191 311; x_wconf 80' lang='lat'>&amp;-</span> <span class='ocrx_word' id='word_1_497' title='bbox 1208 274 1342 320; x_wconf 83' lang='lat' dir='ltr'>quidem</span> <span class='ocrx_word' id='word_1_498' title='bbox 1355 284 1433 309; x_wconf 87' lang='lat' dir='ltr'>cum</span> <span class='ocrx_word' id='word_1_499' title='bbox 1451 273 1677 310; x_wconf 86' lang='lat' dir='ltr'>additamento</span> <span class='ocrx_word' id='word_1_500' title='bbox 1688 300 1700 317; x_wconf 90' lang='lat'>‚</span> <span class='ocrx_word' id='word_1_501' title='bbox 1728 277 2033 327; x_wconf 83' lang='lat' dir='ltr'>Constantinopoli.</span> 
     </span>
     <span class='ocr_line' id='line_1_75' title="bbox 1155 323 2034 370; baseline 0.009 -10"><span class='ocrx_word' id='word_1_502' title='bbox 1155 336 1270 361; x_wconf 86' lang='lat' dir='ltr'>tanum</span> <span class='ocrx_word' id='word_1_503' title='bbox 1282 323 1480 368; x_wconf 84' lang='lat' dir='ltr'>Symbolum</span> <span class='ocrx_word' id='word_1_504' title='bbox 1491 348 1502 365; x_wconf 90' lang='lat'><strong>,</strong></span> <span class='ocrx_word' id='word_1_505' title='bbox 1527 325 1675 370; x_wconf 83' lang='lat' dir='ltr'>aliosque</span> <span class='ocrx_word' id='word_1_506' title='bbox 1700 325 1718 360; x_wconf 75' lang='grc' dir='ltr'>ὲ</span> <span class='ocrx_word' id='word_1_507' title='bbox 1729 327 1912 365; x_wconf 83' lang='lat' dir='ltr'>Gallicanis</span> <span class='ocrx_word' id='word_1_508' title='bbox 1930 333 2034 368; x_wconf 87' lang='lat' dir='ltr'>diver-</span> 
     </span>
     <span class='ocr_line' id='line_1_76' title="bbox 1155 375 2034 420; baseline 0.009 -11"><span class='ocrx_word' id='word_1_509' title='bbox 1155 377 1206 411; x_wconf 88' lang='lat' dir='ltr'>sos</span> <span class='ocrx_word' id='word_1_510' title='bbox 1218 375 1370 409; x_wconf 86' lang='lat' dir='ltr'>viderunt</span> <span class='ocrx_word' id='word_1_511' title='bbox 1389 375 1492 415; x_wconf 83' lang='lat' dir='ltr'>ritus,</span> <span class='ocrx_word' id='word_1_512' title='bbox 1517 375 1551 412; x_wconf 75' lang='grc' dir='ltr'>δε</span> <span class='ocrx_word' id='word_1_513' title='bbox 1567 376 1805 420; x_wconf 85' lang='lat' dir='ltr'>probaverunt.</span> <span class='ocrx_word' id='word_1_514' title='bbox 1833 378 2034 419; x_wconf 81' lang='lat' dir='ltr'>Detulerunt</span> 
     </span>
     <span class='ocr_line' id='line_1_77' title="bbox 1155 424 2034 473; baseline 0.008 -14"><span class='ocrx_word' id='word_1_515' title='bbox 1155 426 1189 460; x_wconf 88' lang='lat' dir='ltr'>in</span> <span class='ocrx_word' id='word_1_516' title='bbox 1200 424 1327 461; x_wconf 87' lang='lat' dir='ltr'>Gallias</span> <span class='ocrx_word' id='word_1_517' title='bbox 1338 447 1350 464; x_wconf 86' lang='lat'>‚</span> <span class='ocrx_word' id='word_1_518' title='bbox 1358 424 1395 460; x_wconf 71' lang='grc' dir='ltr'>ἀ</span> <span class='ocrx_word' id='word_1_519' title='bbox 1406 425 1474 459; x_wconf 79' lang='lat' dir='ltr'>suis</span> <span class='ocrx_word' id='word_1_520' title='bbox 1483 424 1636 464; x_wconf 86' lang='lat' dir='ltr'>Ecclefiis</span> <span class='ocrx_word' id='word_1_521' title='bbox 1650 427 1785 470; x_wconf 88' lang='lat' dir='ltr'>quidam</span> <span class='ocrx_word' id='word_1_522' title='bbox 1795 428 2034 473; x_wconf 88' lang='lat' dir='ltr'>imposuerunt,</span> 
     </span>
     <span class='ocr_line' id='line_1_78' title="bbox 1153 473 2035 523; baseline 0.009 -14"><span class='ocrx_word' id='word_1_523' title='bbox 1153 473 1360 510; x_wconf 83' lang='lat' dir='ltr'>obstantibus</span> <span class='ocrx_word' id='word_1_524' title='bbox 1371 474 1445 512; x_wconf 85' lang='lat' dir='ltr'>aliis</span> <span class='ocrx_word' id='word_1_525' title='bbox 1456 499 1467 515; x_wconf 90' lang='lat'>,</span> <span class='ocrx_word' id='word_1_526' title='bbox 1477 476 1513 510; x_wconf 71' lang='grc' dir='ltr'>ἀ</span> <span class='ocrx_word' id='word_1_527' title='bbox 1523 476 1736 512; x_wconf 82' lang='lat' dir='ltr'>suadentibus</span> <span class='ocrx_word' id='word_1_528' title='bbox 1745 479 1810 514; x_wconf 87' lang='lat' dir='ltr'>suis</span> <span class='ocrx_word' id='word_1_529' title='bbox 1821 479 1987 523; x_wconf 66' lang='lat' dir='ltr'>Ecclffiis,</span> <span class='ocrx_word' id='word_1_530' title='bbox 1998 492 2035 516; x_wconf 91' lang='lat' dir='ltr'>ut</span> 
     </span>
     <span class='ocr_line' id='line_1_79' title="bbox 1155 523 2036 569; baseline 0.007 -10"><span class='ocrx_word' id='word_1_531' title='bbox 1155 526 1188 560; x_wconf 72' lang='grc' dir='ltr'>δε</span> <span class='ocrx_word' id='word_1_532' title='bbox 1201 523 1258 559; x_wconf 85' lang='lat' dir='ltr'>has</span> <span class='ocrx_word' id='word_1_533' title='bbox 1269 524 1430 560; x_wconf 88' lang='lat' dir='ltr'>novitates</span> <span class='ocrx_word' id='word_1_534' title='bbox 1447 526 1626 561; x_wconf 86' lang='lat' dir='ltr'>refutarent</span> <span class='ocrx_word' id='word_1_535' title='bbox 1642 552 1654 569; x_wconf 90' lang='lat'>,</span> <span class='ocrx_word' id='word_1_536' title='bbox 1679 539 1717 562; x_wconf 80' lang='lat' dir='ltr'>ac</span> <span class='ocrx_word' id='word_1_537' title='bbox 1727 540 1899 566; x_wconf 82' lang='lat' dir='ltr'>manerent</span> <span class='ocrx_word' id='word_1_538' title='bbox 1910 530 1946 565; x_wconf 88' lang='lat' dir='ltr'>in</span> <span class='ocrx_word' id='word_1_539' title='bbox 1966 541 2036 565; x_wconf 86' lang='lat' dir='ltr'>mo-</span> 
     </span>
     <span class='ocr_line' id='line_1_80' title="bbox 1156 574 2036 624; baseline 0.009 -15"><span class='ocrx_word' id='word_1_540' title='bbox 1156 575 1243 609; x_wconf 87' lang='lat' dir='ltr'>ribus</span> <span class='ocrx_word' id='word_1_541' title='bbox 1265 574 1424 609; x_wconf 82' lang='lat' dir='ltr'>Romanae</span> <span class='ocrx_word' id='word_1_542' title='bbox 1444 575 1595 610; x_wconf 82' lang='lat' dir='ltr'>Ecclefiae</span> <span class='ocrx_word' id='word_1_543' title='bbox 1617 601 1629 617; x_wconf 93' lang='lat'><strong><em>,</em></strong></span> <span class='ocrx_word' id='word_1_544' title='bbox 1667 587 1704 612; x_wconf 87' lang='lat' dir='ltr'>ut</span> <span class='ocrx_word' id='word_1_545' title='bbox 1722 589 1801 622; x_wconf 90' lang='lat' dir='ltr'>pote</span> <span class='ocrx_word' id='word_1_546' title='bbox 1821 580 1975 624; x_wconf 84' lang='lat' dir='ltr'>plantatis</span> <span class='ocrx_word' id='word_1_547' title='bbox 1999 582 2036 617; x_wconf 78' lang='grc' dir='ltr'>δε</span> 
     </span>
     <span class='ocr_line' id='line_1_81' title="bbox 1156 623 2032 670; baseline 0.006 -10"><span class='ocrx_word' id='word_1_548' title='bbox 1156 623 1292 660; x_wconf 82' lang='lat' dir='ltr'>firmatis</span> <span class='ocrx_word' id='word_1_549' title='bbox 1311 625 1495 669; x_wconf 71' lang='lat' dir='ltr'>nuperrime</span> <span class='ocrx_word' id='word_1_550' title='bbox 1514 637 1570 670; x_wconf 84' lang='lat' dir='ltr'>per</span> <span class='ocrx_word' id='word_1_551' title='bbox 1579 626 1779 670; x_wconf 83' lang='lat' dir='ltr'>Apostolum</span> <span class='ocrx_word' id='word_1_552' title='bbox 1800 630 2032 667; x_wconf 85' lang='lat' dir='ltr'>Bonisacium.</span> 
     </span>
     <span class='ocr_line' id='line_1_82' title="bbox 1157 675 2038 726; baseline 0.008 -17"><span class='ocrx_word' id='word_1_553' title='bbox 1157 675 1238 709; x_wconf 82' lang='lat' dir='ltr'>Haec</span> <span class='ocrx_word' id='word_1_554' title='bbox 1274 675 1417 715; x_wconf 85' lang='lat' dir='ltr'>omnino</span> <span class='ocrx_word' id='word_1_555' title='bbox 1439 675 1568 713; x_wconf 78' lang='lat' dir='ltr'>videtur</span> <span class='ocrx_word' id='word_1_556' title='bbox 1596 677 1662 712; x_wconf 75' lang='lat' dir='ltr'>esse</span> <span class='ocrx_word' id='word_1_557' title='bbox 1693 679 1797 722; x_wconf 86' lang='lat' dir='ltr'>prima</span> <span class='ocrx_word' id='word_1_558' title='bbox 1823 682 1921 726; x_wconf 90' lang='lat' dir='ltr'>origo</span> <span class='ocrx_word' id='word_1_559' title='bbox 1942 682 2038 716; x_wconf 80' lang='lat' dir='ltr'>istius</span> 
     </span>
     <span class='ocr_line' id='line_1_83' title="bbox 1157 725 2035 769; baseline 0.008 -10"><span class='ocrx_word' id='word_1_560' title='bbox 1157 734 1271 760; x_wconf 82' lang='lat' dir='ltr'>cantus</span> <span class='ocrx_word' id='word_1_561' title='bbox 1289 750 1296 759; x_wconf 89' lang='lat'>.</span> <span class='ocrx_word' id='word_1_562' title='bbox 1335 725 1411 760; x_wconf 91' lang='lat' dir='ltr'>Nec</span> <span class='ocrx_word' id='word_1_563' title='bbox 1429 726 1529 761; x_wconf 86' lang='lat' dir='ltr'>refert</span> <span class='ocrx_word' id='word_1_564' title='bbox 1549 727 1641 769; x_wconf 91' lang='lat' dir='ltr'>quod</span> <span class='ocrx_word' id='word_1_565' title='bbox 1663 727 1785 764; x_wconf 83' lang='lat' dir='ltr'>Beatus</span> <span class='ocrx_word' id='word_1_566' title='bbox 1806 729 1970 766; x_wconf 85' lang='lat' dir='ltr'>Alcuinus</span> <span class='ocrx_word' id='word_1_567' title='bbox 1998 733 2035 765; x_wconf 87' lang='lat' dir='ltr'>in</span> 
     </span>
     <span class='ocr_line' id='line_1_84' title="bbox 1158 775 2033 819; baseline 0.008 -11"><span class='ocrx_word' id='word_1_568' title='bbox 1158 775 1243 814; x_wconf 84' lang='lat' dir='ltr'>libro</span> <span class='ocrx_word' id='word_1_569' title='bbox 1263 775 1304 810; x_wconf 88' lang='lat' dir='ltr'>de</span> <span class='ocrx_word' id='word_1_570' title='bbox 1327 775 1559 813; x_wconf 86' lang='lat' dir='ltr'>Ecclesiasticis</span> <span class='ocrx_word' id='word_1_571' title='bbox 1578 778 1697 819; x_wconf 85' lang='lat' dir='ltr'>officiis</span> <span class='ocrx_word' id='word_1_572' title='bbox 1715 779 1855 814; x_wconf 85' lang='lat' dir='ltr'>affirmet</span> <span class='ocrx_word' id='word_1_573' title='bbox 1874 781 2033 817; x_wconf 83' lang='lat' dir='ltr'>&amp;laudet</span> 
     </span>
     <span class='ocr_line' id='line_1_85' title="bbox 1157 824 2034 873; baseline 0.007 -15"><span class='ocrx_word' id='word_1_574' title='bbox 1157 824 1352 866; x_wconf 89' lang='lat' dir='ltr'>Symbolum</span> <span class='ocrx_word' id='word_1_575' title='bbox 1375 825 1538 873; x_wconf 85' lang='lat' dir='ltr'>praedicati</span> <span class='ocrx_word' id='word_1_576' title='bbox 1562 827 1604 862; x_wconf 78' lang='lat' dir='ltr'>ad</span> <span class='ocrx_word' id='word_1_577' title='bbox 1627 828 1802 864; x_wconf 80' lang='lat' dir='ltr'>Miffarum</span> <span class='ocrx_word' id='word_1_578' title='bbox 1838 829 2000 865; x_wconf 85' lang='lat' dir='ltr'>solemnia</span> <span class='ocrx_word' id='word_1_579' title='bbox 2025 857 2034 864; x_wconf 92' lang='lat'>.</span> 
     </span>
     <span class='ocr_line' id='line_1_86' title="bbox 1158 875 2040 922; baseline 0.009 -14"><span class='ocrx_word' id='word_1_580' title='bbox 1158 875 1291 910; x_wconf 88' lang='lat' dir='ltr'>Etenim</span> <span class='ocrx_word' id='word_1_581' title='bbox 1312 875 1398 910; x_wconf 86' lang='lat' dir='ltr'>libet</span> <span class='ocrx_word' id='word_1_582' title='bbox 1419 875 1478 911; x_wconf 83' lang='lat' dir='ltr'>iste</span> <span class='ocrx_word' id='word_1_583' title='bbox 1490 887 1560 911; x_wconf 92' lang='lat' dir='ltr'>non</span> <span class='ocrx_word' id='word_1_584' title='bbox 1577 877 1625 922; x_wconf 77' lang='lat' dir='ltr'>est</span> <span class='ocrx_word' id='word_1_585' title='bbox 1639 876 1776 914; x_wconf 89' lang='lat' dir='ltr'>Alcuini</span> <span class='ocrx_word' id='word_1_586' title='bbox 1788 903 1799 920; x_wconf 96' lang='lat'>,</span> <span class='ocrx_word' id='word_1_587' title='bbox 1811 879 1867 915; x_wconf 85' lang='lat' dir='ltr'>sed</span> <span class='ocrx_word' id='word_1_588' title='bbox 1877 880 2040 916; x_wconf 88' lang='lat' dir='ltr'>recentio-</span> 
     </span>
     <span class='ocr_line' id='line_1_87' title="bbox 1156 925 2037 972; baseline 0.008 -14"><span class='ocrx_word' id='word_1_589' title='bbox 1156 925 1198 959; x_wconf 85' lang='lat' dir='ltr'>ris</span> <span class='ocrx_word' id='word_1_590' title='bbox 1218 950 1229 966; x_wconf 93' lang='lat'><strong>,</strong></span> <span class='ocrx_word' id='word_1_591' title='bbox 1254 925 1319 967; x_wconf 81' lang='lat' dir='ltr'>qui</span> <span class='ocrx_word' id='word_1_592' title='bbox 1344 925 1414 969; x_wconf 88' lang='lat' dir='ltr'>post</span> <span class='ocrx_word' id='word_1_593' title='bbox 1445 926 1613 962; x_wconf 81' lang='lat' dir='ltr'>firmatum</span> <span class='ocrx_word' id='word_1_594' title='bbox 1636 928 1788 972; x_wconf 88' lang='lat' dir='ltr'>symboli</span> <span class='ocrx_word' id='word_1_595' title='bbox 1807 940 1944 966; x_wconf 88' lang='lat' dir='ltr'>cantum</span> <span class='ocrx_word' id='word_1_596' title='bbox 1965 932 2037 967; x_wconf 81' lang='lat' dir='ltr'>scri-</span> 
     </span>
    </p>
   </div>
   <div class='ocr_carea' id='block_1_10' title="bbox 1128 225 1181 3597">
    <p class='ocr_par' dir='ltr' id='par_1_12' title="bbox 1128 225 1181 3597">
     <span class='ocr_line' id='line_1_88' title="bbox 1128 225 1147 442; baseline 0 0"><span class='ocrx_word' id='word_1_597' title='bbox 1128 225 1147 442; x_wconf 95' lang='lat' dir='ltr'>   </span> 
     </span>
     <span class='ocr_line' id='line_1_89' title="bbox 1128 442 1146 592; baseline 0 -95"><span class='ocrx_word' id='word_1_598' title='bbox 1128 442 1146 592; x_wconf 95' lang='lat' dir='ltr'>   </span> 
     </span>
     <span class='ocr_line' id='line_1_90' title="bbox 1129 592 1148 800; baseline 0 -151"><span class='ocrx_word' id='word_1_599' title='bbox 1129 592 1148 800; x_wconf 95' lang='lat' dir='ltr'>     </span> 
     </span>
     <span class='ocr_line' id='line_1_91' title="bbox 1131 800 1148 995; baseline 0 0"><span class='ocrx_word' id='word_1_600' title='bbox 1131 800 1148 995; x_wconf 95' lang='lat' dir='ltr'>   </span> 
     </span>
     <span class='ocr_line' id='line_1_92' title="bbox 1129 995 1148 1101; baseline 0 -23"><span class='ocrx_word' id='word_1_601' title='bbox 1129 995 1148 1101; x_wconf 95' lang='lat' dir='ltr'>   </span> 
     </span>
     <span class='ocr_line' id='line_1_93' title="bbox 1129 1101 1148 1296; baseline 0 -103"><span class='ocrx_word' id='word_1_602' title='bbox 1129 1101 1148 1296; x_wconf 95' lang='lat' dir='ltr'>   </span> 
     </span>
     <span class='ocr_line' id='line_1_94' title="bbox 1130 1296 1149 1409; baseline 0 0"><span class='ocrx_word' id='word_1_603' title='bbox 1130 1296 1149 1409; x_wconf 95' lang='lat' dir='ltr'>  </span> 
     </span>
     <span class='ocr_line' id='line_1_95' title="bbox 1133 1409 1152 1501; baseline 0.316 -4"><span class='ocrx_word' id='word_1_604' title='bbox 1133 1409 1152 1501; x_wconf 95' lang='lat' dir='ltr'>   </span> 
     </span>
     <span class='ocr_line' id='line_1_96' title="bbox 1136 1501 1181 1753; baseline 0 -152"><span class='ocrx_word' id='word_1_605' title='bbox 1136 1501 1181 1753; x_wconf 95' lang='lat' dir='ltr'>     </span> 
     </span>
     <span class='ocr_line' id='line_1_97' title="bbox 1139 1753 1158 1900; baseline 0 0"><span class='ocrx_word' id='word_1_606' title='bbox 1139 1753 1158 1900; x_wconf 95' lang='lat' dir='ltr'>   </span> 
     </span>
     <span class='ocr_line' id='line_1_98' title="bbox 1143 1900 1158 3300; baseline 0 0"><span class='ocrx_word' id='word_1_607' title='bbox 1143 1900 1158 3300; x_wconf 95' lang='lat' dir='ltr'>  </span> 
     </span>
     <span class='ocr_line' id='line_1_99' title="bbox 1148 3300 1162 3401; baseline 0.143 -2"><span class='ocrx_word' id='word_1_608' title='bbox 1148 3300 1162 3401; x_wconf 95' lang='lat' dir='ltr'>  </span> 
     </span>
     <span class='ocr_line' id='line_1_100' title="bbox 1144 3498 1163 3597; baseline 0 179"><span class='ocrx_word' id='word_1_609' title='bbox 1144 3498 1163 3597; x_wconf 95' lang='lat' dir='ltr'> </span> 
     </span>
    </p>
   </div>
   <div class='ocr_carea' id='block_1_11' title="bbox 1151 1024 2090 3621">
    <p class='ocr_par' dir='ltr' id='par_1_13' title="bbox 1153 1024 1434 1060">
     <span class='ocr_line' id='line_1_101' title="bbox 1153 1024 1434 1060; baseline 0.004 -1"><span class='ocrx_word' id='word_1_610' title='bbox 1153 1024 1416 1060; x_wconf 83' lang='lat' dir='ltr'>demonstratum&#39;</span> <span class='ocrx_word' id='word_1_611' title='bbox 1426 1051 1434 1060; x_wconf 82' lang='lat'><em>.</em></span> 
     </span>
    </p>

    <p class='ocr_par' dir='ltr' id='par_1_14' title="bbox 1151 1076 2090 2970">
     <span class='ocr_line' id='line_1_102' title="bbox 1203 1076 2042 1128; baseline 0.012 -20"><span class='ocrx_word' id='word_1_612' title='bbox 1203 1076 1286 1109; x_wconf 82' lang='lat' dir='ltr'>Haec</span> <span class='ocrx_word' id='word_1_613' title='bbox 1298 1076 1414 1113; x_wconf 85' lang='lat' dir='ltr'>omnia</span> <span class='ocrx_word' id='word_1_614' title='bbox 1432 1078 1609 1112; x_wconf 86' lang='lat' dir='ltr'>confirmat</span> <span class='ocrx_word' id='word_1_615' title='bbox 1629 1079 1750 1124; x_wconf 90' lang='lat' dir='ltr'>Magni</span> <span class='ocrx_word' id='word_1_616' title='bbox 1761 1081 1874 1117; x_wconf 85' lang='lat' dir='ltr'>Caroli</span> <span class='ocrx_word' id='word_1_617' title='bbox 1894 1081 2042 1128; x_wconf 84' lang='lat' dir='ltr'>Legatio</span> 
     </span>
     <span class='ocr_line' id='line_1_103' title="bbox 1155 1124 2039 1170; baseline 0.008 -12"><span class='ocrx_word' id='word_1_618' title='bbox 1155 1125 1189 1159; x_wconf 87' lang='lat' dir='ltr'>in</span> <span class='ocrx_word' id='word_1_619' title='bbox 1201 1124 1336 1160; x_wconf 85' lang='lat' dir='ltr'>laudato</span> <span class='ocrx_word' id='word_1_620' title='bbox 1345 1125 1519 1170; x_wconf 84' lang='lat' dir='ltr'>colloquio</span> <span class='ocrx_word' id='word_1_621' title='bbox 1529 1139 1607 1161; x_wconf 91' lang='lat' dir='ltr'>cum</span> <span class='ocrx_word' id='word_1_622' title='bbox 1619 1128 1735 1163; x_wconf 91' lang='lat' dir='ltr'>Leone</span> <span class='ocrx_word' id='word_1_623' title='bbox 1746 1131 1844 1165; x_wconf 90' lang='lat' dir='ltr'>tertio</span> <span class='ocrx_word' id='word_1_624' title='bbox 1855 1131 2039 1167; x_wconf 82' lang='lat' dir='ltr'>Pontifice:</span> 
     </span>
     <span class='ocr_line' id='line_1_104' title="bbox 1153 1174 2041 1222; baseline 0.008 -13"><span class='ocrx_word' id='word_1_625' title='bbox 1153 1176 1316 1211; x_wconf 80' lang='lat' dir='ltr'>secundum</span> <span class='ocrx_word' id='word_1_626' title='bbox 1327 1174 1418 1217; x_wconf 86' lang='lat' dir='ltr'>hujus</span> <span class='ocrx_word' id='word_1_627' title='bbox 1430 1182 1573 1219; x_wconf 77' lang='lat' dir='ltr'>temporis</span> <span class='ocrx_word' id='word_1_628' title='bbox 1586 1180 1764 1220; x_wconf 80' lang='lat' dir='ltr'>qualitatem</span> <span class='ocrx_word' id='word_1_629' title='bbox 1773 1204 1785 1222; x_wconf 92' lang='lat'>,</span> <span class='ocrx_word' id='word_1_630' title='bbox 1808 1181 2041 1216; x_wconf 67' lang='lat' dir='ltr'>imbecillitatem</span> 
     </span>
     <span class='ocr_line' id='line_1_105' title="bbox 1151 1226 2044 1273; baseline 0.009 -15"><span class='ocrx_word' id='word_1_631' title='bbox 1151 1226 1292 1268; x_wconf 84' lang='lat' dir='ltr'>fratrum</span> <span class='ocrx_word' id='word_1_632' title='bbox 1317 1226 1475 1268; x_wconf 65' lang='lat' dir='ltr'>nostrorum</span> <span class='ocrx_word' id='word_1_633' title='bbox 1500 1227 1651 1263; x_wconf 83' lang='lat' dir='ltr'>charitate</span> <span class='ocrx_word' id='word_1_634' title='bbox 1676 1235 1889 1273; x_wconf 80' lang='lat' dir='ltr'>compatientes</span> <span class='ocrx_word' id='word_1_635' title='bbox 1917 1255 1928 1272; x_wconf 88' lang='lat'><strong>,</strong></span> <span class='ocrx_word' id='word_1_636' title='bbox 1963 1233 2044 1266; x_wconf 73' lang='lat' dir='ltr'>illud</span> 
     </span>
     <span class='ocr_line' id='line_1_106' title="bbox 1156 1277 2042 1325; baseline 0.008 -17"><span class='ocrx_word' id='word_1_637' title='bbox 1156 1281 1321 1320; x_wconf 85' lang='lat' dir='ltr'>quaerimus</span> <span class='ocrx_word' id='word_1_638' title='bbox 1335 1301 1347 1318; x_wconf 94' lang='lat'>‚</span> <span class='ocrx_word' id='word_1_639' title='bbox 1371 1282 1405 1310; x_wconf 80' lang='lat' dir='ltr'>in</span> <span class='ocrx_word' id='word_1_640' title='bbox 1424 1288 1456 1311; x_wconf 92' lang='lat' dir='ltr'>eo</span> <span class='ocrx_word' id='word_1_641' title='bbox 1479 1277 1650 1313; x_wconf 84' lang='lat' dir='ltr'>laboramus</span> <span class='ocrx_word' id='word_1_642' title='bbox 1665 1305 1676 1320; x_wconf 94' lang='lat'>,</span> <span class='ocrx_word' id='word_1_643' title='bbox 1702 1289 1736 1313; x_wconf 87' lang='lat' dir='ltr'>ut</span> <span class='ocrx_word' id='word_1_644' title='bbox 1758 1287 1830 1323; x_wconf 86' lang='lat' dir='ltr'>quia</span> <span class='ocrx_word' id='word_1_645' title='bbox 1851 1284 1959 1316; x_wconf 83' lang='lat' dir='ltr'>Mundi</span> <span class='ocrx_word' id='word_1_646' title='bbox 1964 1282 2042 1325; x_wconf 83' lang='lat' dir='ltr'>finis</span> 
     </span>
     <span class='ocr_line' id='line_1_107' title="bbox 1158 1328 2043 1375; baseline 0.009 -17"><span class='ocrx_word' id='word_1_647' title='bbox 1158 1332 1399 1369; x_wconf 80' lang='lat' dir='ltr'>appropinquat,</span> <span class='ocrx_word' id='word_1_648' title='bbox 1425 1332 1459 1360; x_wconf 82' lang='lat' dir='ltr'>in</span> <span class='ocrx_word' id='word_1_649' title='bbox 1487 1340 1544 1371; x_wconf 88' lang='lat' dir='ltr'>quo</span> <span class='ocrx_word' id='word_1_650' title='bbox 1557 1353 1567 1370; x_wconf 90' lang='lat'>‚</span> <span class='ocrx_word' id='word_1_651' title='bbox 1586 1328 1660 1370; x_wconf 77' lang='lat' dir='ltr'>sicut</span> <span class='ocrx_word' id='word_1_652' title='bbox 1678 1331 1831 1372; x_wconf 71' lang='lat' dir='ltr'>praediela</span> <span class='ocrx_word' id='word_1_653' title='bbox 1859 1331 1935 1375; x_wconf 85' lang='lat' dir='ltr'>sunt</span> <span class='ocrx_word' id='word_1_654' title='bbox 1970 1342 2043 1365; x_wconf 85' lang='lat' dir='ltr'>tem-</span> 
     </span>
     <span class='ocr_line' id='line_1_108' title="bbox 1155 1375 2043 1423; baseline 0.008 -15"><span class='ocrx_word' id='word_1_655' title='bbox 1155 1385 1231 1419; x_wconf 85' lang='lat' dir='ltr'>pora</span> <span class='ocrx_word' id='word_1_656' title='bbox 1238 1375 1400 1420; x_wconf 81' lang='lat' dir='ltr'>periculosa</span> <span class='ocrx_word' id='word_1_657' title='bbox 1407 1401 1419 1418; x_wconf 90' lang='lat'><strong>,</strong></span> <span class='ocrx_word' id='word_1_658' title='bbox 1446 1384 1539 1412; x_wconf 82' lang='lat' dir='ltr'>etiam</span> <span class='ocrx_word' id='word_1_659' title='bbox 1548 1380 1613 1412; x_wconf 79' lang='lat' dir='ltr'>ideo</span> <span class='ocrx_word' id='word_1_660' title='bbox 1625 1385 1704 1413; x_wconf 79' lang='lat' dir='ltr'>inter</span> <span class='ocrx_word' id='word_1_661' title='bbox 1714 1379 2043 1423; x_wconf 57' lang='lat' dir='ltr'>caetcra&#39;maximEfi-a-</span> 
     </span>
     <span class='ocr_line' id='line_1_109' title="bbox 1161 1426 2040 1475; baseline 0.008 -17"><span class='ocrx_word' id='word_1_662' title='bbox 1161 1426 1256 1460; x_wconf 86' lang='lat' dir='ltr'>tribus</span> <span class='ocrx_word' id='word_1_663' title='bbox 1268 1427 1370 1468; x_wconf 69' lang='lat' dir='ltr'>nostris</span> <span class='ocrx_word' id='word_1_664' title='bbox 1375 1426 1505 1470; x_wconf 84' lang='lat' dir='ltr'>prodeffe</span> <span class='ocrx_word' id='word_1_665' title='bbox 1516 1430 1672 1464; x_wconf 80' lang='lat' dir='ltr'>valeamus</span> <span class='ocrx_word' id='word_1_666' title='bbox 1687 1455 1696 1462; x_wconf 86' lang='lat'><strong>.</strong></span> <span class='ocrx_word' id='word_1_667' title='bbox 1722 1433 1794 1474; x_wconf 63' lang='lat' dir='ltr'>Quo</span> <span class='ocrx_word' id='word_1_668' title='bbox 1806 1443 1872 1475; x_wconf 84' lang='lat' dir='ltr'>ergo</span> <span class='ocrx_word' id='word_1_669' title='bbox 1888 1431 1994 1475; x_wconf 83' lang='lat' dir='ltr'>fideles</span> <span class='ocrx_word' id='word_1_670' title='bbox 2008 1438 2040 1465; x_wconf 84' lang='lat' dir='ltr'>in</span> 
     </span>
     <span class='ocr_line' id='line_1_110' title="bbox 1161 1477 2043 1522; baseline 0.009 -14"><span class='ocrx_word' id='word_1_671' title='bbox 1161 1480 1286 1510; x_wconf 86' lang='lat' dir='ltr'>Domino</span> <span class='ocrx_word' id='word_1_672' title='bbox 1296 1481 1330 1509; x_wconf 88' lang='lat' dir='ltr'>in</span> <span class='ocrx_word' id='word_1_673' title='bbox 1340 1479 1529 1513; x_wconf 75' lang='lat' dir='ltr'>Sacramenta</span> <span class='ocrx_word' id='word_1_674' title='bbox 1550 1477 1625 1520; x_wconf 77' lang='lat' dir='ltr'>fidei</span> <span class='ocrx_word' id='word_1_675' title='bbox 1646 1480 1770 1513; x_wconf 81' lang='lat' dir='ltr'>reddere</span> <span class='ocrx_word' id='word_1_676' title='bbox 1787 1480 1981 1522; x_wconf 81' lang='lat' dir='ltr'>studeamus,</span> <span class='ocrx_word' id='word_1_677' title='bbox 2007 1483 2043 1515; x_wconf 60' lang='grc' dir='ltr'>(Ὺ</span> 
     </span>
     <span class='ocr_line' id='line_1_111' title="bbox 1161 1526 2043 1576; baseline 0.006 -16"><span class='ocrx_word' id='word_1_678' title='bbox 1161 1528 1266 1560; x_wconf 81' lang='lat' dir='ltr'>idcirco</span> <span class='ocrx_word' id='word_1_679' title='bbox 1276 1531 1348 1569; x_wconf 82' lang='lat' dir='ltr'>quia</span> <span class='ocrx_word' id='word_1_680' title='bbox 1363 1526 1534 1569; x_wconf 66' lang='lat' dir='ltr'>praefatum</span> <span class='ocrx_word' id='word_1_681' title='bbox 1556 1529 1717 1567; x_wconf 77' lang='lat' dir='ltr'>Symbolum</span> <span class='ocrx_word' id='word_1_682' title='bbox 1736 1530 1764 1562; x_wconf 71' lang='grc' dir='ltr'>’ἃ</span> <span class='ocrx_word' id='word_1_683' title='bbox 1789 1530 1971 1576; x_wconf 88' lang='lat' dir='ltr'>quibusdam</span> <span class='ocrx_word' id='word_1_684' title='bbox 1997 1538 2043 1565; x_wconf 80' lang='lat' dir='ltr'>ita</span> 
     </span>
     <span class='ocr_line' id='line_1_112' title="bbox 1161 1579 2044 1626; baseline 0.006 -16"><span class='ocrx_word' id='word_1_685' title='bbox 1161 1582 1280 1610; x_wconf 82' lang='lat' dir='ltr'>cantari</span> <span class='ocrx_word' id='word_1_686' title='bbox 1289 1583 1452 1619; x_wconf 81' lang='lat' dir='ltr'>reperimus</span> <span class='ocrx_word' id='word_1_687' title='bbox 1464 1602 1475 1619; x_wconf 89' lang='lat'>‚</span> <span class='ocrx_word' id='word_1_688' title='bbox 1500 1579 1536 1613; x_wconf 70' lang='lat' dir='ltr'>o·</span> <span class='ocrx_word' id='word_1_689' title='bbox 1546 1581 1628 1621; x_wconf 84' lang='lat' dir='ltr'>quod</span> <span class='ocrx_word' id='word_1_690' title='bbox 1638 1582 1674 1613; x_wconf 85' lang='lat' dir='ltr'>id</span> <span class='ocrx_word' id='word_1_691' title='bbox 1684 1580 1890 1624; x_wconf 73' lang='lat' dir='ltr'>Ecclefiasticae</span> <span class='ocrx_word' id='word_1_692' title='bbox 1905 1594 2044 1626; x_wconf 82' lang='lat' dir='ltr'>congrue-</span> 
     </span>
     <span class='ocr_line' id='line_1_113' title="bbox 1162 1626 2043 1676; baseline 0.006 -15"><span class='ocrx_word' id='word_1_693' title='bbox 1162 1639 1194 1661; x_wconf 89' lang='lat' dir='ltr'>re</span> <span class='ocrx_word' id='word_1_694' title='bbox 1200 1626 1353 1669; x_wconf 81' lang='lat' dir='ltr'>fideificut</span> <span class='ocrx_word' id='word_1_695' title='bbox 1358 1626 1506 1670; x_wconf 85' lang='lat' dir='ltr'>sentimus</span> <span class='ocrx_word' id='word_1_696' title='bbox 1519 1653 1529 1668; x_wconf 89' lang='lat'>,</span> <span class='ocrx_word' id='word_1_697' title='bbox 1551 1634 1655 1672; x_wconf 79' lang='lat' dir='ltr'>utique</span> <span class='ocrx_word' id='word_1_698' title='bbox 1661 1636 1851 1674; x_wconf 84' lang='lat' dir='ltr'>cognovimus</span> <span class='ocrx_word' id='word_1_699' title='bbox 1865 1657 1874 1672; x_wconf 90' lang='lat'>‚</span> <span class='ocrx_word' id='word_1_700' title='bbox 1890 1641 2043 1676; x_wconf 86' lang='lat' dir='ltr'>atqueper</span> 
     </span>
     <span class='ocr_line' id='line_1_114' title="bbox 1163 1677 2044 1726; baseline 0.006 -16"><span class='ocrx_word' id='word_1_701' title='bbox 1163 1677 1212 1710; x_wconf 84' lang='lat' dir='ltr'>hoc</span> <span class='ocrx_word' id='word_1_702' title='bbox 1222 1678 1344 1711; x_wconf 69' lang='lat' dir='ltr'>&amp;nunc</span> <span class='ocrx_word' id='word_1_703' title='bbox 1344 1679 1417 1719; x_wconf 83' lang='lat' dir='ltr'>jam</span> <span class='ocrx_word' id='word_1_704' title='bbox 1422 1679 1569 1720; x_wconf 81' lang='lat' dir='ltr'>plurimos</span> <span class='ocrx_word' id='word_1_705' title='bbox 1577 1680 1676 1713; x_wconf 74' lang='lat' dir='ltr'>dot‘los</span> <span class='ocrx_word' id='word_1_706' title='bbox 1691 1704 1702 1720; x_wconf 85' lang='lat'>‚</span> <span class='ocrx_word' id='word_1_707' title='bbox 1724 1682 1759 1714; x_wconf 61' lang='grc' dir='ltr'>(ν</span> <span class='ocrx_word' id='word_1_708' title='bbox 1768 1680 1826 1720; x_wconf 78' lang='lat' dir='ltr'>line</span> <span class='ocrx_word' id='word_1_709' title='bbox 1837 1681 1898 1724; x_wconf 80' lang='lat' dir='ltr'>fine</span> <span class='ocrx_word' id='word_1_710' title='bbox 1909 1681 2044 1726; x_wconf 85' lang='lat' dir='ltr'>usquein</span> 
     </span>
     <span class='ocr_line' id='line_1_115' title="bbox 1185 1725 2046 1773; baseline 0.008 -14"><span class='ocrx_word' id='word_1_711' title='bbox 1185 1725 1357 1770; x_wconf 80' lang='lat' dir='ltr'>nemsaecult</span> <span class='ocrx_word' id='word_1_712' title='bbox 1368 1729 1405 1761; x_wconf 85' lang='lat' dir='ltr'>de</span> <span class='ocrx_word' id='word_1_713' title='bbox 1417 1737 1503 1762; x_wconf 83' lang='lat' dir='ltr'>tanto</span> <span class='ocrx_word' id='word_1_714' title='bbox 1534 1729 1665 1770; x_wconf 78' lang='lat' dir='ltr'>mysterio</span> <span class='ocrx_word' id='word_1_715' title='bbox 1677 1756 1685 1768; x_wconf 88' lang='lat'>‚</span> <span class='ocrx_word' id='word_1_716' title='bbox 1707 1729 1739 1772; x_wconf 86' lang='lat' dir='ltr'><em>fi</em></span> <span class='ocrx_word' id='word_1_717' title='bbox 1756 1737 1801 1763; x_wconf 84' lang='lat' dir='ltr'>ita</span> <span class='ocrx_word' id='word_1_718' title='bbox 1812 1741 1950 1765; x_wconf 82' lang='lat' dir='ltr'>teneatur</span> <span class='ocrx_word' id='word_1_719' title='bbox 1961 1758 1971 1773; x_wconf 95' lang='lat'>,</span> <span class='ocrx_word' id='word_1_720' title='bbox 1997 1738 2046 1765; x_wconf 83' lang='lat' dir='ltr'>ln-</span> 
     </span>
     <span class='ocr_line' id='line_1_116' title="bbox 1158 1777 2044 1826; baseline 0.005 -16"><span class='ocrx_word' id='word_1_721' title='bbox 1158 1777 1322 1817; x_wconf 74' lang='lat' dir='ltr'>stituendos</span> <span class='ocrx_word' id='word_1_722' title='bbox 1333 1778 1586 1822; x_wconf 70' lang='lat' dir='ltr'>effecognovaus</span> <span class='ocrx_word' id='word_1_723' title='bbox 1600 1804 1610 1819; x_wconf 93' lang='lat'>‚</span> <span class='ocrx_word' id='word_1_724' title='bbox 1636 1781 1740 1814; x_wconf 86' lang='lat' dir='ltr'>melius</span> <span class='ocrx_word' id='word_1_725' title='bbox 1753 1781 1837 1814; x_wconf 82' lang='lat' dir='ltr'>nobis</span> <span class='ocrx_word' id='word_1_726' title='bbox 1861 1781 1961 1826; x_wconf 85' lang='lat' dir='ltr'>visum</span> <span class='ocrx_word' id='word_1_727' title='bbox 1976 1782 2044 1824; x_wconf 78' lang='lat' dir='ltr'>fuit</span> 
     </span>
     <span class='ocr_line' id='line_1_117' title="bbox 1163 1828 2042 1872; baseline 0.006 -12"><span class='ocrx_word' id='word_1_728' title='bbox 1163 1829 1316 1861; x_wconf 76' lang='lat' dir='ltr'>cantando</span> <span class='ocrx_word' id='word_1_729' title='bbox 1330 1837 1434 1862; x_wconf 79' lang='lat' dir='ltr'>tantos</span> <span class='ocrx_word' id='word_1_730' title='bbox 1454 1828 1596 1869; x_wconf 80' lang='lat' dir='ltr'>instruere</span> <span class='ocrx_word' id='word_1_731' title='bbox 1617 1855 1627 1870; x_wconf 90' lang='lat'>‚</span> <span class='ocrx_word' id='word_1_732' title='bbox 1651 1833 1742 1872; x_wconf 76' lang='lat' dir='ltr'>qucim</span> <span class='ocrx_word' id='word_1_733' title='bbox 1766 1834 1889 1865; x_wconf 83' lang='lat' dir='ltr'>tacendo</span> <span class='ocrx_word' id='word_1_734' title='bbox 1910 1833 2042 1865; x_wconf 69' lang='lat' dir='ltr'>indoeios</span> 
     </span>
     <span class='ocr_line' id='line_1_118' title="bbox 1164 1877 2090 1925; baseline 0.006 -14"><span class='ocrx_word' id='word_1_735' title='bbox 1164 1878 1345 1919; x_wconf 86' lang='lat' dir='ltr'>relinquere.</span> <span class='ocrx_word' id='word_1_736' title='bbox 1372 1879 1406 1911; x_wconf 81' lang='lat' dir='ltr'>Si</span> <span class='ocrx_word' id='word_1_737' title='bbox 1430 1884 1511 1912; x_wconf 84' lang='lat' dir='ltr'>enim</span> <span class='ocrx_word' id='word_1_738' title='bbox 1530 1877 1621 1920; x_wconf 82' lang='lat' dir='ltr'>sciret</span> <span class='ocrx_word' id='word_1_739' title='bbox 1633 1883 1810 1914; x_wconf 77' lang='lat' dir='ltr'>Pater-nitas</span> <span class='ocrx_word' id='word_1_740' title='bbox 1822 1891 1876 1915; x_wconf 85' lang='lat' dir='ltr'>tua</span> <span class='ocrx_word' id='word_1_741' title='bbox 1888 1906 1899 1922; x_wconf 96' lang='lat'>‚</span> <span class='ocrx_word' id='word_1_742' title='bbox 1925 1887 2054 1925; x_wconf 60' lang='lat' dir='ltr'>quanta·</span> <span class='ocrx_word' id='word_1_743' title='bbox 2075 1885 2090 1897; x_wconf 75' lang='grc'>’”</span> 
     </span>
     <span class='ocr_line' id='line_1_119' title="bbox 1160 1925 2046 1975; baseline 0.007 -16"><span class='ocrx_word' id='word_1_744' title='bbox 1160 1925 1235 1970; x_wconf 83' lang='lat' dir='ltr'>sunt</span> <span class='ocrx_word' id='word_1_745' title='bbox 1244 1925 1329 1960; x_wconf 83' lang='lat' dir='ltr'>bodie</span> <span class='ocrx_word' id='word_1_746' title='bbox 1339 1928 1435 1960; x_wconf 82' lang='lat' dir='ltr'>millia</span> <span class='ocrx_word' id='word_1_747' title='bbox 1465 1926 1663 1970; x_wconf 79' lang='lat' dir='ltr'>idscientium</span> <span class='ocrx_word' id='word_1_748' title='bbox 1699 1936 1775 1972; x_wconf 80' lang='lat' dir='ltr'>quia</span> <span class='ocrx_word' id='word_1_749' title='bbox 1801 1941 1942 1965; x_wconf 85' lang='lat' dir='ltr'>cantatur</span> <span class='ocrx_word' id='word_1_750' title='bbox 1956 1957 1966 1972; x_wconf 95' lang='lat'>‚</span> <span class='ocrx_word' id='word_1_751' title='bbox 1993 1937 2046 1975; x_wconf 83' lang='lat' dir='ltr'>qui</span> 
     </span>
     <span class='ocr_line' id='line_1_120' title="bbox 1166 1975 2047 2025; baseline 0.008 -16"><span class='ocrx_word' id='word_1_752' title='bbox 1166 1988 1319 2019; x_wconf 85' lang='lat' dir='ltr'>nunquam</span> <span class='ocrx_word' id='word_1_753' title='bbox 1335 1975 1442 2019; x_wconf 85' lang='lat' dir='ltr'>scituri</span> <span class='ocrx_word' id='word_1_754' title='bbox 1468 1978 1555 2020; x_wconf 80' lang='lat' dir='ltr'>essent</span> <span class='ocrx_word' id='word_1_755' title='bbox 1585 1978 1842 2023; x_wconf 76' lang='lat' dir='ltr'>nificanttrretur3</span> <span class='ocrx_word' id='word_1_756' title='bbox 1862 1981 1989 2025; x_wconf 79' lang='lat' dir='ltr'>fortasse</span> <span class='ocrx_word' id='word_1_757' title='bbox 1999 1979 2047 2016; x_wconf 81' lang='lat' dir='ltr'>no-</span> 
     </span>
     <span class='ocr_line' id='line_1_121' title="bbox 1166 2024 2049 2074; baseline 0.008 -16"><span class='ocrx_word' id='word_1_758' title='bbox 1166 2024 1274 2070; x_wconf 85' lang='lat' dir='ltr'>biscum</span> <span class='ocrx_word' id='word_1_759' title='bbox 1284 2035 1396 2072; x_wconf 72' lang='lat' dir='ltr'>teneres</span> <span class='ocrx_word' id='word_1_760' title='bbox 1416 2050 1426 2066; x_wconf 91' lang='lat'><strong>,</strong></span> <span class='ocrx_word' id='word_1_761' title='bbox 1452 2028 1533 2061; x_wconf 72' lang='lat' dir='ltr'>&amp;id</span> <span class='ocrx_word' id='word_1_762' title='bbox 1541 2036 1590 2062; x_wconf 85' lang='lat' dir='ltr'>tuo</span> <span class='ocrx_word' id='word_1_763' title='bbox 1599 2035 1691 2062; x_wconf 84' lang='lat' dir='ltr'>etiam</span> <span class='ocrx_word' id='word_1_764' title='bbox 1702 2029 1840 2074; x_wconf 72' lang='lat' dir='ltr'>consensu</span> <span class='ocrx_word' id='word_1_765' title='bbox 1852 2056 1862 2071; x_wconf 90' lang='lat'>,</span> <span class='ocrx_word' id='word_1_766' title='bbox 1888 2042 1921 2066; x_wconf 86' lang='lat' dir='ltr'>ut</span> <span class='ocrx_word' id='word_1_767' title='bbox 1942 2040 2049 2066; x_wconf 87' lang='lat' dir='ltr'>canta-</span> 
     </span>
     <span class='ocr_line' id='line_1_122' title="bbox 1166 2075 2049 2129; baseline 0.01 -21"><span class='ocrx_word' id='word_1_768' title='bbox 1166 2084 1248 2109; x_wconf 85' lang='lat' dir='ltr'>retur</span> <span class='ocrx_word' id='word_1_769' title='bbox 1273 2101 1285 2117; x_wconf 89' lang='lat'>,</span> <span class='ocrx_word' id='word_1_770' title='bbox 1307 2075 1518 2121; x_wconf 75' lang='lat' dir='ltr'>,acquiesceres</span> <span class='ocrx_word' id='word_1_771' title='bbox 1547 2101 1556 2125; x_wconf 88' lang='lat'>·.</span> <span class='ocrx_word' id='word_1_772' title='bbox 1599 2078 1877 2124; x_wconf 86' lang='lat' dir='ltr'>Merovingorum</span> <span class='ocrx_word' id='word_1_773' title='bbox 1914 2083 2049 2129; x_wconf 87' lang='lat' dir='ltr'>Regum</span> 
     </span>
     <span class='ocr_line' id='line_1_123' title="bbox 1167 2126 2050 2171; baseline 0.008 -11"><span class='ocrx_word' id='word_1_774' title='bbox 1167 2126 1300 2171; x_wconf 81' lang='lat' dir='ltr'>ignavia</span> <span class='ocrx_word' id='word_1_775' title='bbox 1328 2150 1339 2166; x_wconf 93' lang='lat'><strong>,</strong></span> <span class='ocrx_word' id='word_1_776' title='bbox 1370 2126 1405 2160; x_wconf 74' lang='grc' dir='ltr'>ἀ</span> <span class='ocrx_word' id='word_1_777' title='bbox 1433 2126 1547 2160; x_wconf 86' lang='lat' dir='ltr'>Caroli</span> <span class='ocrx_word' id='word_1_778' title='bbox 1572 2127 1721 2163; x_wconf 86' lang='lat' dir='ltr'>Martelli</span> <span class='ocrx_word' id='word_1_779' title='bbox 1747 2131 1780 2164; x_wconf 89' lang='lat' dir='ltr'>in</span> <span class='ocrx_word' id='word_1_780' title='bbox 1810 2131 2050 2167; x_wconf 80' lang='lat' dir='ltr'>Eccleflasticas</span> 
     </span>
     <span class='ocr_line' id='line_1_124' title="bbox 1169 2176 2051 2221; baseline 0.009 -12"><span class='ocrx_word' id='word_1_781' title='bbox 1169 2176 1376 2220; x_wconf 76' lang='lat' dir='ltr'>possessiones</span> <span class='ocrx_word' id='word_1_782' title='bbox 1397 2177 1510 2221; x_wconf 83' lang='lat' dir='ltr'>rapina</span> <span class='ocrx_word' id='word_1_783' title='bbox 1523 2201 1534 2217; x_wconf 92' lang='lat'><em>‚</em></span> <span class='ocrx_word' id='word_1_784' title='bbox 1559 2189 1659 2212; x_wconf 90' lang='lat' dir='ltr'>omne</span> <span class='ocrx_word' id='word_1_785' title='bbox 1682 2179 1878 2215; x_wconf 82' lang='lat' dir='ltr'>sacerdotale</span> <span class='ocrx_word' id='word_1_786' title='bbox 1899 2183 2051 2217; x_wconf 86' lang='lat' dir='ltr'>Ministe-</span> 
     </span>
     <span class='ocr_line' id='line_1_125' title="bbox 1169 2227 2051 2274; baseline 0.008 -15"><span class='ocrx_word' id='word_1_787' title='bbox 1169 2227 1255 2260; x_wconf 69' lang='lat' dir='ltr'>sium</span> <span class='ocrx_word' id='word_1_788' title='bbox 1279 2227 1536 2262; x_wconf 81' lang='lat' dir='ltr'>extinxerantin</span> <span class='ocrx_word' id='word_1_789' title='bbox 1551 2229 1708 2270; x_wconf 82' lang='lat' dir='ltr'>Francia,</span> <span class='ocrx_word' id='word_1_790' title='bbox 1735 2240 1833 2274; x_wconf 86' lang='lat' dir='ltr'>atque</span> <span class='ocrx_word' id='word_1_791' title='bbox 1852 2232 1896 2265; x_wconf 88' lang='lat' dir='ltr'>ita</span> <span class='ocrx_word' id='word_1_792' title='bbox 1920 2233 2051 2266; x_wconf 74' lang='lat' dir='ltr'>misera-</span> 
     </span>
     <span class='ocr_line' id='line_1_126' title="bbox 1169 2276 2051 2324; baseline 0.008 -14"><span class='ocrx_word' id='word_1_793' title='bbox 1169 2276 1266 2317; x_wconf 89' lang='lat' dir='ltr'>bilis,</span> <span class='ocrx_word' id='word_1_794' title='bbox 1291 2276 1334 2311; x_wconf 90' lang='lat' dir='ltr'>de</span> <span class='ocrx_word' id='word_1_795' title='bbox 1354 2288 1419 2322; x_wconf 87' lang='lat' dir='ltr'>qua</span> <span class='ocrx_word' id='word_1_796' title='bbox 1439 2277 1550 2321; x_wconf 84' lang='lat' dir='ltr'>questa</span> <span class='ocrx_word' id='word_1_797' title='bbox 1572 2279 1616 2312; x_wconf 90' lang='lat' dir='ltr'>est</span> <span class='ocrx_word' id='word_1_798' title='bbox 1639 2280 1741 2313; x_wconf 87' lang='lat' dir='ltr'>etiam</span> <span class='ocrx_word' id='word_1_799' title='bbox 1763 2280 2051 2324; x_wconf 81' lang='lat' dir='ltr'>postmodo&#39;sexta</span> 
     </span>
     <span class='ocr_line' id='line_1_127' title="bbox 1168 2326 2053 2367; baseline 0.006 -6"><span class='ocrx_word' id='word_1_800' title='bbox 1168 2326 1371 2367; x_wconf 79' lang='lat' dir='ltr'>Parifienfls,</span> <span class='ocrx_word' id='word_1_801' title='bbox 1399 2328 1646 2362; x_wconf 60' lang='lat' dir='ltr'>necessariorum</span> <span class='ocrx_word' id='word_1_802' title='bbox 1674 2330 1714 2363; x_wconf 88' lang='lat' dir='ltr'>ad</span> <span class='ocrx_word' id='word_1_803' title='bbox 1742 2331 1876 2365; x_wconf 75' lang='lat' dir='ltr'>salutern</span> <span class='ocrx_word' id='word_1_804' title='bbox 1898 2332 2053 2366; x_wconf 85' lang='lat' dir='ltr'>articulo-</span> 
     </span>
     <span class='ocr_line' id='line_1_128' title="bbox 1169 2378 2050 2422; baseline 0.007 -11"><span class='ocrx_word' id='word_1_805' title='bbox 1169 2388 1241 2411; x_wconf 87' lang='lat' dir='ltr'>rum</span> <span class='ocrx_word' id='word_1_806' title='bbox 1263 2378 1451 2422; x_wconf 85' lang='lat' dir='ltr'>ignorantia</span> <span class='ocrx_word' id='word_1_807' title='bbox 1478 2388 1532 2420; x_wconf 90' lang='lat' dir='ltr'>per</span> <span class='ocrx_word' id='word_1_808' title='bbox 1552 2378 1705 2413; x_wconf 69' lang='lat' dir='ltr'>sanctum</span> <span class='ocrx_word' id='word_1_809' title='bbox 1729 2380 1941 2416; x_wconf 81' lang='lat' dir='ltr'>Bonifacium</span> <span class='ocrx_word' id='word_1_810' title='bbox 1979 2393 2050 2416; x_wconf 85' lang='lat' dir='ltr'>non</span> 
     </span>
     <span class='ocr_line' id='line_1_129' title="bbox 1170 2426 2050 2475; baseline 0.009 -16"><span class='ocrx_word' id='word_1_811' title='bbox 1170 2427 1276 2471; x_wconf 83' lang='lat' dir='ltr'>potuit</span> <span class='ocrx_word' id='word_1_812' title='bbox 1304 2426 1399 2470; x_wconf 73' lang='lat' dir='ltr'>plene</span> <span class='ocrx_word' id='word_1_813' title='bbox 1425 2427 1577 2472; x_wconf 87' lang='lat' dir='ltr'>extingui</span> <span class='ocrx_word' id='word_1_814' title='bbox 1597 2433 1619 2461; x_wconf 84' lang='grc'>.”</span> <span class='ocrx_word' id='word_1_815' title='bbox 1636 2429 2050 2475; x_wconf 76' lang='lat' dir='ltr'>Constantinopolitanum</span> 
     </span>
     <span class='ocr_line' id='line_1_130' title="bbox 1171 2476 2051 2525; baseline 0.007 -15"><span class='ocrx_word' id='word_1_816' title='bbox 1171 2476 1338 2520; x_wconf 80' lang='lat' dir='ltr'>praescrtim</span> <span class='ocrx_word' id='word_1_817' title='bbox 1359 2476 1556 2521; x_wconf 86' lang='lat' dir='ltr'>Symbolum</span> <span class='ocrx_word' id='word_1_818' title='bbox 1576 2478 1622 2512; x_wconf 86' lang='lat' dir='ltr'>est</span> <span class='ocrx_word' id='word_1_819' title='bbox 1643 2481 1796 2514; x_wconf 88' lang='lat' dir='ltr'>omnium</span> <span class='ocrx_word' id='word_1_820' title='bbox 1816 2481 1954 2516; x_wconf 84' lang='lat' dir='ltr'>istorum</span> <span class='ocrx_word' id='word_1_821' title='bbox 1965 2483 2051 2525; x_wconf 89' lang='lat' dir='ltr'>opti-</span> 
     </span>
     <span class='ocr_line' id='line_1_131' title="bbox 1169 2526 2053 2576; baseline 0.006 -15"><span class='ocrx_word' id='word_1_822' title='bbox 1169 2538 1261 2561; x_wconf 89' lang='lat' dir='ltr'>mum</span> <span class='ocrx_word' id='word_1_823' title='bbox 1288 2527 1523 2571; x_wconf 88' lang='lat' dir='ltr'>compendium</span> <span class='ocrx_word' id='word_1_824' title='bbox 1547 2540 1554 2560; x_wconf 90' lang='lat'><strong>:</strong></span> <span class='ocrx_word' id='word_1_825' title='bbox 1582 2526 1661 2563; x_wconf 90' lang='lat' dir='ltr'>hinc</span> <span class='ocrx_word' id='word_1_826' title='bbox 1687 2530 1793 2570; x_wconf 87' lang='lat' dir='ltr'>illud,</span> <span class='ocrx_word' id='word_1_827' title='bbox 1819 2532 1893 2572; x_wconf 88' lang='lat' dir='ltr'>quia</span> <span class='ocrx_word' id='word_1_828' title='bbox 1922 2532 1956 2566; x_wconf 70' lang='grc' dir='ltr'>ὃς</span> <span class='ocrx_word' id='word_1_829' title='bbox 1982 2532 2053 2576; x_wconf 91' lang='lat' dir='ltr'>qui·</span> 
     </span>
     <span class='ocr_line' id='line_1_132' title="bbox 1171 2577 2052 2623; baseline 0.006 -12"><span class='ocrx_word' id='word_1_830' title='bbox 1171 2577 1305 2612; x_wconf 87' lang='lat' dir='ltr'>busdam</span> <span class='ocrx_word' id='word_1_831' title='bbox 1331 2577 1404 2613; x_wconf 88' lang='lat' dir='ltr'>aliis</span> <span class='ocrx_word' id='word_1_832' title='bbox 1414 2577 1739 2619; x_wconf 81' lang='lat' dir='ltr'>cantabatur,etiam</span> <span class='ocrx_word' id='word_1_833' title='bbox 1761 2581 1846 2623; x_wconf 87' lang='lat' dir='ltr'>apud</span> <span class='ocrx_word' id='word_1_834' title='bbox 1875 2583 1906 2616; x_wconf 84' lang='lat' dir='ltr'>se</span> <span class='ocrx_word' id='word_1_835' title='bbox 1919 2591 2052 2616; x_wconf 84' lang='lat' dir='ltr'>cantan-</span> 
     </span>
     <span class='ocr_line' id='line_1_133' title="bbox 1170 2627 2052 2672; baseline 0.006 -11"><span class='ocrx_word' id='word_1_836' title='bbox 1170 2627 1273 2669; x_wconf 89' lang='lat' dir='ltr'>dum,</span> <span class='ocrx_word' id='word_1_837' title='bbox 1299 2628 1504 2672; x_wconf 88' lang='lat' dir='ltr'>&amp;populum</span> <span class='ocrx_word' id='word_1_838' title='bbox 1524 2629 1690 2663; x_wconf 85' lang='lat' dir='ltr'>cantando</span> <span class='ocrx_word' id='word_1_839' title='bbox 1703 2628 1899 2665; x_wconf 83' lang='lat' dir='ltr'>&#39;docendum</span> <span class='ocrx_word' id='word_1_840' title='bbox 1923 2633 2052 2666; x_wconf 84' lang='lat' dir='ltr'>censue-</span> 
     </span>
     <span class='ocr_line' id='line_1_134' title="bbox 1171 2679 2050 2725; baseline 0.001 -13"><span class='ocrx_word' id='word_1_841' title='bbox 1171 2689 1246 2712; x_wconf 90' lang='lat' dir='ltr'>runt</span> <span class='ocrx_word' id='word_1_842' title='bbox 1272 2702 1283 2718; x_wconf 92' lang='lat'><em>,</em></span> <span class='ocrx_word' id='word_1_843' title='bbox 1308 2688 1406 2721; x_wconf 89' lang='lat' dir='ltr'>atque</span> <span class='ocrx_word' id='word_1_844' title='bbox 1433 2679 1609 2712; x_wconf 84' lang='lat' dir='ltr'>sanxerunt</span> <span class='ocrx_word' id='word_1_845' title='bbox 1637 2680 1836 2714; x_wconf 81' lang='lat' dir='ltr'>Francorum</span> <span class='ocrx_word' id='word_1_846' title='bbox 1876 2680 2050 2725; x_wconf 83' lang='lat' dir='ltr'>Episcopi.</span> 
     </span>
     <span class='ocr_line' id='line_1_135' title="bbox 1172 2725 2050 2774; baseline 0.003 -13"><span class='ocrx_word' id='word_1_847' title='bbox 1172 2729 1231 2762; x_wconf 82' lang='lat' dir='ltr'>Per</span> <span class='ocrx_word' id='word_1_848' title='bbox 1242 2727 1319 2763; x_wconf 89' lang='lat' dir='ltr'>istos</span> <span class='ocrx_word' id='word_1_849' title='bbox 1329 2725 1471 2771; x_wconf 83' lang='lat' dir='ltr'>quosdam</span> <span class='ocrx_word' id='word_1_850' title='bbox 1486 2729 1628 2762; x_wconf 88' lang='lat' dir='ltr'>omnino</span> <span class='ocrx_word' id='word_1_851' title='bbox 1640 2730 1871 2774; x_wconf 85' lang='lat' dir='ltr'>intelliguntur</span> <span class='ocrx_word' id='word_1_852' title='bbox 1884 2729 2025 2774; x_wconf 82' lang='lat' dir='ltr'>Hispani</span> <span class='ocrx_word' id='word_1_853' title='bbox 2041 2743 2050 2764; x_wconf 77' lang='lat' dir='ltr'>t</span> 
     </span>
     <span class='ocr_line' id='line_1_136' title="bbox 1168 2777 2050 2820; baseline 0.007 -9"><span class='ocrx_word' id='word_1_854' title='bbox 1168 2779 1250 2813; x_wconf 75' lang='lat' dir='ltr'>&#39;ficut</span> <span class='ocrx_word' id='word_1_855' title='bbox 1258 2789 1300 2813; x_wconf 87' lang='lat' dir='ltr'>ex</span> <span class='ocrx_word' id='word_1_856' title='bbox 1311 2777 1436 2813; x_wconf 85' lang='lat' dir='ltr'>verbis:</span> <span class='ocrx_word' id='word_1_857' title='bbox 1464 2783 1512 2811; x_wconf 83' lang='lat' dir='ltr'>lta</span> <span class='ocrx_word' id='word_1_858' title='bbox 1523 2785 1664 2812; x_wconf 79' lang='lat' dir='ltr'>cantari:</span> <span class='ocrx_word' id='word_1_859' title='bbox 1693 2779 1725 2813; x_wconf 90' lang='lat' dir='ltr'>id</span> <span class='ocrx_word' id='word_1_860' title='bbox 1737 2779 1803 2820; x_wconf 89' lang='lat' dir='ltr'>est,</span> <span class='ocrx_word' id='word_1_861' title='bbox 1830 2783 1953 2814; x_wconf 87' lang='lat' dir='ltr'>cantari</span> <span class='ocrx_word' id='word_1_862' title='bbox 1972 2793 2050 2817; x_wconf 88' lang='lat' dir='ltr'>cum</span> 
     </span>
     <span class='ocr_line' id='line_1_137' title="bbox 1169 2827 2051 2873; baseline 0.005 -11"><span class='ocrx_word' id='word_1_863' title='bbox 1169 2828 1415 2863; x_wconf 85' lang='lat' dir='ltr'>additamento.</span> <span class='ocrx_word' id='word_1_864' title='bbox 1446 2827 1498 2862; x_wconf 92' lang='lat' dir='ltr'>Eo</span> <span class='ocrx_word' id='word_1_865' title='bbox 1524 2828 1613 2862; x_wconf 89' lang='lat' dir='ltr'>enirn</span> <span class='ocrx_word' id='word_1_866' title='bbox 1640 2838 1788 2873; x_wconf 89' lang='lat' dir='ltr'>tempore</span> <span class='ocrx_word' id='word_1_867' title='bbox 1815 2829 1903 2863; x_wconf 88' lang='lat' dir='ltr'>nulla</span> <span class='ocrx_word' id='word_1_868' title='bbox 1931 2830 2051 2866; x_wconf 83' lang='lat' dir='ltr'>Latina</span> 
     </span>
     <span class='ocr_line' id='line_1_138' title="bbox 1172 2877 2050 2925; baseline 0.007 -14"><span class='ocrx_word' id='word_1_869' title='bbox 1172 2878 1313 2913; x_wconf 80' lang='lat' dir='ltr'>Ecclesia</span> <span class='ocrx_word' id='word_1_870' title='bbox 1324 2877 1480 2912; x_wconf 87' lang='lat' dir='ltr'>cantabat</span> <span class='ocrx_word' id='word_1_871' title='bbox 1491 2877 1686 2925; x_wconf 70' lang='lat' dir='ltr'>Symbolum</span> <span class='ocrx_word' id='word_1_872' title='bbox 1699 2903 1709 2919; x_wconf 92' lang='lat'>‚</span> <span class='ocrx_word' id='word_1_873' title='bbox 1735 2880 1865 2922; x_wconf 86' lang='lat' dir='ltr'>penitus</span> <span class='ocrx_word' id='word_1_874' title='bbox 1878 2881 1971 2915; x_wconf 88' lang='lat' dir='ltr'>nulla</span> <span class='ocrx_word' id='word_1_875' title='bbox 1996 2880 2050 2917; x_wconf 84' lang='lat' dir='ltr'>ad-</span> 
     </span>
     <span class='ocr_line' id='line_1_139' title="bbox 1170 2927 1695 2970; baseline -0.004 -7"><span class='ocrx_word' id='word_1_876' title='bbox 1170 2928 1268 2963; x_wconf 89' lang='lat' dir='ltr'>debat</span> <span class='ocrx_word' id='word_1_877' title='bbox 1278 2928 1329 2962; x_wconf 86' lang='lat' dir='ltr'>illi</span> <span class='ocrx_word' id='word_1_878' title='bbox 1342 2952 1353 2968; x_wconf 90' lang='lat'>‚</span> <span class='ocrx_word' id='word_1_879' title='bbox 1380 2927 1440 2961; x_wconf 79' lang='lat' dir='ltr'>nist</span> <span class='ocrx_word' id='word_1_880' title='bbox 1452 2928 1601 2970; x_wconf 85' lang='lat' dir='ltr'>Hispana</span> <span class='ocrx_word' id='word_1_881' title='bbox 1614 2929 1695 2962; x_wconf 83' lang='lat' dir='ltr'>sola.</span> 
     </span>
    </p>

    <p class='ocr_par' dir='ltr' id='par_1_15' title="bbox 1159 2977 2051 3581">
     <span class='ocr_line' id='line_1_140' title="bbox 1220 2977 2050 3025; baseline 0.005 -13"><span class='ocrx_word' id='word_1_882' title='bbox 1220 2978 1354 3025; x_wconf 80' lang='lat' dir='ltr'>Eisdem</span> <span class='ocrx_word' id='word_1_883' title='bbox 1380 2978 1474 3011; x_wconf 83' lang='lat' dir='ltr'>annis</span> <span class='ocrx_word' id='word_1_884' title='bbox 1498 2988 1667 3020; x_wconf 84' lang='lat' dir='ltr'>coeperunt</span> <span class='ocrx_word' id='word_1_885' title='bbox 1687 2977 1822 3021; x_wconf 88' lang='lat' dir='ltr'>quidam</span> <span class='ocrx_word' id='word_1_886' title='bbox 1833 2981 1936 3015; x_wconf 79' lang='lat' dir='ltr'>Graeci</span> <span class='ocrx_word' id='word_1_887' title='bbox 1963 2981 2050 3016; x_wconf 82' lang='lat' dir='ltr'>circa</span> 
     </span>
     <span class='ocr_line' id='line_1_141' title="bbox 1172 3026 2051 3070; baseline 0.002 -7"><span class='ocrx_word' id='word_1_888' title='bbox 1172 3031 1200 3063; x_wconf 85' lang='lat' dir='ltr'>sa</span> <span class='ocrx_word' id='word_1_889' title='bbox 1206 3028 1268 3062; x_wconf 72' lang='lat' dir='ltr'>nsti</span> <span class='ocrx_word' id='word_1_890' title='bbox 1283 3026 1418 3070; x_wconf 82' lang='lat' dir='ltr'>Spiritus</span> <span class='ocrx_word' id='word_1_891' title='bbox 1430 3026 1674 3062; x_wconf 84' lang='lat' dir='ltr'>Proceffionetn</span> <span class='ocrx_word' id='word_1_892' title='bbox 1685 3031 1925 3064; x_wconf 84' lang='lat' dir='ltr'>contumaciter</span> <span class='ocrx_word' id='word_1_893' title='bbox 1936 3030 2051 3066; x_wconf 87' lang='lat' dir='ltr'>delira-</span> 
     </span>
     <span class='ocr_line' id='line_1_142' title="bbox 1171 3075 2051 3119; baseline 0.003 -6"><span class='ocrx_word' id='word_1_894' title='bbox 1171 3091 1204 3113; x_wconf 90' lang='lat' dir='ltr'>re</span> <span class='ocrx_word' id='word_1_895' title='bbox 1215 3103 1226 3119; x_wconf 89' lang='lat'>‚</span> <span class='ocrx_word' id='word_1_896' title='bbox 1251 3077 1354 3111; x_wconf 86' lang='lat' dir='ltr'>&amp;ista</span> <span class='ocrx_word' id='word_1_897' title='bbox 1366 3077 1407 3111; x_wconf 91' lang='lat' dir='ltr'>de</span> <span class='ocrx_word' id='word_1_898' title='bbox 1418 3088 1450 3111; x_wconf 86' lang='lat' dir='ltr'>re</span> <span class='ocrx_word' id='word_1_899' title='bbox 1462 3076 1571 3111; x_wconf 86' lang='lat' dir='ltr'>scribit</span> <span class='ocrx_word' id='word_1_900' title='bbox 1592 3076 1628 3110; x_wconf 89' lang='lat' dir='ltr'>in</span> <span class='ocrx_word' id='word_1_901' title='bbox 1640 3075 1810 3115; x_wconf 87' lang='lat' dir='ltr'>Chronico</span> <span class='ocrx_word' id='word_1_902' title='bbox 1820 3078 1900 3114; x_wconf 87' lang='lat' dir='ltr'>Ado</span> <span class='ocrx_word' id='word_1_903' title='bbox 1914 3079 2051 3115; x_wconf 84' lang='lat' dir='ltr'>Archie-</span> 
     </span>
     <span class='ocr_line' id='line_1_143' title="bbox 1172 3123 2049 3174; baseline 0.002 -12"><span class='ocrx_word' id='word_1_904' title='bbox 1172 3130 1320 3172; x_wconf 85' lang='lat' dir='ltr'>piscopus</span> <span class='ocrx_word' id='word_1_905' title='bbox 1332 3126 1528 3161; x_wconf 68' lang='lat' dir='ltr'>Viennensis</span> <span class='ocrx_word' id='word_1_906' title='bbox 1541 3140 1551 3161; x_wconf 90' lang='lat'><em>:</em></span> <span class='ocrx_word' id='word_1_907' title='bbox 1577 3123 1706 3165; x_wconf 71' lang='lat' dir='ltr'>synodus</span> <span class='ocrx_word' id='word_1_908' title='bbox 1717 3141 1829 3173; x_wconf 87' lang='lat' dir='ltr'>magna</span> <span class='ocrx_word' id='word_1_909' title='bbox 1843 3133 2049 3174; x_wconf 82' lang='lat' dir='ltr'>Grani-Aquis</span> 
     </span>
     <span class='ocr_line' id='line_1_144' title="bbox 1171 3180 2050 3225; baseline 0.001 -12"><span class='ocrx_word' id='word_1_910' title='bbox 1171 3186 1361 3223; x_wconf 87' lang='lat' dir='ltr'>congregatur</span> <span class='ocrx_word' id='word_1_911' title='bbox 1373 3189 1452 3210; x_wconf 83' lang='lat' dir='ltr'>anno</span> <span class='ocrx_word' id='word_1_912' title='bbox 1463 3181 1686 3211; x_wconf 83' lang='lat' dir='ltr'>Incarnationis</span> <span class='ocrx_word' id='word_1_913' title='bbox 1711 3182 1834 3213; x_wconf 78' lang='lat' dir='ltr'>Domini</span> <span class='ocrx_word' id='word_1_914' title='bbox 1852 3180 2050 3225; x_wconf 59' lang='lat' dir='ltr'>odingentefi·</span> 
     </span>
     <span class='ocr_line' id='line_1_145' title="bbox 1170 3227 2049 3274; baseline 0.005 -14"><span class='ocrx_word' id='word_1_915' title='bbox 1170 3241 1215 3264; x_wconf 84' lang='lat' dir='ltr'>mo</span> <span class='ocrx_word' id='word_1_916' title='bbox 1227 3239 1299 3261; x_wconf 91' lang='lat' dir='ltr'>nono</span> <span class='ocrx_word' id='word_1_917' title='bbox 1310 3252 1321 3267; x_wconf 95' lang='lat'><strong><em>,</em></strong></span> <span class='ocrx_word' id='word_1_918' title='bbox 1345 3233 1379 3260; x_wconf 78' lang='lat' dir='ltr'>in</span> <span class='ocrx_word' id='word_1_919' title='bbox 1388 3239 1448 3269; x_wconf 87' lang='lat' dir='ltr'>qua</span> <span class='ocrx_word' id='word_1_920' title='bbox 1457 3227 1564 3266; x_wconf 74' lang='lat' dir='ltr'>synodo</span> <span class='ocrx_word' id='word_1_921' title='bbox 1575 3228 1611 3260; x_wconf 89' lang='lat' dir='ltr'>de</span> <span class='ocrx_word' id='word_1_922' title='bbox 1624 3229 1794 3269; x_wconf 77' lang='lat' dir='ltr'>Proceffione</span> <span class='ocrx_word' id='word_1_923' title='bbox 1808 3232 1939 3272; x_wconf 80' lang='lat' dir='ltr'>spiritus</span> <span class='ocrx_word' id='word_1_924' title='bbox 1946 3229 2049 3274; x_wconf 70' lang='lat' dir='ltr'>sanc‘h‘</span> 
     </span>
     <span class='ocr_line' id='line_1_146' title="bbox 1171 3276 2049 3322; baseline 0.005 -13"><span class='ocrx_word' id='word_1_925' title='bbox 1171 3278 1286 3322; x_wconf 73' lang='lat' dir='ltr'>quaestio</span> <span class='ocrx_word' id='word_1_926' title='bbox 1306 3282 1427 3322; x_wconf 81' lang='lat' dir='ltr'>agitur,</span> <span class='ocrx_word' id='word_1_927' title='bbox 1451 3285 1553 3310; x_wconf 85' lang='lat' dir='ltr'>utrum</span> <span class='ocrx_word' id='word_1_928' title='bbox 1570 3276 1645 3319; x_wconf 85' lang='lat' dir='ltr'>ficut</span> <span class='ocrx_word' id='word_1_929' title='bbox 1661 3281 1798 3319; x_wconf 67' lang='lat' dir='ltr'>procedit</span> <span class='ocrx_word' id='word_1_930' title='bbox 1817 3282 1838 3312; x_wconf 62' lang='lat' dir='ltr'>a*</span> <span class='ocrx_word' id='word_1_931' title='bbox 1861 3283 1977 3321; x_wconf 84' lang='lat' dir='ltr'>Patre,</span> <span class='ocrx_word' id='word_1_932' title='bbox 2004 3286 2049 3314; x_wconf 82' lang='lat' dir='ltr'>ita</span> 
     </span>
     <span class='ocr_line' id='line_1_147' title="bbox 1159 3325 2050 3375; baseline 0.004 -17"><span class='ocrx_word' id='word_1_933' title='bbox 1159 3329 1307 3372; x_wconf 86' lang='lat' dir='ltr'>.procedat</span> <span class='ocrx_word' id='word_1_934' title='bbox 1328 3330 1349 3360; x_wconf 78' lang='grc' dir='ltr'><em>ἃ</em></span> <span class='ocrx_word' id='word_1_935' title='bbox 1369 3325 1447 3369; x_wconf 84' lang='lat' dir='ltr'>filio.</span> <span class='ocrx_word' id='word_1_936' title='bbox 1477 3329 1562 3361; x_wconf 74' lang='lat' dir='ltr'>Hanc</span> <span class='ocrx_word' id='word_1_937' title='bbox 1582 3327 1765 3370; x_wconf 70' lang='lat' dir='ltr'>quaestionem</span> <span class='ocrx_word' id='word_1_938' title='bbox 1778 3333 1923 3375; x_wconf 86' lang='lat' dir='ltr'>Joannes</span> <span class='ocrx_word' id='word_1_939' title='bbox 1948 3334 2050 3363; x_wconf 81' lang='lat' dir='ltr'>Mona-</span> 
     </span>
     <span class='ocr_line' id='line_1_148' title="bbox 1170 3375 2049 3424; baseline 0.003 -13"><span class='ocrx_word' id='word_1_940' title='bbox 1170 3379 1240 3412; x_wconf 84' lang='lat' dir='ltr'>chus</span> <span class='ocrx_word' id='word_1_941' title='bbox 1252 3375 1528 3420; x_wconf 73' lang='lat' dir='ltr'>]-lierofhlymitanus</span> <span class='ocrx_word' id='word_1_942' title='bbox 1551 3387 1707 3418; x_wconf 72' lang='lat' dir='ltr'>moverat,</span> <span class='ocrx_word' id='word_1_943' title='bbox 1735 3380 1800 3413; x_wconf 76' lang='lat' dir='ltr'>cum</span> <span class='ocrx_word' id='word_1_944' title='bbox 1821 3381 1936 3424; x_wconf 82' lang='lat' dir='ltr'>Regula</span> <span class='ocrx_word' id='word_1_945' title='bbox 1962 3382 1996 3413; x_wconf 69' lang='grc'>(9·</span> <span class='ocrx_word' id='word_1_946' title='bbox 2011 3379 2049 3422; x_wconf 84' lang='lat' dir='ltr'>fi-</span> 
     </span>
     <span class='ocr_line' id='line_1_149' title="bbox 1172 3425 2048 3471; baseline -0.001 -10"><span class='ocrx_word' id='word_1_947' title='bbox 1172 3431 1222 3462; x_wconf 85' lang='lat' dir='ltr'>des</span> <span class='ocrx_word' id='word_1_948' title='bbox 1234 3427 1428 3470; x_wconf 75' lang='lat' dir='ltr'>Ecclesiastico</span> <span class='ocrx_word' id='word_1_949' title='bbox 1434 3425 1537 3469; x_wconf 82' lang='lat' dir='ltr'>firmet</span> <span class='ocrx_word' id='word_1_950' title='bbox 1548 3429 1693 3470; x_wconf 80' lang='lat' dir='ltr'>spiritum</span> <span class='ocrx_word' id='word_1_951' title='bbox 1699 3427 1839 3471; x_wconf 69' lang='lat' dir='ltr'>sanllum</span> <span class='ocrx_word' id='word_1_952' title='bbox 1860 3432 1880 3463; x_wconf 84' lang='grc' dir='ltr'><em>ᾶ</em></span> <span class='ocrx_word' id='word_1_953' title='bbox 1894 3433 1988 3462; x_wconf 88' lang='lat' dir='ltr'>Patre</span> <span class='ocrx_word' id='word_1_954' title='bbox 2013 3430 2048 3461; x_wconf 72' lang='grc'>6·</span> 
     </span>
     <span class='ocr_line' id='line_1_150' title="bbox 1175 3477 2048 3523; baseline 0.001 -12"><span class='ocrx_word' id='word_1_955' title='bbox 1175 3480 1251 3511; x_wconf 81' lang='lat' dir='ltr'>Filio</span> <span class='ocrx_word' id='word_1_956' title='bbox 1256 3478 1478 3519; x_wconf 58' lang='lat' dir='ltr'>procedet-&#39;non</span> <span class='ocrx_word' id='word_1_957' title='bbox 1488 3487 1644 3518; x_wconf 79' lang='lat' dir='ltr'>creatum,</span> <span class='ocrx_word' id='word_1_958' title='bbox 1668 3489 1726 3512; x_wconf 87' lang='lat' dir='ltr'>non</span> <span class='ocrx_word' id='word_1_959' title='bbox 1733 3485 1890 3523; x_wconf 83' lang='lat' dir='ltr'>genitum,</span> <span class='ocrx_word' id='word_1_960' title='bbox 1916 3477 1970 3517; x_wconf 78' lang='lat' dir='ltr'>sed</span> <span class='ocrx_word' id='word_1_961' title='bbox 1991 3479 2048 3509; x_wconf 75' lang='lat' dir='ltr'>Pa-</span> 
     </span>
     <span class='ocr_line' id='line_1_151' title="bbox 1172 3526 2049 3581; baseline -0.001 -19"><span class='ocrx_word' id='word_1_962' title='bbox 1172 3534 1212 3562; x_wconf 86' lang='lat' dir='ltr'>tri</span> <span class='ocrx_word' id='word_1_963' title='bbox 1225 3529 1259 3563; x_wconf 58' lang='lat' dir='ltr'>&lt;a</span> <span class='ocrx_word' id='word_1_964' title='bbox 1270 3529 1349 3562; x_wconf 76' lang='lat' dir='ltr'>Filio</span> <span class='ocrx_word' id='word_1_965' title='bbox 1358 3535 1536 3572; x_wconf 80' lang='lat' dir='ltr'>coaeternum</span> <span class='ocrx_word' id='word_1_966' title='bbox 1560 3529 1596 3563; x_wconf 68' lang='grc' dir='ltr'>ά</span> <span class='ocrx_word' id='word_1_967' title='bbox 1609 3527 1900 3572; x_wconf 73' lang='lat' dir='ltr'>consubstantialem.</span> <span class='ocrx_word' id='word_1_968' title='bbox 1926 3526 1972 3581; x_wconf 74' lang='lat' dir='ltr'>Et</span> <span class='ocrx_word' id='word_1_969' title='bbox 1987 3526 2049 3561; x_wconf 84' lang='lat' dir='ltr'>Re-</span> 
     </span>
    </p>

    <p class='ocr_par' dir='ltr' id='par_1_16' title="bbox 1900 3586 1983 3621">
     <span class='ocr_line' id='line_1_152' title="bbox 1900 3586 1983 3621; baseline 0.036 -14"><span class='ocrx_word' id='word_1_970' title='bbox 1900 3586 1983 3621; x_wconf 78' lang='lat' dir='ltr'>gxno</span> 
     </span>
    </p>
   </div>
   <div class='ocr_carea' id='block_1_12' title="bbox 1155 975 2102 1018">
    <p class='ocr_par' dir='ltr' id='par_1_17' title="bbox 1155 975 2102 1018">
     <span class='ocr_line' id='line_1_153' title="bbox 1155 975 2102 1018; baseline 0.01 -11"><span class='ocrx_word' id='word_1_971' title='bbox 1155 975 1212 1018; x_wconf 83' lang='lat' dir='ltr'>pfit</span> <span class='ocrx_word' id='word_1_972' title='bbox 1234 975 1268 1008; x_wconf 92' lang='lat' dir='ltr'>in</span> <span class='ocrx_word' id='word_1_973' title='bbox 1292 975 1427 1016; x_wconf 85' lang='lat' dir='ltr'>Gallia,</span> <span class='ocrx_word' id='word_1_974' title='bbox 1453 975 1627 1013; x_wconf 68' lang='lat' dir='ltr'>Austoris.</span> <span class='ocrx_word' id='word_1_975' title='bbox 1653 978 1749 1016; x_wconf 68' lang='lat' dir='ltr'>Alibi</span> <span class='ocrx_word' id='word_1_976' title='bbox 1775 980 1811 1017; x_wconf 84' lang='lat' dir='ltr'>id</span> <span class='ocrx_word' id='word_1_977' title='bbox 1837 980 1884 1017; x_wconf 79' lang='lat' dir='ltr'>est</span> <span class='ocrx_word' id='word_1_978' title='bbox 1904 980 2040 1017; x_wconf 73' lang='lat' dir='ltr'>abunde</span> <span class='ocrx_word' id='word_1_979' title='bbox 2095 1008 2102 1013; x_wconf 86' lang='lat'><em>.</em></span> 
     </span>
    </p>
   </div>
  </div>
 </body>
</html>
