2346 3776
675 64 986 122 Scuotns,
1022 82 1084 111 ετ
1119 78 1292 112 nous
1328 64 1687 118 ittusrRAu.
1917 92 2016 137 403

240 145 397 221 'aliquo
419 146 612 200 fulminis
648 152 857 218 percellat
884 154 1061 218 'impetu
1089 188 1103 214 ,
1140 154 1289 220 itaque
1324 171 1418 203 eam
1443 156 1736 222 perturbatam
1757 193 1770 220 ,
1807 160 2067 228 perversam-

242 241 331 290 que
365 221 516 271 reddat
540 257 553 280 ,
589 236 637 270 ut
673 225 717 270 &
752 221 809 270 ab
844 223 1014 271 utilium
1041 259 1056 283 ,
1093 222 1452 291 honestorumque
1488 224 1767 289 indagatione
1801 228 2065 293 abducatur,

243 298 288 342 &
323 292 377 341 ad
411 309 460 340 ea
486 329 499 351 ,
534 308 631 357 quae
666 307 818 340 natura
853 291 908 340 ad
944 291 1181 341 laedendum
1217 292 1311 343 sunt
1346 312 1598 363 comparata
1631 334 1645 360 ,
1682 294 1819 365 specie
1855 301 2064 350 bonitatis
2134 324 2135 328 ¹

241 360 532 430 persequenda
568 363 815 429 impellatur
840 400 853 411 .
890 364 998 414 Tale
1033 362 1243 429 quiddam
1279 363 1528 416 sanaiffimo
1575 367 1639 415 illi
1675 369 2063 437 religiosissimoque

241 434 341 481 viro
376 433 601 480 Eustathio
625 431 849 494 contigisse
872 431 1155 496 cognovimus
1180 470 1193 482 .
1229 434 1333 482 Rite
1362 439 1478 484 enim
1515 453 1564 484 ac
1595 435 1824 486 secundum
1849 444 2062 500 Canones‚

241 517 291 551 ut
331 506 529 551 omnium
555 502 805 551 testimonio
844 503 1050 571 probatur
1074 540 1087 565 ,
1122 505 1277 552 elestus
1302 504 1362 556 est
1386 542 1397 554 .
1449 506 1597 554 Postea
1625 507 1730 560 vero
1767 508 1869 557 cum
1910 511 1955 556 in
1997 525 2063 557 tu-

241 573 430 620 multum
455 571 479 622 a
507 573 725 621 nonnullis
749 609 762 632 ,
799 589 846 622 ut
884 573 994 624 dicit
1018 611 1031 634 ,
1067 579 1301 640 pertractus
1325 573 1423 623 esset
1450 611 1463 635 ,
1499 575 1734 643 subitisque
1770 595 1820 626 ac
1848 577 2062 646 inspiratis

241 641 434 709 undique
460 644 587 691 malis
613 641 918 710 circumseptus
956 645 974 704 (
996 644 1094 693 cum
1123 643 1240 693 usum
1264 647 1310 692 in
1333 645 1457 693 rebus
1482 645 1679 708 gerendis
1712 646 1944 696 admodum
1972 651 2062 697 exi-

240 730 373 775 guum
403 712 580 764 haberet
603 750 616 775 ,
652 717 669 774 )
705 713 902 762 sustinere
938 729 1027 766 tam
1053 715 1212 763 multas
1237 752 1250 776 ,
1288 729 1464 782 tamque
1484 729 1672 778 graves,
1709 735 1805 783 quae
1829 721 1869 766 ei
1895 721 2065 767 incum-

240 782 403 831 bebant
427 820 440 843 ,
475 801 597 831 curas
622 801 709 831 non
735 784 869 833 vellet
890 821 903 844 ,
939 802 1017 832 nec
1042 784 1227 834 refutare
1250 801 1398 833 eorum
1420 821 1433 845 ,
1470 788 1546 851 qui
1586 785 1723 853 ipsum
1769 786 2062 849 adorirentur,

240 853 469 901 maledic‘ta
491 890 505 912 ,
540 854 641 902 cum
666 851 801 921 posset
839 876 852 913 3
900 853 1176 905 recusationis
1212 859 1254 904 δε
1280 854 1566 905 abdicationis
1591 856 1752 904 obtulit
1792 857 1936 905 nescio
1973 876 2064 924 quo

240 928 368 990 paeto
395 922 588 971 libellum
620 949 630 970 .·
667 942 801 990 quum
832 923 984 975 contra
1008 923 1238 992 oportebat
1263 942 1359 973 eam
1386 963 1400 986 ,
1435 943 1567 991 quarn
1599 925 1724 977 semel
1754 925 1855 976 fidei
1884 926 1964 976 suae
2003 926 2064 975 sa-

237 992 503 1042 cerdotalem
531 1011 678 1042 curam
705 993 968 1045 commissam
996 995 1203 1044 habuerat
1226 1033 1240 1056 ,
1278 994 1532 1044 fortitudine
1567 994 1746 1062 spiritali
1786 1012 1928 1046 tenere
1952 1034 1964 1058 ,
2002 999 2067 1047 la-,

238 1061 363 1111 bores
390 1062 527 1114 subire
550 1101 563 1124 ,
601 1081 652 1113 ac
683 1067 829 1115 animo
857 1067 1023 1115 volenti
1048 1064 1242 1117 sudorem
1266 1102 1279 1125 ,
1315 1069 1384 1117 cui
1413 1083 1573 1114 merces
1610 1066 1826 1134 proposita
1862 1068 1922 1115 est
1947 1105 1961 1128 ,
1998 1066 2062 1115 su-

237 1132 390 1182 stinere
419 1171 432 1181 .
470 1139 579 1201 Qae
605 1134 832 1197 diligentia
873 1137 1082 1206 quoniam
1121 1138 1166 1182 in
1193 1137 1277 1183 hoc
1307 1135 1454 1202 aperte
1494 1135 1727 1184 desiderata
1757 1136 1840 1184 fuit
1878 1141 1894 1197 (
1921 1136 1966 1184 id
1997 1153 2062 1186 ta-

235 1221 336 1251 men
363 1222 415 1252 cx
452 1207 611 1267 exiguo
638 1213 777 1255 rerum
804 1204 876 1254 usu
903 1205 1050 1272 potius
1081 1242 1095 1265 ,
1130 1204 1263 1272 quam
1290 1224 1342 1254 ex
1368 1208 1550 1269 ignaviae
1573 1243 1587 1266 ,
1622 1205 1876 1273 defidiaeque
1904 1208 2017 1256 vitio
2044 1211 2060 1269 )

234 1291 325 1321 non
353 1274 438 1323 levi
465 1274 668 1340 equidem
694 1275 818 1324 causa
844 1313 857 1335 ,
892 1293 988 1342 quae
1013 1275 1149 1323 vestra
1176 1278 1314 1342 pietas
1341 1276 1401 1328 est
1423 1313 1436 1336 ,
1473 1292 1757 1325 memoratum
1797 1279 1886 1325 Dei
1913 1294 2062 1326 aman„

236 1342 442 1391 tiffimum
471 1344 645 1394 fratrem
672 1346 859 1394 nostrum
886 1382 899 1406 ,
949 1363 999 1394 ac
1038 1348 1084 1393 in
1111 1345 1356 1412 Episcopali
1384 1345 1596 1408 dignitate
1632 1348 1844 1409 collegam
1868 1384 1882 1407 ,
1919 1348 2064 1395 Theo-

234 1411 390 1462 dorum
430 1415 586 1477 eligere
616 1416 825 1483 compulsi
863 1415 961 1464 estis
995 1452 1009 1475 ,
1059 1418 1135 1480 qui
1161 1414 1305 1468 curam
1336 1416 1531 1468 Ecclefiae
1569 1415 1780 1468 subiturus
1809 1417 1860 1470 fit
1885 1453 1898 1463 .
1947 1416 2063 1467 Indi-

233 1500 368 1545 gnum
393 1488 555 1552 quippe
586 1484 724 1538 fuisset
746 1521 759 1542 ,
794 1483 971 1532 viduam
997 1500 1169 1531 manere
1194 1485 1427 1532 Ecclesiam
1452 1521 1464 1544 ,
1502 1484 1727 1546 indignum
1754 1485 1924 1533 Pastore
1949 1503 2064 1533 care-

231 1569 279 1606 re
305 1554 539 1601 Salvatoris
565 1552 696 1600 nostri
721 1553 881 1603 ovilia.
921 1555 1140 1622 Qoniam
1165 1553 1267 1613 ergo
1294 1555 1397 1605 flens
1428 1570 1628 1615 rogatum
1655 1557 1777 1602 venit
1804 1555 2063 1617 Eustathius,

230 1638 333 1669 cum
360 1621 612 1671 sanfflssimo
638 1620 871 1671 Theodoro
897 1621 1114 1688 Episcopo
1138 1638 1223 1669 non
1249 1621 1303 1669 de
1333 1625 1516 1671 civitate
1538 1623 1784 1689 recipienda
1808 1661 1821 1683 ,
1858 1642 1946 1674 non
1974 1625 2062 1681 de,⁴

231 1691 423 1739 Ecclesia
447 1689 672 1741 decertans
695 1728 708 1750 ,
745 1689 816 1739 sed
840 1690 977 1740 solum
1011 1690 1279 1758 Episcopalis
1305 1694 1492 1740 nominis
1520 1693 1727 1741 honorem
1776 1710 1825 1742 ac
1866 1700 2062 1745 vocatio-

232 1779 335 1811 nem
361 1777 564 1828 expetens
592 1782 603 1810 :
652 1762 842 1816 hominis
879 1778 957 1810 nos
983 1760 1166 1813 senectus
1206 1760 1303 1812 sane
1341 1764 1582 1812 commovit
1613 1762 1828 1814 universos
1853 1785 1866 1822 3
1903 1783 1982 1814 nec
2015 1783 2063 1818 ut

231 1834 428 1899 privatas
453 1837 542 1897 ejus
569 1832 783 1898 lacrymas
812 1868 824 1891 ,
862 1829 933 1880 sed
959 1847 1167 1898 tanquam
1204 1849 1454 1880 communes
1491 1848 1740 1899 reputantes
1763 1870 1776 1893 ,
1813 1836 2063 1901 inquirere„

231 1900 469 1952 studuimus
492 1938 505 1962 ,
542 1901 839 1964 legitimamne
862 1900 999 1969 passus
1025 1900 1124 1953 esset
1151 1917 1411 1953 memoratus
1437 1904 1503 1952 vir
1541 1902 1855 1970 depositionem
1882 1941 1894 1964 ,
1931 1923 1986 1954 an
2009 1905 2065 1955 de

228 1970 423 2022 absurdis
451 1971 572 2019 factis
596 1970 771 2025 distisve
799 1975 1021 2021 convictus
1058 1970 1159 2021 effet
1184 2009 1197 2032 ,
1231 1971 1570 2021 obtrestantibus
1608 1975 1825 2022 nonnullis
1862 1974 2065 2025 adversus

227 2042 360 2109 ipsius
384 2042 770 2092 existimationem:
796 2044 1039 2109 Statimque
1064 2045 1297 2110 reperimus
1321 2044 1541 2091 hominem
1568 2043 1677 2090 nihil
1706 2043 1946 2108 hujusmodi
1969 2065 2065 2114 per-

166 2157 170 2160 .
228 2111 413 2179 petraffe
439 2149 451 2171 ,
487 2110 560 2161 sed
584 2112 732 2180 potius
758 2113 822 2161 illi
848 2131 928 2180 pro
952 2115 1132 2162 crimine
1157 2111 1469 2163 recusationem
1496 2112 1629 2163 officii
1655 2116 1767 2162 vitio
1792 2112 2066 2168 datamff'uis-

146 3304 168 3366 χ
222 3317 225 3319 ,

230 2181 301 2230 se.
338 2181 469 2232 Unde
495 2200 635 2248 neque
660 2185 738 2253 pio
764 2183 905 2232 vestro
929 2182 1068 2232 studio
1091 2181 1424 2243 succensuimus,
1461 2201 1553 2250 quo
1578 2186 1623 2231 in
1648 2185 1764 2231 illius
1790 2185 1936 2236 locum
1961 2205 2065 2235 con-

224 2254 456 2304 ›venienter
479 2252 702 2320 praedicsstus
728 2251 982 2305 reverendus
1007 2253 1244 2321 Episcopus
1259 2252 1510 2302 Theodorus
1535 2252 1725 2304 suffe<5tus
1750 2253 1833 2302 est:
1862 2253 1933 2303 sed
1958 2260 2062 2323 quia

223 2320 436 2371 ,adversus
464 2327 552 2388 ejus
578 2325 769 2372 animum
802 2321 828 2371 a
853 2325 1039 2385 negotiis
1063 2322 1259 2386 gerendis
1297 2339 1509 2373 remotum
1536 2341 1622 2372 non
1660 2322 1893 2374 admodum
1918 2325 2062 2376 decen

229 2406 326 2441 tare
351 2395 548 2459 oportuit
575 2429 589 2452 ,
622 2391 696 2440 sed
719 2392 905 2444 miserari
929 2393 1076 2461 potius
1101 2393 1243 2444 senem
1267 2429 1280 2452 ,
1316 2396 1391 2461 qui
1435 2395 1584 2460 procul
1610 2392 1666 2441 ab
1688 2394 1791 2443 urbe
1813 2432 1825 2455 ,
1864 2398 1908 2443 in
1935 2415 2063 2464 qua„

225 2477 358 2512 natus
388 2461 526 2511 fuerat
551 2498 564 2522 ,
600 2466 643 2510 δε
669 2460 695 2510 a
720 2465 872 2530 patriis
900 2462 1059 2512 aedibus
1085 2463 1251 2513 tamdiu
1278 2461 1474 2513 abfuiffet
1506 2501 1519 2524 ,
1553 2464 1707 2528 justum
1732 2501 1745 2525 ‚
1779 2469 2062 2533 testumque,

229 2530 312 2580 effe
335 2530 590 2593 definimus,
625 2547 674 2579 ut
698 2531 857 2600 absque
881 2536 1000 2582 omni
1026 2533 1366 2583 contradicitione
1401 2537 1443 2581 δε
1469 2551 1627 2582 nomen
1651 2536 1834 2583 retineat
1859 2535 2060 2604 Episcopi

228 2602 511 2653 &honorem
534 2640 548 2663 ,
582 2606 626 2650 &
650 2605 998 2653 communionem
1025 2625 1036 2653 :
1073 2622 1123 2653 ea
1150 2619 1295 2654 tamen
1322 2604 1439 2666 lege,
1475 2619 1522 2651 ut
1548 2620 1690 2670 neque
1714 2603 1941 2655 ordinandi
1971 2606 2059 2674 ipse

229 2675 531 2722 auctoritatem
557 2672 739 2733 habeat,
766 2691 907 2740 neque
931 2674 1006 2723 ubi
1031 2677 1076 2722 in
1101 2675 1220 2723 illam
1246 2674 1477 2723 Ecclefiam
1505 2676 1695 2733 venerit,
1720 2691 1771 2721 ex
1796 2678 1970 2741 propria
1996 2675 2057 2725 sa-

227 2740 395 2790 crificet
420 2745 675 2792 auditoritate
700 2780 711 2803 ‚
747 2744 826 2793 nisi
851 2743 897 2792 id
925 2744 1001 2797 fibi
1038 2746 1108 2793 vel
1133 2742 1365 2808 adjuvandi
1388 2742 1510 2791 causa
1536 2778 1548 2803 ,
1586 2744 1654 2792 vel
1685 2744 1959 2794 concessionis
1990 2764 2056 2800 ra-

228 2813 376 2871 tione,
414 2811 563 2868 assastu
587 2851 600 2874 ,
637 2831 869 2880 amoreque
894 2814 1146 2864 Christiano
1171 2813 1197 2863 a
1227 2814 1356 2864 fratre
1392 2818 1434 2862 &
1459 2812 1732 2880 Coepiscopo
1756 2850 1768 2874 ,
1805 2814 1834 2862 fi
1866 2817 1928 2862 ita
1953 2834 2055 2865 con-

227 2882 379 2942 tigerit
404 2917 417 2941 ,
464 2882 700 2931 liberaliter
737 2882 951 2933 deferatur
979 2921 991 2932 .
1042 2883 1176 2952 Qod
1214 2885 1243 2933 si
1269 2901 1347 2933 vos
1372 2883 1426 2933 de
1450 2901 1503 2932 eo
1540 2883 1691 2932 melius
1719 2884 1941 2932 consilium
1978 2902 2053 2934 aut

227 2967 342 2998 nunc
369 2952 580 3018 explicare
603 2953 784 3020 potestis
808 2991 821 3014 ,
857 2970 931 3003 aut
960 2957 1006 3002 in
1029 2957 1243 3021 posterum
1268 2955 1481 3021 explicare
1506 2952 1728 3006 studebitis
1751 2989 1763 3016 ,
1799 2970 1968 3016 gratum
2008 2955 2054 3007 id

225 3023 361 3070 etiam
386 3058 400 3082 ,
436 3039 751 3090 acceptumque
786 3022 934 3074 santitae
970 3024 1147 3095 Synodo
1185 3024 1374 3075 futurum
1414 3024 1499 3073 est.

459 3146 487 3190 ‘S
500 3146 540 3192 C
553 3147 597 3193 H
612 3148 657 3192 O
671 3149 706 3193 L
720 3148 739 3193 Ι
754 3150 799 3194 O
814 3148 863 3195 N
875 3182 885 3193 ,
1178 3148 1226 3180 cia
1249 3159 1317 3181 non
1340 3146 1468 3181 accessit
1488 3169 1495 3177 .
1524 3145 1710 3180 Laudamus
1744 3158 1811 3181 non
1840 3147 2050 3182 solummodo

1177 3200 1310 3232 Sanstos
1344 3196 1552 3239 Cyprianum
1577 3220 1588 3236 ,
1625 3196 1840 3231 Athanasium
1864 3223 1874 3239 ‚
1910 3198 2051 3231 Ambro-
2099 3205 2103 3210 '

228 3242 231 3244 ’
320 3240 409 3275 Liud
444 3241 489 3276 est
512 3241 745 3288 Episcopatum
779 3245 939 3279 electione
959 3244 1105 3280 delatum
1176 3248 1280 3287 fium,
1307 3246 1507 3290 Gregorium
1533 3257 1712 3291 magnum,
1739 3247 1772 3281 δε
1793 3245 1956 3292 ἰδ’ςεηυε
1981 3246 2051 3289 plu-

349 3294 512 3333 retusare,
538 3293 628 3327 aliud
652 3294 718 3337 jam
744 3294 915 3328 admissum
936 3296 969 3329 &
991 3307 1107 3330 manus
1177 3297 1276 3331 timos
1293 3321 1304 3337 ,
1341 3297 1396 3340 qui
1419 3295 1512 3329 electi
1537 3296 1601 3330 sese
1627 3297 1874 3331 occultaverunt
1897 3320 1907 3335 ,
1940 3296 1992 3330 sed
2015 3297 2049 3329 ὃς

1177 3346 1397 3380 Ammonium
1424 3345 1633 3379 Monachum
1656 3370 1667 3387 ,
1694 3347 1750 3390 qui
1779 3350 1808 3379 se
1842 3345 2048 3389 irregulare-m

1176 3397 1333 3435 facturus,
1371 3407 1447 3429 aure
1471 3396 1659 3435 truncavit,
1686 3397 1827 3428 minatus
1846 3405 1994 3428 truncare
2014 3396 2049 3430 &

1147 3462 1151 3466 f
1177 3446 1307 3491 lingua.
1335 3445 1522 3480 Nilamnon
1533 3443 1745 3484 Monachus,
1770 3445 1826 3488 qui
1839 3455 1896 3488 pro
1912 3444 2048 3479 evaden-

1567 3495 1596 3528 E
1623 3505 1642 3527 e
1667 3505 1684 3527 e
1735 3505 1757 3529 2
1955 3495 2000 3529 do

227 3338 441 3386 ,impositione
465 3344 628 3378 firmatum
650 3345 832 3387 deponere.
860 3345 1008 3378 Primum
1032 3371 1043 3386 ,
1071 3346 1107 3378 li-

230 3387 283 3421 cet
312 3391 381 3421 nori
399 3392 521 3436 semper
539 3392 701 3427 admiserit
722 3420 732 3435 ‚
760 3396 882 3437 semper
906 3406 1015 3428 tamen
1040 3395 1105 3428 lau-

222 3435 326 3472 ·davit
350 3436 487 3477 Eceiefia
505 3468 514 3482 ‚
539 3444 616 3476 dum
629 3437 797 3485 praesertim
824 3445 924 3479 nimia
936 3455 1105 3479 contuma-

325 3491 463 3523 eanones
478 3497 561 3527 Cone.
577 3498 605 3525 E
603 3493 687 3536 phef
701 3497 806 3527 Tom.1.

2070 3430 2130 3458 Lg-
2146 3437 2222 3466 c.19.
