2346 3776
371 120 419 168 ,68

372 184 554 228 repudiatos.
579 185 647 225 Istis
659 183 853 217 Alexandr-ise
860 180 996 225 scribunt
1008 206 1018 222 ‚
1029 183 1188 222 &operam
1195 180 1244 213 de-

370 238 441 270 dere
453 258 463 273 ‚
488 243 523 266 ut
542 244 596 266 nos
616 232 870 276 persecutionibus
891 234 1112 266 divexaremur.
1140 231 1185 263 Et
1206 230 1240 263 in

234 303 292 339 1:01⁴
299 307 352 333 160
369 283 518 330 Epistola
530 283 571 317 ad
584 284 660 317 suos
670 281 879 318 Monachos:
905 283 1058 319 secundus
1071 272 1242 322 Pentapoli-

230 2763 347 2802 fol-539

369 345 484 378 tanus,
510 340 712 377 nominetenus
725 332 891 377 Epfiopu's
904 358 915 374 ,
937 333 1019 365 homo
1026 338 1157 364 omnium
1168 342 1243 363 mor-

368 387 479 420 talium
489 390 674 427 teterrimus,
685 383 807 428 ejusque
818 391 851 417 in
861 386 1061 427 conjuratione
1070 384 1090 414 5
1091 389 1168 415 ocius
1179 383 1242 415 Ste-

364 436 490 480 phanus
501 459 512 476 ,
538 447 595 468 non
603 433 742 479 ignarise
751 437 789 469 de
800 441 911 478 quavis
933 436 1049 480 injuria
1068 432 1103 465 ob
1125 430 1241 472 haerefis

362 493 500 535 gratiam
512 484 650 529 excusari
653 486 731 530 poffi’
744 509 754 526 ,
782 487 892 519 Barcae
911 486 1071 528 quemdam
1090 482 1235 520 Presbyte-

365 549 434 571 rum
445 537 526 570 nabit
535 561 547 578 ‚
561 543 676 580 nomine
689 537 809 579 quidem
817 537 949 580 secundo
954 533 1079 577 similem
1094 557 1103 573 ,
1113 533 1172 575 fide
1185 529 1243 573 dis-

358 586 544 630 fimillimum
555 612 565 628 ‚
576 585 644 629 istst}
658 598 715 631 non
725 587 975 631 obtemperantem
982 610 993 632 ‚
1016 583 1143 624 calcibus
1153 581 1243 614 obtri-

367 647 432 679 tum
443 637 665 682 interfecerunt.
693 637 794 671 Barca
806 638 852 672 est
866 635 975 677 Aridae
992 633 1108 675 Libyae
1116 631 1242 671 famosa

365 689 489 730 civitas
517 687 563 722 Et
574 687 609 722 in
622 686 706 731 libro
718 687 760 722 de
770 686 964 729 Seleucienst
985 696 1022 724 ac
1043 680 1242 723 Ariminenfi

365 737 504 781 Synodo
516 737 625 781 scribit
638 737 726 774 idem
737 736 934 782 Athanasius
942 734 984 771 de
997 731 1169 771 Acacianae
1186 733 1243 773 Fa-

363 787 483 830 ¹&ionis
494 788 580 832 apud
592 788 773 823 Seleuciam
786 786 878 831 Astis
891 798 898 819 z
927 788 1002 826 Rem
1013 784 1155 819 callidam
1165 781 1242 823 insti-

364 841 467 879 tuuntff'
493 840 707 872 Formidantes
720 844 799 879 enim
802 836 996 878 probationes
1011 832 1134 877 suorum
1154 837 1241 873 Accu-

359 886 495 933 sator-um
506 912 516 931 ‚
528 891 601 921 alios
614 887 746 924 homines
758 886 906 929 baereticae
917 885 1071 919 Fabianis
1077 883 1133 926 fibi
1145 884 1240 917 veluti

360 936 561 981 'mercenarios
581 939 626 970 ad
639 943 824 980 impietatem
843 935 979 970 adamas
993 960 1002 976 ‚
1029 936 1064 968 (⁰5
1075 936 1095 975 a
1107 937 1128 967 5
1129 934 1239 967 ecundo

358 994 419 1032 per
429 988 571 1026 synodum
583 990 753 1020 Maximam
764 987 954 1020 exaudiorato
964 987 1009 1018 ad
1027 986 1171 1019 Ordinem
1181 987 1241 1016 Ec-

362 1036 543 1080 cless‘asticum
548 1044 699 1079 promotos
711 1062 721 1077 ,
734 1043 766 1070 in
771 1036 944 1080 societatem
955 1037 1128 1077 adjunxere
1139 1060 1149 1075 ‚
1160 1041 1240 1076 inter

360 1098 434 1130 quos
441 1085 572 1128 suerunt
583 1087 680 1126 Libyci
691 1087 823 1120 homines
836 1112 847 1128 ,
871 1089 892 1130 ,ς
893 1085 1041 1129 tephanus
1055 1110 1065 1126 ,
1085 1087 1106 1118 5
1107 1091 1171 1117 iras
1186 1109 1196 1125 ‚
1208 1085 1242 1118 (5

361 1138 445 1170 Pollu
452 1150 487 1178 x,
498 1139 535 1170 de
546 1132 671 1179 diverfis
681 1138 854 1181 criminibus
865 1135 1003 1180 accusati.
1016 1135 1082 1176 Istis
1092 1136 1242 1174 addidere

360 1187 558 1221 Pancratium
572 1212 583 1228 ‚
596 1188 777 1222 Ptolomeum
790 1212 801 1229 ,
814 1188 1056 1222 &Meletianum
1066 1186 1239 1229 quemdam

359 1237 495 1284 Qibus
503 1249 544 1280 ex
554 1237 659 1281 verbis
669 1237 824 1278 discimus
836 1236 913 1271 duo.
937 1236 1054 1278 Primo
1066 1259 1076 1275 ,
1089 1234 1180 1278 quod
1190 1235 1240 1269 Se-

358 1287 459 1321 cundi
473 1286 569 1332 hujus
579 1289 614 1322 in
625 1287 908 1332 conjuratione‚ac
919 1285 1062 1328 Secundi
1075 1285 1241 1327 Barcenfis

356 1336 541 1382 orthodoxi
554 1337 738 1382 Presbyteri
749 1337 971 1380 trucidatione
980 1336 1096 1371 Socius
1108 1333 1240 1379 Stepha-

357 1399 418 1422 nus
430 1389 529 1422 fuerit
539 1412 550 1428 ,
563 1400 632 1422 non
645 1385 972 1429 Pseudo-Patriarcha
984 1384 1221 1427 Antiochenus
1228 1410 1239 1427 ‚

356 1438 410 1472 sed
423 1438 534 1472 nescio
547 1439 601 1479 cui
615 1439 650 1471 in
664 1438 772 1481 Libya
784 1436 925 1478 Civitati
937 1448 991 1480 per
1002 1437 1108 1479 ipsum
1120 1437 1240 1470 Secun-

356 1487 438 1523 dum
449 1488 591 1533 intrusus
602 1487 792 1532 Episcopus.
819 1485 972 1521 Secundo
984 1510 994 1526 ‚
1015 1486 1105 1529 quod
1119 1486 1239 1520 Secun-

356 1538 418 1573 dus
429 1536 483 1572 hic
501 1538 611 1572 noster
634 1539 731 1572 fuerit
750 1549 820 1572 non
839 1536 970 1572 tantum
992 1534 1137 1569 Arianus
1146 1560 1158 1583 ²,
1184 1534 1238 1570 sed

356 1589 457 1625 etiarn
469 1587 679 1622 Meletianus.
708 1588 845 1623 Etenim
863 1587 970 1629 etiarn
981 1586 1051 1630 post
1065 1585 1237 1627 Nicaenam

356 1638 532 1681 Synodum
555 1648 611 1672 aut
631 1639 731 1682 coepit
756 1655 777 1678 ‚·
793 1648 850 1672 aut
871 1637 1011 1681 perrexit
1030 1647 1086 1679 per
1102 1647 1238 1678 omnem

358 1690 448 1734 suam
462 1687 673 1722 Provinciam
682 1699 840 1731 tanquam
847 1686 1065 1731 Metropolita
1073 1686 1238 1720 consecra-

357 1751 391 1773 re
412 1740 592 1781 Episcopos
606 1763 616 1778 ‚
642 1748 740 1782 atque
761 1739 807 1772 ita
829 1738 864 1771 ὅ(
886 1737 1086 1781 praevaricari
1109 1737 1238 1770 sextum

358 1788 449 1823 istius
461 1789 588 1831 Synodi
601 1789 774 1823 Canonem
787 1814 799 1831 ,
820 1789 854 1822 δε
864 1788 929 1821 suae
939 1785 1169 1830 Patriarchalis
1178 1787 1240 1820 Ca-

357 1838 476 1873 thedrae
488 1837 722 1880 authoritatem
734 1840 802 1873 fine
823 1840 933 1872 fronte
954 1837 1085 1871 violare.
1113 1835 1239 1869 Eadem

357 1889 494 1922 audacia
507 1889 647 1922 tentavit
659 1888 788 1928 Pistum
799 1889 835 1930 in
849 1886 1112 1921 Alexandrinam
1121 1883 1240 1919 Cathe-=

357 1938 449 1975 dram
459 1938 632 1981 intrudere.
644 1939 721 1971 Fuit
730 1937 806 1971 Arii
818 1936 969 1972 defensor
982 1935 1065 1970 adeo
1076 1935 1239 1979 pertinax,

356 1992 393 2023 ut
405 1989 471 2032 ipse
483 1999 559 2022 curn
572 1989 630 2022 suo
644 1988 784 2033 Collega
792 1986 939 2021 Theona
946 1986 1192 2026 Marmaricenfi
1205 1986 1238 2019 in

356 2040 436 2072 ficca
448 2037 556 2080 Libya
567 2038 733 2080 Episcopo
745 2061 754 2076 ‚
768 2037 855 2070 solus
866 2036 1021 2079 manserit
1039 2036 1189 2078 pertinax
1201 2037 1236 2069 in

358 2089 495 2122 Nicaena
506 2087 645 2129 Synodo
657 2110 667 2125 ,
691 2087 726 2120 δε
745 2097 886 2120 errorem
908 2085 1053 2119 noluerit
1076 2084 1238 2120 damnare.

357 2138 403 2171 Et
415 2136 549 2181 quidem
563 2136 653 2170 istius
663 2135 814 2170 Theonae
825 2134 909 2169 Asta
929 2133 992 2168 alia
1015 2134 1119 2168 latent
1132 2135 1167 2168 in
1181 2135 1241 2169 ob-

357 2188 460 2221 scuro.
489 2187 570 2220 Haec
582 2185 721 2220 breviter
730 2185 872 2220 dicenda
883 2184 980 2219 duxit
990 2194 1027 2219 ut
1037 2187 1152 2219 noscas
1172 2198 1240 2229 ma-

358 2237 490 2271 culosos
500 2237 609 2271 fontes
621 2234 801 2281 blasphemi
812 2235 937 2270 erroris.

572 2418 603 2452 c
628 2416 661 2452 A
689 2418 717 2452 Ρ
745 2418 785 2461 U
812 2418 850 2451 T
902 2417 1014 2451 xlv.

391 2518 542 2573 Ariana
566 2520 741 2589 Impietas
757 2523 970 2590 geiteratim⁴
988 2522 1198 2587 exponitur-2

457 2640 623 2678 Ontentas
633 2638 668 2678 in
681 2636 755 2679 Arii
766 2637 909 2681 Thaleja
918 2637 1132 2682 blasphemias
1141 2644 1239 2682 expo-

380 2733 393 2738 μ
443 2724 445 2726 ,
472 2690 523 2723 nit
536 2690 571 2722 in
590 2689 729 2730 secunda
748 2688 899 2730 adversus
920 2688 1065 2727 Arianos
1085 2690 1239 2731 Disputa÷

360 2740 453 2778 tione
464 2738 692 2780 &Athanafius
704 2764 714 2778 ‚
726 2751 763 2773 ac
775 2741 978 2785 prosequitur
989 2751 999 2776 ;
1024 2741 1107 2782 ,Quis
1115 2740 1160 2776 ad
1169 2737 1237 2778 istas

346 2795 349 2800 ’
362 2788 562 2833 blasphemias
578 2798 647 2831 prae
662 2789 780 2831 stupore
801 2795 859 2823 non'
880 2786 1009 2834 fi’nfi‘bus
1021 2788 1206 2827 alienaretur
1220 2789 1236 2820 ἕ

362 2842 476 2873 coelum
487 2865 497 2880 ‚
508 2849 542 2873 ut
556 2839 705 2881 Propheta
717 2841 859 2882 loquitur,
870 2839 1014 2888 obstupuit
1021 2863 1032 2879 ,
1043 2848 1126 2872 terra
1138 2849 1238 2872 autem

364 2889 510 2923 inhorruit
514 2888 607 2932 super
612 2896 867 2931 praevaricatione
876 2892 960 2933 legis:
973 2892 993 2923 5
994 2890 1023 2922 ol
1030 2898 1131 2927 autem
1141 2894 1236 2932 magis

365 2939 608 2981 indignabundus
617 2964 628 2980 ,
644 2941 678 2974 (5
685 2951 743 2972 non
743 2939 852 2981 ferens
865 2942 935 2973 illas
947 2949 1051 2972 contra
1059 2950 1237 2973 communem

365 2994 494 3020 omnium
508 2992 666 3022 Dominum
674 2993 838 3031 corporales
859 2993 991 3032 injurias
1002 3014 1012 3030 ,
1038 3001 1115 3031 quas
1131 2987 1238 3032 sponte

361 3046 419 3078 pro
430 3037 511 3069 nobis
518 3040 692 3078 patiebatur
703 3065 714 3080 ‚
724 3039 850 3083 aversus
862 3040 899 3080 est
912 3065 922 3080 ,
932 3042 1032 3072 radios
1040 3037 1110 3082 suos
1123 3048 1236 3077 contra-

366 3093 414 3120 xit
427 3111 437 3125 ³
464 3087 537 3126 &¹st
540 3099 588 3121 um
600 3090 677 3120 diem
697 3091 808 3123 illucem
830 3090 972 3124 exhibuit.
1001 3093 1040 3122 At
1057 3088 1149 3132 super
1173 3092 1237 3121 Arii

366 3134 556 3178 blasphemiis
582 3143 632 3178 qui
648 3139 715 3179 fieri
728 3140 820 3180 potest
832 3166 841 3181 ‚
867 3151 902 3173 ut
923 3152 980 3173 non
992 3151 1074 3173 omne
1087 3139 1236 3178 hominum

362 3196 460 3228 genus
470 3187 572 3228 lingua
580 3194 648 3227 prae
651 3186 768 3228 stupore
779 3189 891 3228 baereat
903 3191 918 3222 ,ἕ
947 3194 1006 3223 Aut
1019 3202 1076 3222 non
1086 3201 1175 3228 aures
1185 3189 1232 3221 ob-

360 3234 460 3280 struat
474 3235 489 3265 ?
516 3238 562 3267 Et
572 3238 665 3269 oculos
678 3238 796 3271 claudat
809 3263 818 3278 ‚
840 3243 875 3274 ne
887 3243 961 3273 talia
975 3244 1141 3282 Loquentes
1152 3240 1236 3271 audi-

366 3295 399 3316 re
409 3308 420 3324 ‚
433 3292 486 3316 aut
496 3285 660 3318 scribentes
671 3292 780 3324 intueri
792 3293 930 3331 cogatur?
950 3294 996 3322 Et
1007 3301 1057 3323 cur
1070 3301 1127 3322 non
1132 3290 1233 3334 potius

366 3336 513 3372 *Dominus
526 3332 587 3375 ipse
593 3334 707 3376 summo
711 3338 783 3375 jure
794 3347 895 3370 contra
906 3340 1036 3373 homines
1048 3346 1152 3381 impios
1167 3364 1176 3378 ‚
1187 3341 1238 3372 vel

367 3384 447 3425 quod
454 3384 557 3416 verius
569 3383 751 3427 est‚ingratos
763 3386 939 3427 vociferetur
950 3401 1055 3432 ea‚que
1062 3395 1119 3431 per
1131 3387 1237 3432 Oseam

361 3434 543 3475 praelocutus
554 3432 591 3472 est
605 3434 617 3466 ?
628 3438 680 3466 Vae
691 3435 763 3475 illis,
774 3442 845 3477 quia
854 3436 1011 3478 resilierunt
1022 3443 1042 3471 ἂ
1052 3452 1098 3474 me
1109 3452 1116 3471 t
1130 3437 1230 3482 Miseri

362 3480 458 3527 sunr,
484 3490 556 3525 quia
567 3485 656 3524 impie
668 3486 815 3518 adversus
829 3498 875 3520 me
895 3498 1023 3530 egerunt.
1053 3493 1083 3521 E
1079 3492 1118 3533 go
1137 3498 1236 3524 autem

816 100 1264 153 Dl-ssssERTATro
1296 98 1738 158 -PkoaMmms,

1309 183 1417 216 redemi
1427 195 1474 216 eos
1485 209 1495 224 ,
1520 183 1578 227 ipfi
1585 189 1656 224 verb
1665 188 1769 220 contra
1779 197 1825 219 me
1835 184 1922 220 locuti
1927 183 2001 228 fiant
2012 184 2177 223 mendacia.

1310 235 1470 278 Fingentes
1475 234 1532 275 fibi
1542 246 1608 268 eum
1619 260 1628 276 ‚
1639 243 1691 278 qui
1700 248 1757 269 non
1770 236 1808 277 est
1820 261 1831 276 ‚
1841 237 1887 268 ad
1891 237 1927 275 id
1935 261 1945 276 ,
1959 237 2040 278 quod
2044 238 2123 271 nihil
2128 239 2178 279 est,

1308 284 1480 317 reciderunt.
1493 286 1564 322 Ideo
1572 297 1685 328 quoque
1695 285 1883 329 Universalis
1893 293 1984 320 totius
1997 287 2086 320 Orbis
2098 291 2180 327 syno-

1308 332 1365 364 dus
1376 334 1541 376 loquentem
1551 334 1604 374 ista
1617 339 1720 368 Arium
1732 339 1816 378 ejecit
1825 337 1864 369 ab
1872 336 1996 379 Ecclesia
2005 340 2039 371 (Ὗ
2048 338 2185 374 Αηαιῦε-,

1308 392 1386 417 mate
1397 394 1537 423 execrata
1547 384 1585 431 est
1599 409 1608 425 ‚
1620 397 1677 419 non
1682 386 1790 427 ferens
1802 382 2001 429 blasphemias
2013 412 2024 428 ,
2034 400 2071 421 ex
2082 400 2137 431 quo
2148 395 2180 424 in

1307 433 1449 475 reliquum
1467 444 1586 477 tempus
1611 439 1675 468 Arii
1698 447 1779 469 error
1787 445 1843 479 pro
1854 437 1959 482 baerefi
1971 438 2155 479 existimatus
2171 463 2181 478 ‚

1307 493 1374 522 quae
1379 485 1450 525 plus
1461 487 1536 519 mali
1546 492 1579 519 in
1583 485 1618 529 se
1628 485 1750 518 haberet
1762 510 1772 525 ‚
1799 499 1891 529 quam
1901 497 2018 522 caeterae
2028 487 2156 532 baereses
2170 510 2182 528 5

1308 535 1339 565 eb
1352 536 1430 574 quod
1439 536 1474 575 (tt
1479 537 1641 577 perduellis
1657 535 1767 576 christi
1777 560 1787 576 ,
1799 539 1833 573 ἴθ’
1845 537 2040 579 Anti-Christi
2050 547 2183 580 praeam-

1310 582 1486 634 bulatrixfit
1494 593 1705 631 eognominata.
1713 590 1744 631 J
1747 597 1797 618 am
1807 586 1926 628 ‚tametfi
1932 595 2081 630 imprimis
2090 598 2180 623 tanta

1307 643 1411 666 contra
1420 641 1545 677 impiam
1556 636 1683 680 Herefim
1695 635 1832 679 Censura
1837 635 1984 679 suffecerit
1992 640 2037 672 ad
2040 639 2177 672 omnibus

1304 682 1559 727 persuadendum,
1569 697 1603 720 ut
1612 689 1677 728 ejus
1689 686 1853 725 contac‘lum
1863 687 2028 731 refugiant,
2040 698 2179 723 attamen

1306 740 1378 775 quia
1388 746 1445 768 non
1456 738 1542 777 nulli,
1554 745 1607 779 qui
1617 737 1781 778 Christiani
1791 738 1930 770 dicuntur
1941 762 1952 777 ,
1972 746 2030 779 per
2041 744 2183 781 ignoran-

1306 789 1382 816 tiam
1392 795 1446 823 aut
1453 796 1511 828 per
1524 788 1774 827 diffimulationem
1786 787 1926 829 Haerefim
1935 786 2183 830 istam,quantum

1306 835 1350 865 ad
1357 842 1516 878 veritatem
1526 844 1638 871 attinet
1650 862 1661 878 ,
1672 837 1892 878 indifferentem
1904 837 2094 874 arbitrantur
2104 863 2114 878 ‚
2125 836 2184 881 ease

1305 895 1361 926 que
1373 892 1423 927 qui
1434 888 1501 928 ejus
1518 886 1638 930 sensum
1660 894 1792 922 retinent
1803 912 1814 929 ,
1842 887 2026 928 Christianos
2049 897 2160 921 vocant
2172 912 2183 928 ‚

1305 939 1384 978 agite
1387 934 1571 978 fiifi‘itemur
1580 939 1620 971 ab
1633 940 1694 971 illis
1706 962 1717 980 ‚
1729 940 1786 972 &a
1800 939 1884 973 Haec
1896 938 1959 973 fuit
1972 937 2107 971 Eusebii
2121 937 2155 971 N
2159 938 2183 971 i÷

1304 984 1519 1021 codemienfis
1530 988 1674 1028 vafrities
1685 1013 1696 1029 ‚
1723 988 1871 1023 adserens
1881 987 1968 1027 hanc
1980 987 2182 1024 Controver-

1304 1036 1381 1068 fiam
1396 1047 1465 1075 non
1476 1037 1519 1077 ad
1542 1038 1718 1078 immobile
1735 1039 1871 1084 Dogma
1878 1064 1889 1080 ,
1917 1038 1972 1073 sed
1992 1038 2034 1073 ad
2061 1038 2183 1072 liberas

1306 1085 1511 1133 Qaestiones
1523 1088 1663 1131 spectare
1675 1112 1686 1128 ,
1704 1088 1837 1130 &cirea
1849 1090 1953 1134 ipsam
1966 1090 2054 1133 posse
2063 1100 2182 1122 unum-

1304 1147 1467 1180 quemque
1477 1136 1642 1170 abundare
1653 1138 1688 1170 in
1700 1138 1759 1171 suo
1770 1139 1862 1174 sensu
1877 1151 1886 1180 3
1909 1139 2051 1182 ideoque
2062 1137 2184 1172 Arium

1302 1187 1334 1220 &
1346 1185 1388 1220 ab
1400 1187 1595 1228 Alexandro
1608 1186 1799 1226 Patriarcha
1808 1211 1818 1227 ‚
1844 1188 1878 1222 &
1899 1188 1918 1221 a
1930 1187 2068 1231 Synodo
2080 1189 2185 1222 Nicssz-

1304 1248 1346 1271 na
1357 1235 1452 1270 fuisse
1464 1237 1531 1278 fine
1541 1238 1639 1272 causa
1647 1237 1853 1277 damnatum.
1880 1237 2015 1272 Sanctus
2036 1235 2185 1275 ¹Athana-

1302 1287 1364 1321 fius
1376 1286 1530 1327 adfirmat
1539 1288 1603 1323 effe
1614 1287 1822 1323 manifestam
1842 1286 1981 1325 haerefim
1992 1313 2003 1328 ,
2029 1288 2184 1323 omnium

1302 1336 1480 1379 Haereseon
1491 1337 1720 1380 nequissimam
1731 1362 1741 1376 ,
1755 1347 1881 1382 patrato
1895 1348 1951 1381 per
1962 1337 2091 1382 Judaeos
2103 1338 2184 1376 Deu-

1302 1387 1390 1422 cidio
1400 1385 1653 1427 >horrendiorem
1665 1410 1676 1427 ,
1702 1388 1744 1428 ad
1756 1399 1856 1432 quam
1869 1387 1987 1427 ornnes
1995 1387 2183 1426 debeant&

1301 1438 1418 1472 oculos
1430 1438 1564 1478 &aures
1573 1437 1740 1477 obstruere
1750 1463 1760 1479 ,
1787 1438 1823 1472 ὅ(
1843 1450 1915 1482 quae
1923 1437 1970 1473 ob
1982 1438 2031 1471 sui
2042 1436 2183 1471 θύοι-πώ

1302 1498 1404 1522 tatem
1416 1488 1528 1531 paffim
1551 1487 1734 1531 appellatur
1756 1487 1932 1531 perduellis
1951 1488 1988 1522 in
2011 1485 2182 1527 Christum

1301 1538 1491 1578 Dominum
1505 1562 1516 1578 ,
1527 1538 1559 1571 ὅ(
1573 1537 1808 1573 Anti-Christo
1819 1539 2049 1582 praecursatrix.
2061 1538 2183 1572 Etcer-

1301 1587 1336 1621 te
1347 1587 1387 1622 ad
1399 1588 1502 1631 ipsam
1513 1586 1662 1628 auditam
1680 1599 1797 1627 omnes
1819 1590 1855 1623 in
1879 1588 2025 1629 Nickna'
2040 1586 2182 1631 Synodo

1304 1638 1460 1681 Episcopi
1471 1649 1565 1678 aures
1576 1637 1818 1677 obstruxerunt,
2067 1635 2069 1637 ’
2163 1648 2177 1652 ’“

1351 1688 1454 1723 Hanc
1464 1687 1608 1723 haeresim
1618 1690 1680 1722 effe
1700 1690 1856 1724 omnium
1877 1693 2060 1724 maximam
2080 1689 2182 1724 docet

1301 1738 1402 1772 etiam
1413 1738 1450 1772 in
1460 1737 1610 1772 Paschali
1624 1738 1801 1773 Conoione
1812 1740 1840 1773 S.
1845 1740 2027 1784 Gregorius
2037 1740 2183 1775 Naum„
2198 1743 2319 1779 orama

1302 1799 1408 1828 zenus.
1422 1789 1613 1829 Dominicae
1622 1788 1724 1827 Carni
1736 1787 1842 1822 illa-tas
1851 1791 1869 1822 a
1881 1784 1999 1831 Judaeis
2011 1785 2182 1823 Paffiones

1300 1847 1478 1882 exaggerat
1491 1861 1502 1877 ‚
1529 1836 1564 1870 &
1575 1837 1799 1882 prosequitur:
1828 1841 1912 1873 Pro!
1934 1840 2038 1882 qualia
2050 1835 2183 1872 Verbum

1301 1898 1379 1922 nunc
1389 1898 1503 1930 quoque
1506 1889 1652 1929 patitur!
1679 1887 1718 1920 ab
1727 1889 1799 1922 aliis
1810 1912 1822 1928 ‚
1847 1889 1963 1932 utique
1981 1889 2001 1922 a
2023 1886 2182 1924 Sabellia-

1302 1938 1371 1979 nis,
1382 1947 1416 1972 ut
1429 1941 1513 1971 Deus
1522 1936 1694 1977 honoratur,
1705 1938 1740 1971 &r
1749 1938 1929 1973 connectitur
1941 1963 1952 1980 ‚
1964 1939 2020 1973 seu
2031 1950 2108 1973 cum
2120 1938 2183 1973 Pa-

1301 1996 1349 2020 tre
1358 1989 1391 2021 &
1398 1987 1520 2030 Spiritu
1528 1987 1570 2021 Sa
1575 1988 1650 2020 msto
1663 1987 1699 2021 in
1720 1998 1822 2026 unam
1841 1989 2061 2028 confunditur
2073 1990 2181 2033 perso-

1301 2048 1379 2070 nam
1391 2061 1402 2077 ,
1412 2036 1451 2069 ab
1461 2037 1533 2070 aliis
1544 2046 1579 2076 ut
1590 2041 1669 2069 Caro
1678 2044 1881 2077 contemnitur
1890 2064 1901 2080 ,
1930 2051 1966 2072 ac
1974 2038 2140 2083 fiparatur
2159 2042 2179 2076 ὲ

1302 2086 1442 2126 Paterna
1453 2086 1651 2121 Substantia.
1679 2091 1762 2121 Utris
1772 2090 1909 2130 amplius?
1914 2088 2069 2132 'irasi-etur
2081 2091 2099 2123 ἓ
2126 2087 2184 2124 Vel

1296 2138 1398 2179 potius
1415 2143 1494 2170 utris
1515 2138 1644 2179 amplius
1665 2138 1840 2171 condonabit
1852 2140 1869 2177 ἓ
1897 2142 2006 2173 Eis-ne
2029 2146 2083 2182 qui
2101 2142 2181 2174 male

1300 2187 1480 2221 contrahunt
1491 2213 1502 2228 ,
1529 2199 1571 2220 an
1584 2194 1636 2229 qui
1641 2185 1787 2230 scindunt
1799 2190 1812 2222 ἲ
1839 2193 1875 2227 N
1876 2201 1926 2222 am
1936 2191 1970 2223 (⁴7
1980 2191 2046 2223 illos
2057 2190 2181 2224 divide-

1300 2250 1333 2272 re
1345 2262 1356 2279 ,
1380 2239 1415 2279 Θ
1425 2237 1477 2270 bos
1489 2237 1654 2271 connectere
1665 2238 1836 2279 oportebat:
1857 2240 1924 2276 illos
1936 2264 1947 2280 ,
1967 2245 2093 2283 inquam
2108 2265 2118 2281 ‚
2129 2252 2182 2274 nu-

1301 2300 1378 2322 mero
1389 2313 1399 2328 ‚
1426 2287 1478 2320 hos
1490 2291 1620 2322 Deitate.
1647 2292 1796 2333 Impingis
1806 2290 1852 2322 ad
1871 2293 2004 2322 Carnem
2017 2291 2034 2322 ?
2061 2293 2108 2323 Et
2112 2294 2146 2335 J
2148 2303 2180 2323 u-
2226 2310 2230 2328 ,-

1301 2340 1362 2379 dari
1374 2350 1485 2382 quoque
1495 2340 1540 2371 ad
1547 2349 1613 2378 eam
1625 2339 1820 2385 impegerunt.
1850 2344 1938 2372 Num
1949 2342 2181 2377 samaritanum

1300 2395 1392 2423 etiam
1401 2388 1521 2424 vocabis
1534 2389 1546 2426 ἓ
1571 2392 1659 2423 Nam
1668 2390 1748 2430 quod
1751 2387 1892 2431 sequitur
1919 2391 2026 2428 tacebo.
2057 2394 2179 2428 Deitatt

1296 2439 1389 2480 fidem
1399 2439 1524 2483 abrogas
1535 2439 1552 2471 ?
1563 2442 1623 2475 Hoc
1635 2439 1672 2472 ne
1679 2441 1826 2480 Demones
1837 2441 1958 2481 quidem
1969 2439 2178 2482 ipfifecerunti

1300 2494 1349 2521 Ita
1359 2485 1507 2530 &judieii
1512 2487 1709 2531 perversitate
1726 2492 1760 2533 J
1761 2491 1861 2522 udaeos
1875 2514 1885 2530 ,
1913 2491 1947 2522 (5
1966 2491 2179 2534 incredulitate

1303 2543 1457 2573 Daemones
1462 2538 1602 2582 superas.
1629 2539 1677 2577 Illi
1696 2544 1777 2572 enim
1800 2541 1876 2572 Filii
1896 2540 2074 2578 vocabulum
2088 2565 2100 2581 ,
2125 2539 2183 2584 effe

1259 2630 1261 2632 Ι
1300 2592 1484 2632 aequalitatis
1497 2601 1597 2622 vocem
1607 2587 1803 2633 censuerunt3
1824 2588 1966 2622 hiantem
1977 2599 2044 2624 eum
2058 2615 2070 2631 ‚
2093 2592 2114 2632 ἃ
2123 2600 2188 2633 qua.

1294 2640 1486 2683 fugabantur
1498 2664 1508 2680 ,
1520 2643 1617 2679 Deum
1624 2635 1810 2682 agnoverunt
1823 2651 1831 2671 ε
1844 2640 1999 2673 Doloribus
2012 2638 2157 2678 nimirum
2167 2659 2180 2685 ἓ-

1301 2701 1372 2732 quos
1377 2688 1553 2733 sentiebant
1562 2714 1573 2735 ἓ
1594 2689 1687 2731 fidem
1697 2688 1765 2734 ipfis
1778 2688 1979 2730 facientibus.
2008 2694 2048 2723 At
2069 2699 2104 2728 tu
2125 2691 2179 2724 tie&

1300 2740 1505 2782 aequalitatem
1515 2740 1654 2773 admittis
1665 2762 1676 2779 ,
1700 2750 1753 2772 nec
1766 2742 1919 2773 Deitatem
1928 2740 2085 2784 confiteris.
2100 2739 2179 2774 >Dei

1301 2788 1406 2829 Verbi
1416 2790 1452 2823 in
1463 2788 1636 2833 adsumpto
1646 2787 1783 2823 homine
1792 2783 2104 2828 consubstantialem
2115 2789 2178 2834 Di7

1302 2840 1474 2880 vinitatem
1484 2839 1663 2879 Daemones
1673 2839 1706 2872 &
1718 2850 1926 2884 agnoverunt
1938 2865 1950 2882 ,
1974 2841 2010 2881 &
2031 2840 2177 2874 venerati

1302 2891 1377 2924 sunt
1388 2914 1399 2931 ,
1424 2900 1482 2930 aut
1492 2888 1579 2924 certe
1598 2890 1781 2924 timuerunt
1797 2890 1974 2927 offendere..
2001 2889 2121 2924 Edoni
2143 2882 2185 2923 &x

1301 2940 1460 2983 compulfi
1494 2940 1644 2983 supremo
1665 2939 1757 2979 istius
1788 2939 1938 2976 hominis
1959 2939 1994 2973 in
2018 2939 2051 2973 se
2071 2939 2180 2983 Impe-

1301 2992 1360 3025 rio.
1388 2989 1539 3030 Eandem
1549 2990 1567 3023 a
1578 2990 1731 3029 Domino
1753 2991 1867 3036 JESU
1889 2989 2055 3034 praedicari'
2073 3001 2179 3034 agno·-

1301 3049 1417 3079 verunt
1427 3040 1523 3083 impii
1536 3040 1644 3083 Judaei.
1673 3042 1767 3075 Hinc
1780 3044 1872 3078 enim
1883 3041 1977 3074 illum
1986 3063 1997 3083 ξ
2022 3040 2113 3083 quod
2126 3044 2177 3074 ar-

1301 3090 1526 3135 rogantissime
1538 3089 1764 3134 blasphemum
1774 3093 1940 3126 censerent
1953 3114 1963 3130 ‚
1975 3088 2176 3124 damnarunt

1301 3141 1342 3175 ad
1351 3150 1502 3175 mortem.
1533 3141 1677 3176 Arianos
1688 3167 1699 3183 ,
1726 3142 1783 3186 qui
1805 3140 1925 3178 horum
1946 3138 2031 3173 nihil
2053 3140 2177 3173 intelli-

1301 3201 1385 3235 gunt
1397 3200 1453 3225 aut
1465 3192 1610 3231 sentiunt
1625 3216 1636 3236 ἓ
1663 3192 1893 3227 Nazianzenus
1903 3190 2083 3235 Gregorius
2094 3188 2178 3224 reste

1302 3242 1439 3275 affirmat
1455 3241 1605 3285 nequiori
1618 3266 1629 3281 ‚
1639 3242 1738 3285 quam
1750 3242 1829 3275 istos
1842 3240 1956 3274 ambos
1968 3264 1978 3280 ,
1987 3236 2109 3274 mentis
2120 3252 2184 3274 car:-⁴

1303 3294 1403 3324 citate
1423 3292 1457 3325 &
1480 3291 1679 3335 blasphemia
1701 3291 1857 3328 laborare
1883 3289 2115 3329 orthodoxam
2135 3290 2178 3324 de

1303 3343 1379 3375 Deo
1393 3341 1505 3377 Verbo
1517 3342 1632 3381 Fidem
1643 3353 1684 3379 ex
1695 3341 1852 3381 Divinis,
1878 3339 2050 3385 Angelicis
2063 3366 2073 3382 ‚
2097 3340 2178 3373 Pro-

1303 3391 1441 3434 pheticis
1452 3417 1462 3432 ‚
1476 3392 1703 3443 Evangeficss,
1717 3403 1754 3425 ac
1766 3389 1967 3434 Apostolicis
1977 3390 2176 3425 testimoniis

1304 3442 1411 3475 lucere
1422 3444 1560 3477 affirmat
1570 3443 1605 3475 in
1617 3442 1721 3485 prima
1734 3440 1883 3474 adversus
1904 3440 2048 3475 Arianos
2058 3441 2178 3484 Dispu-

1304 3491 1431 3526 tatione
1440 3493 1564 3527 sanstus
1575 3490 1772 3526 Athanasius
1783 3516 1794 3535 2
1805 3502 1842 3525 ac
1854 3491 2059 3538 prosequitur
2071 3503 2078 3525 z
2092 3493 2182 3522 Aria-v

2068 3545 2102 3574 ni
2113 3550 2177 3572 con-
