2346 3776
268 230 507 297 Matutinis
524 233 661 286 ‘horis
695 234 710 297 5
747 232 934 302 aliisque
956 227 1186 302 precibus*
1205 235 1290 284 rite
1319 245 1461 302 uque
1494 233 1650 284 ordine
1683 237 1885 290 recitatis
1917 272 1933 300 ,
1962 230 2125 306 ΡΙιιῑεό

267 307 377 379 pene
413 306 566 359 affixus
601 304 737 374 usque
771 304 829 354 ad
864 304 1058 359 mediam
1093 302 1273 357 Missam·
1298 339 1313 364 ‚
1358 321 1497 372 quam
1532 309 1885 367 conventualem
1919 324 2086 360 vocant
2108 345 2124 373 ‚

268 380 353 431 hoc
387 379 450 429 est
484 376 542 427 ad
577 375 805 429 meridiem
829 412 843 437 ‚
880 376 1027 426 Libris
1063 375 1326 444 operabatur
1359 410 1374 436 ,
1421 374 1575 445 depost
1608 395 1699 429 rem
1735 381 1951 431 Divinam
1987 378 2125 431 facie.

268 450 347 501 bat
380 487 394 513 ,
443 448 547 499 dein
581 447 639 497 ad
674 446 905 502 secundam
954 445 1166 497 Mensam?
1197 443 1442 514 promiscuo
1487 447 1593 497 cibo
1619 448 1870 517 prandebat
1902 488 1918 513 ‚
1966 449 2124 502 solitus

265 521 410 571 dicere
432 557 446 582 ‚
484 517 641 569 taedere
675 517 719 570 se
752 515 876 586 quod
911 517 1022 567 illud
1057 517 1135 566 fibi
1172 533 1344 585 tempus
1379 518 1540 584 periret
1574 540 1589 579 ς
1623 523 1764 594 perire
1797 523 1918 571 enim
1952 538 2123 577 omne„

268 607 442 661 tempus
479 588 775 643 arbitrabatur
809 626 822 651 ‚
858 588 983 656 quod
1031 603 1107 639 aut
1143 592 1246 637 Deo
1266 624 1280 648 ,
1315 602 1393 637 aut
1427 587 1699 641 studiiS⁴‘non
1735 592 1981 660 imperaret
2013 629 2028 641 .
2075 597 2122 644 A

265 660 452 736 prandio
487 663 534 710 in
569 659 794 713 modicam
829 659 924 710 ibat
960 661 1158 727 quietem
1193 693 1207 718 ,
1251 675 1356 722 mox
1391 658 1513 726 quafi
1546 660 1638 710 alio
1670 661 1744 711 die
1778 660 1835 715 ad
1871 645 2123 722 trituram-a

266 730 567 783 descendebat·
594 768 609 793 ³
657 748 738 783 nec
774 745 877 783 ante
923 727 1148 779 definebat
1183 763 1196 789 ,
1245 745 1380 794 quam
1428 730 1502 779 lux
1547 732 1660 783 Solis
1704 733 1830 785 illurn
1876 731 2082 782 deficeret
2103 749 2135 793 3-

264 818 400 870 quam
436 807 481 853 δι
515 804 714 871 precario
747 801 913 854 lumine
946 801 994 848 in
1028 797 1165 849 seram
1201 802 1371 847 noffem
1419 815 1631 868 tanquam
1678 800 1956 854 scientiarum
1988 797 2122 853 'vora-

264 891 324 937 go
357 871 706 943 impraetermisse
741 870 961 925 solabatur
985 904 998 918 .
1035 873 1199 936 Neque
1234 884 1382 922 tamen
1415 871 1464 918 in
1499 868 1626 924 tanta
1659 872 1898 926 studiorum
1934 889 2121 924 conten-

263 947 387 993 tione
420 960 653 1010 rerumque
687 943 966 990 cumstatione
1003 939 1173 1008 aliquid
1207 976 1222 1001 ,
1258 940 1397 988 animi
1430 941 1675 998 remiffioris
1709 946 1838 997 causa
1873 981 1886 1006 ‚
1934 944 2015 998 fibi
2050 946 2121 993 in·-

262 1013 473 1077 dnlgebat
506 1049 521 1074 ,
568 1012 648 1061 nisi
682 1010 806 1079 quod
840 1009 1061 1061 interdurn
1097 1012 1288 1078 antiquae
1323 1008 1457 1063 Urbis
1491 1047 1506 1072 ,
1550 1016 1650 1079 quae
1684 1012 1906 1083 supersunt
1940 1052 1954 1076 ‚
1988 1013 2122 1066 vesti⁴

261 1085 337 1148 gia
371 1084 497 1133 illum
531 1081 589 1132 ad
624 1080 889 1138 lustrandum
922 1081 1104 1132 duceret
1140 1089 1190 1130 P.
1230 1084 1415 1128 Hem-icus
1448 1084 1586 1149 Noris
1617 1118 1632 1143 ,
1679 1088 1858 1151 optimae
1893 1101 1991 1140 tum
2026 1083 2120 1154 spei

263 1160 308 1207 δε
343 1156 406 1210 rei
442 1155 689 1209 Curia-'ator
710 1190 724 1215 ‚
758 1155 839 1220 qui
875 1152 999 1207 simul
1035 1151 1220 1206 facunde
1256 1153 1298 1201 ei
1333 1151 1604 1201 memorabat
1639 1189 1653 1213 ‚
1691 1156 1793 1220 quis
1815 1169 1841 1215 ·,
1877 1171 1972 1222 quo
2005 1170 2122 1205 tem-

264 1242 372 1299 pore
395 1260 409 1286 ,
446 1228 491 1274 δι
522 1225 613 1292 qua
647 1224 874 1275 occafione
906 1257 921 1284 a
958 1222 1172 1291 quibusve
1209 1221 1350 1272 ufibus
1385 1237 1478 1276 tam
1513 1220 1715 1294 operosas
1749 1224 1860 1274 olim
1896 1226 2121 1275 excitave-

262 1298 323 1344 rit
371 1295 555 1344 molium
603 1292 931 1343 substructiones
965 1291 1104 1362 prisca
1138 1295 1382 1343 Gentilitas
1419 1312 1430 1342 ε
1477 1294 1669 1342 Scilicet
1699 1293 1889 1364 Onuphrii
1932 1298 2120 1352 Panvinii

261 1367 534 1414 conterranei
570 1362 632 1416 sui
668 1362 862 1428 vestigiis
896 1363 1091 1419 insistens
1113 1401 1128 1427 ,
1176 1363 1370 1414 Eruditae
1404 1365 1702 1432 Antiquitatis
1738 1366 1866 1419 lineis
1914 1366 1989 1416 vel
2023 1382 2120 1416 εει-’.ι

260 1439 307 1492 in
343 1450 472 1491 aetate
506 1432 804 1484 delectabatur
827 1471 841 1488 ,
877 1437 937 1483 Et
973 1438 1241 1503 Lupinorum
1258 1457 1260 1461 ’
1276 1433 1514 1488 studiorum
1550 1434 1833 1485 similitudine
1865 1471 1880 1497 ,
1915 1453 2015 1504 quae
2042 1453 2118 1486 re-

261 1505 460 1558 levandis
511 1507 671 1554 animis
706 1505 943 1581 plurimum
978 1507 1097 1556 valet
1130 1542 1145 1567 ,
1192 1508 1384 1555 numeris
1430 1505 1635 1556 omnibus
1682 1505 1924 1557 absolutam
1962 1510 2117 1558 >Lunx

261 1576 568 1632 Eruditionem
583 1574 820 1626 -adnotans
856 1580 901 1626 δε
935 1575 1156 1628 admirans
1181 1613 1195 1638 ‚
1231 1578 1453 1640 egregium
1490 1577 1646 1629 Vitum
1682 1576 1829 1633 seQari
1859 1615 1873 1640 ,
1910 1578 2115 1638 colere—,5

260 1652 304 1696 &
339 1646 567 1703 observare
600 1646 806 1701 omnibus
843 1649 987 1702 nervis
1022 1646 1179 1710 sategit
1215 1683 1228 1696 .
1277 1651 1336 1696 Et
1373 1646 1608 1699 foeneratus
1641 1647 1704 1698 est
1738 1668 1757 1700 z·
1799 1647 2012 1716 Namque
2044 1651 2116 1699 ina

260 1718 398 1780 genu&
437 1716 600 1774 fatetur
632 1717 692 1771 ad
726 1716 992 1786 capescenda
1028 1717 1334 1767 Ecclefiasticae
1368 1717 1569 1767 Historiae
1604 1717 1743 1768 studia
1778 1756 1791 1779 ,
1827 1722 1934 1768 Lum
1969 1734 2116 1769 exernq

259 1790 339 1863 plo
368 1825 382 1849 ,
419 1787 548 1837 du&u
585 1823 599 1849 ,
637 1792 682 1838 &
718 1789 1105 1843 cohortationibus
1142 1790 1358 1857 imprimis
1393 1787 1436 1836 se
1472 1787 1696 1842 incensum
1734 1787 1854 1841 fuisse
1888 1824 1902 1836 .
1952 1793 2116 1837 Cum..)

261 1861 381 1907 enim
417 1853 683 1913 Scholastico
717 1862 764 1906 in
799 1860 978 1925 pulvere
1014 1858 1179 1906 strenue
1215 1855 1384 1906 sudaret
1419 1893 1432 1917 ,
1468 1857 1814 1911 animadvertere
1848 1859 1987 1924 coepit
2022 1855 2115 1914 de..

259 1929 534 1979 Scholasticis
568 1965 582 1989 ‚
631 1929 799 1994 alioqui
836 1927 1089 1984 acutissimis
1123 1964 1137 1988 ‚
1185 1928 1349 1975 nullam
1401 1926 1488 1975 fere
1536 1945 1612 1995 per
1645 1926 1813 1981 Urbem
1849 1931 2114 1976 rationem

258 1999 412 2048 haberi
440 2035 453 2059 ,
489 1997 561 2046 sed
597 1995 624 2052 a
658 2000 823 2045 cun6tis
858 1995 1102 2053 Ordinibus
1152 2000 1356 2046 Lupum
1401 2002 1611 2065 majorem
1663 1999 1709 2045 in
1753 1996 1933 2047 modum
1967 1996 2114 2048 obser-

259 2072 353 2118 vari
390 2106 403 2129 ‚
454 2067 605 2116 statuit
641 2067 698 2121 ab
734 2067 834 2136 ipsis
882 2067 1047 2116 Scholae
1081 2066 1305 2130 ergastulis
1352 2065 1410 2119 ad
1445 2068 1746 2134 incomplexos
1782 2068 1989 2122 altiorum
2025 2068 2112 2117 stu..

257 2139 431 2188 diorum
467 2155 647 2206 campos
683 2155 934 2188 excurrere:
973 2136 1107 2206 Qod
1143 2153 1310 2204 quanta
1346 2155 1446 2191 cum
1482 2137 1765 2191 Eruditorum
1800 2136 1923 2187 usura
1952 2137 2111 2206 depost

259 2211 511 2259 executioni
548 2207 824 2258 mandaverit
861 2244 875 2269 ,
911 2209 1152 2261 luculenter
1186 2206 1417 2263 ostendunt
1451 2225 1504 2256 ea
1539 2245 1552 2269 ‚
1587 2226 1685 2275 quae
1722 2207 1928 2262 hastenus
1963 2208 2110 2259 edidit

259 2282 438 2344 Ingenii>
466 2279 530 2328 sui
567 2281 845 2334 Monimenta
879 2315 893 2339 ,
940 2278 1101 2346 quibus
1136 2295 1226 2327 non
1260 2277 1396 2332 modo
1443 2296 1535 2328 rem
1571 2279 1832 2327 litterariam
1867 2280 2111 2347 locupleta-

260 2354 329 2400 vit
356 2388 368 2410 ,
405 2348 478 2399 sed
514 2352 652 2406 etiam
688 2367 851 2404 nomen
886 2347 1007 2398 suum
1042 2348 1157 2403 ultra
1192 2352 1465 2403 Sauromatas
1488 2386 1502 2410 ‚
1538 2352 1581 2401 ,ὃς
1615 2350 1846 2412 glacialem
1878 2354 2111 2406 Oceanum

260 2423 455 2494 porrexit
469 2456 482 2468 .
1581 2438 1585 2442 ’
1804 2427 1813 2442 ·

332 2489 415 2540 Sed
449 2505 606 2563 praeter
651 2488 859 2539 consueta
905 2489 995 2538 haec
1031 2488 1267 2538 studiorum
1302 2493 1448 2540 Pretia
1473 2526 1487 2550 ,
1522 2490 1609 2543 alia
1643 2507 1823 2557 quoque
1860 2491 1908 2539 in
1953 2490 2113 2546 Urbe..

260 2565 420 2610 Lupu
439 2580 472 2608 M
506 2559 773 2615 distinebant
808 2562 989 2623 negotia
1023 2596 1036 2608 .
1086 2562 1263 2614 Etenim
1297 2560 1399 2612 cum
1434 2559 1460 2610 a
1496 2563 1682 2628 privatis
1722 2597 1736 2620 ‚
1786 2559 1883 2609 turn
1916 2560 1975 2614 ab
2009 2561 2111 2630 ipfis

261 2636 302 2681 S.
338 2635 482 2701 R.‚E.
519 2630 829 2686 Cardinalibus
871 2666 885 2690 ,
920 2629 1176 2693 graviffimis
1210 2629 1268 2680 de
1303 2631 1430 2680 rebus
1464 2628 1571 2699 saepe
1606 2629 1830 2685 consultus
1859 2667 1873 2692 ,
1920 2648 2069 2686 mee„
2093 2668 2109 2693 ‚

262 2705 306 2751 &
341 2701 505 2769 scripto
540 2699 801 2769 respondere
850 2700 1092 2763 cogebatur
1121 2737 1134 2754 ,
1184 2704 1343 2755 Praeter
1377 2702 1464 2750 alia
1492 2737 1505 2761 ‚
1554 2718 1688 2754 unum
1723 2718 1804 2768 pro
1852 2703 2003 2751 multis
2036 2719 2107 2753 re..

264 2771 374 2823 ferre
408 2771 590 2827 sufficiat
634 2807 648 2819 .
698 2771 922 2825 Nonnulli
957 2770 1075 2839 apud
1110 2770 1264 2824 Sedem
1301 2771 1605 2840 Apostolicam
1640 2771 1856 2835 urgebant
1887 2808 1901 2833 ‚
1938 2787 1987 2821 ut
2022 2773 2109 2823 in..

264 2840 496 2893 vastissimo
531 2848 711 2892 Sina-rum
747 2843 939 2910 Imperio
965 2878 979 2903 ,
1015 2858 1068 2895 ac
1102 2844 1270 2904 Regnis
1305 2846 1479 2910 Japoniae
1514 2844 1683 2896 Divina
1717 2841 1929 2910 Mysteria
1964 2840 2112 2911 patri).>

263 2908 414 2973 lingua
450 2914 571 2977 pergi
605 2913 758 2962 liceret
786 2948 799 2964 ,
819 2912 1022 2979 'Propter
1057 2914 1227 2975 negotii
1261 2914 1525 2975 gravitatem
1560 2914 1792 2965 contrariis
1829 2913 1932 2961 hinc
1965 2910 2105 2966 inde„

266 2979 496 3033 sententiis
531 2981 675 3031 Causa
709 2981 1012 3050 disputabatur
1046 3019 1061 3044 ,
1109 2998 1245 3050 atque
1279 2981 1393 3032 adeo
1439 2982 1632 3035 creberis
1681 2980 2109 3051 comperendinatio·

267 3050 395 3100 nibus
429 3052 596 3114 exitum
630 3049 883 3117 desperabat
909 3074 922 3111 3
957 3052 1108 3102 -donec
1144 3056 1181 3101 L
1196 3072 1223 3100 υ
1239 3072 1262 3101 1³
1277 3073 1304 3100 υ
1319 3072 1338 3101 s
1372 3056 1618 3106 Romanam
1653 3053 1891 3103 Ecclesiam
1925 3050 2108 3117 ejusmo-

265 3119 314 3169 di
349 3119 570 3175 Postulata
619 3117 784 3189 semper
832 3121 1018 3189 rejecisse
1067 3122 1324 3187 dogmatico
1369 3125 1542 3191 Scripto
1579 3125 1838 3178 monstravit
1873 3159 1886 3183 ‚
1934 3138 2109 3190 atqued·

267 3188 334 3242 ita
368 3191 492 3239 litem
532 3226 546 3250 ‚
596 3208 692 3256 quae
728 3192 890 3240 multos
924 3200 1013 3259 jam
1050 3209 1248 3248 tenuerat
1282 3211 1419 3243 annos
1463 3230 1477 3254 ‚
1527 3197 1571 3249 &
1605 3195 1696 3247 alta
1732 3193 1939 3256 fatigarat
1974 3197 2105 3256 Inge-

268 3263 342 3312 nia
365 3297 379 3320 ‚
428 3258 517 3327 ipse
553 3259 800 3310 Posteritati
836 3264 1129 3331 peremptorie
1164 3263 1344 3319 diremit
1373 3300 1386 3312 .
1435 3268 1516 3312 Per
1551 3264 1598 3318 id
1634 3280 1804 3331 tempus
1839 3262 1930 3312 duo
1965 3266 2107 3324 magi-

268 3348 340 3384 ma
375 3329 486 3384 adiit
521 3332 626 3380 vitae
659 3329 906 3380 discrimina
936 3354 949 3391 3
986 3337 1168 3384 alterum
1206 3334 1400 3385 fulminis
1434 3339 1550 3401 jactu
1574 3371 1588 3395 ‚
1624 3335 1810 3389 alterum
1845 3333 2106 3402 pestilitate.

266 3399 474 3469 Qodam
510 3399 582 3449 die
619 3398 724 3449 dum
760 3403 896 3450 Sacris
931 3420 1231 3470 operararetur
1256 3440 1279 3467 ‚,
1326 3403 1471 3453 subito
1506 3403 1661 3457 coorta
1711 3404 1968 3472 tempestate
2021 3403 2107 3459 ful-

267 3487 367 3522 men
401 3470 438 3525 ὲ
461 3469 649 3525 nubibus
684 3468 896 3525 excussum
932 3473 994 3526 est
1022 3494 1046 3535 ‚·
1071 3475 1193 3542 quod
1229 3474 1428 3529 horribili
1466 3474 1635 3539 fragore
1661 3511 1675 3536 ,
1710 3474 1934 3542 odoreque
1970 3490 2114 3529 teter,

720 3579 723 3582 -
1925 3562 2040 3595 nmo
