2346 3776
367 70 458 130 350

295 154 370 193 sunt
388 155 504 190 eadem
516 159 527 187 .’
551 155 624 203 Qi
647 154 799 190 differant
812 180 823 196 ‚
847 154 918 191 dixi
936 155 977 189 ad
999 155 1177 191 Nicaenum
1197 171 1206 193 ·÷

294 206 494 250 Symbolum
504 205 685 249 ex.8ynodi
692 203 977 241 Chalcedonensis
999 205 1177 244 Relatione

292 257 334 292 ad
348 257 561 291 Marcianum
572 255 760 300 Augustum
774 280 781 287 .
808 256 892 289 Haec
904 254 1060 298 Synodus
1071 257 1177 301 magis
1202 279 1203 282 =

291 318 387 352 urget
400 318 496 342 voces
516 331 528 347 ‚
552 309 600 340 Et
610 304 804 347 homofaevus
814 304 875 346 est,
898 305 1175 350 adversussApoi-

290 357 404 393 linarii
415 368 514 392 voces
524 382 536 398 ‚
563 356 644 391 teste
657 355 776 389 Sanno
789 352 974 390 Athanasio
994 356 1033 390 in
1054 356 1177 391 'litteris

290 407 507 452 synodalibus
531 403 768 439 Alexandrinis
788 403 831 439 ad
853 405 1032 441 Ecclesiam
1054 406 1176 442 Antio.-

292 457 455 498 0henam,
479 453 673 500 fiandalosus
699 456 734 488 &r
739 461 936 499 peregrinas.
966 457 1031 491 Eas
1044 458 1079 491 in
1091 458 1174 492 litte·

290 510 334 544 ris
359 509 399 543 ad
422 505 627 541 Cledonium
639 503 776 539 adducit
786 506 970 552 Gregorius
990 508 1176 543 Nazianze-

290 568 373 594 nus:
400 557 594 590 adorandum
614 554 666 598 effe
683 566 741 589 non
763 554 910 591 bominem
922 557 1097 601 Deiferum,
1118 557 1178 602 sed

291 605 596 647 Beumcarniferum.
624 602 725 639 Nihil
745 604 932 642 dementius
959 620 1016 643 aut
1039 609 1172 648 stultius

291 658 374 704 fingi
386 656 476 702 posse
487 657 533 691 ait
546 655 746 701 Gregorius,
774 658 854 691 novi
864 668 986 693 ’tamen
998 659 1176 704 Dogmati-

290 708 343 743 ἢκ
370 708 411 743 de
438 707 506 742 illis
530 705 617 743 adeo
654 706 886 751 gloriabantur
909 733 922 750 ,
953 719 991 745 ut
1015 719 1176 754 tanquam

286 758 396 803 infigne
420 759 456 792 ό·
465 758 683 791 admirandum
693 757 866 793 orthodoxae
875 760 1001 803 elogium
1021 759 1175 794 inscribe—

285 820 359 844 rent
379 808 559 843 domorum
581 809 710 842 suarum
722 807 910 843 vestibulis.
938 809 1007 843 Eos
1041 811 1175 845 Sanctus

286 860 519 904 Hieronymus
547 858 660 902 passim
687 868 785 892 vocat
810 860 984 894 dimidiata·
1012 866 1175 895 oeconomr‘ae

285 909 482 944 adsertores.
509 909 588 942 Deo
602 918 745 952 namque
756 907 870 943 Verbo
896 919 954 944 aut
978 921 1088 946 veram
1110 923 1174 946 car·

284 970 386 1000 nem,
412 968 470 993 aut
480 958 648 999 animam,
676 968 733 993 aut
743 968 890 994 mentem
910 960 1099 1003 detraxere,
1125 961 1173 996 di-

282 1010 339 1044 visi
354 1011 389 1045 in
401 1019 466 1044 tres
477 1008 656 1048 faffloues,
684 1008 725 1043 de
735 1008 855 1051 quibus
867 1011 1004 1045 Sanskus
1014 1011 1172 1057 Augusti-

282 1071 345 1095 nus
356 1060 391 1094 in
406 1059 491 1094 libro
502 1059 545 1093 de
555 1058 649 1093 dono
659 1060 922 1101 perseverantiae:
950 1065 1024 1095 Non
1036 1069 1082 1095 ita
1102 1064 1175 1096 dici*

284 1122 352 1144 mus
376 1108 526 1150 Christum
545 1108 693 1143 horm'nem
704 1134 715 1151 ,
741 1118 775 1143 ut
786 1111 907 1154 aliquid
924 1117 1024 1145 minus
1036 1112 1148 1146 babeat
1160 1137 1171 1152 ,

284 1162 368 1204 quod
375 1162 421 1194 ad
428 1159 594 1194 humanam
603 1169 717 1193 certum
727 1159 767 1200 est
774 1167 930 1203 pertinere
943 1171 1087 1196 naturam
1101 1175 1115 1205 ;
1135 1162 1173 1205 fi·

287 1217 471 1249 veanimam
484 1234 495 1251 ,
514 1209 580 1251 five
590 1216 622 1243 in
633 1208 699 1253 ipsa
711 1216 815 1244 anima
825 1220 956 1246 mentem
965 1214 1146 1248 rationalem
1154 1238 1164 1255 ‚

280 1260 347 1304 five
357 1270 475 1295 carnem
485 1271 544 1294 non
554 1259 893 1304 defoerninasicmptam
905 1286 916 1302 ‚
935 1260 1120 1305 sedfad'am
1129 1265 1167 1297 de

281 1312 377 1346 Verbo
389 1317 422 1345 in
449 1322 570 1345 carnem
581 1308 720 1354 conversa
745 1319 835 1354 atque
845 1321 981 1347 mutato:
1009 1316 1093 1358 ,ραι
1114 1326 1171 1348 om-

281 1368 335 1395 m'a
344 1360 500 1405 trtafalfa
527 1363 561 1396 ἐν
572 1372 658 1395 vana
668 1360 873 1397 baereticorum
889 1364 1169 1406 Apollinarissarum

282 1421 343 1446 tres
366 1421 476 1455 partes
496 1417 607 1446 varias
632 1410 828 1456 diversasque
847 1414 1007 1456 fecerunt.
1033 1416 1078 1450 Et
1098 1415 1167 1450 haec

279 1463 395 1497 omnia
410 1486 421 1502 ‚
450 1461 541 1506 quod
553 1463 697 1505 Joannes
710 1462 892 1506 Apostolus
901 1465 1012 1506 dicat,
1037 1469 1084 1498 Et
1099 1477 1166 1499 ver·

284 1512 355 1547 bum
379 1524 449 1546 caro
467 1511 590 1554 fadum
616 1511 672 1552 est.
701 1513 791 1547 Caro
803 1524 843 1547 ex
855 1514 970 1549 Verbo
1000 1516 1108 1555 fasta,
1134 1516 1167 1549 ὃ(

282 1562 417 1607 quidem
444 1562 510 1597 fine
537 1562 649 1596 anima
674 1571 732 1596 aut
759 1572 871 1599 mente
891 1589 903 1605 ‚
928 1563 1019 1608 quod
1046 1566 1082 1600 in
1108 1565 1167 1600 illa

282 1613 389 1657 ipsum
403 1612 554 1646 Verbum
565 1612 727 1654 suppleret
739 1614 854 1646 animae
877 1624 934 1647 aut
954 1615 1076 1648 mentis
1096 1615 1167 1647 offi-

281 1664 331 1698 cia
344 1688 355 1704 ,
381 1661 497 1706 utpote
517 1661 703 1695 conflatum
723 1672 800 1695 cum
824 1662 892 1705 ipsa
913 1662 948 1694 in
961 1674 1062 1696 unam
1075 1673 1166 1697 natu-

279 1725 347 1748 ram
366 1738 376 1753 ‚
404 1711 576 1758 quomodo
592 1712 625 1745 in
639 1710 737 1745 nobis
751 1710 862 1747 anima
887 1713 923 1746 ἀ
934 1723 1071 1757 corpus.
1098 1712 1167 1747 Ad·

278 1763 410 1799 versum
423 1762 520 1797 hasce
544 1772 649 1807 nugas
668 1761 751 1795 dicit
768 1762 990 1805 Symbolum,
1015 1766 1063 1800 Et
1084 1757 1167 1797 bomo

269 1815 380 1858 fm‘lus
392 1813 451 1854 est:
480 1814 600 1846 Homo
626 1811 754 1857 integer
778 1812 813 1845 ὃς
829 1812 963 1855 plenus.

328 1865 388 1898 Sub
416 1866 523 1897 Pontio
550 1863 650 1895 Pilato
673 1886 680 1894 .
708 1860 808 1896 Rene
832 1863 945 1898 austor
970 1864 1166 1909 incognitus

285 1916 373 1958 apud
397 1911 626 1959 Augustinum
648 1912 683 1945 in
706 1912 912 1947 sermonibus
931 1913 973 1948 de
994 1924 1164 1958 tempore.-

276 1966 332 2007 Jste
346 1967 468 1999 Pilatus
473 1967 506 2009 J
508 1964 587 1996 udex
598 1972 666 1996 erat
675 1968 709 1995 in
719 1964 768 1996 illo
777 1971 907 2004 tempore
928 1964 967 1997 ab
978 1968 1164 2008 Imperatore

270 2016 381 2060 pofitus
395 2022 426 2049 in
432 2016 575 2061 Judaeu,
597 2011 654 2056 sub
667 2025 723 2056 quo
749 2017 897 2047 Dominus
912 2015 1038 2058 paffus:
1067 2019 1163 2057 Cujus

275 2073 386 2100 mentio
418 2066 462 2098 ad
477 2064 717 2108 fignificationem
737 2069 882 2106 temporis
902 2088 913 2104 ,
939 2076 998 2098 non
1018 2066 1064 2098 ad
1082 2067 1163 2099 illius

95 2154 184 2186 svm·
209 2156 254 2191 ⁵⁸·
273 2113 1162 2212 Zlsssfirffg'jff‘xissizfflzrsszmissffstssfpi'ffizzfff

275 2225 393 2260 tempus
418 2213 606 2259 &reigestae
618 2219 737 2248 veritas
751 2213 951 2257 ficpaetefhat.
989 2216 1034 2249 Et
1059 2215 1163 2253 Ruffi-

275 2278 338 2302 nus
360 2268 395 2301 in
408 2265 616 2310 expositione
634 2264 676 2299 ad
700 2263 901 2308 Episcopum
923 2264 1161 2300 Laurentium:

277 2317 469 2359 Cautrffimb,
495 2314 720 2360 qursymbolum
729 2315 948 2356 tradiderunt,
973 2320 1067 2349 etlam
1089 2324 1163 2350 tem-

270 2378 336 2413 pus
349 2392 360 2409 ,
385 2380 441 2412 quo
457 2366 522 2402 haec
527 2364 586 2410 sub
596 2368 705 2400 Pontio
715 2367 816 2399 Pilato
820 2364 903 2408 gesta
912 2363 1010 2409 sunt,
1033 2364 1160 2410 defigna·

277 2427 350 2453 runt
374 2433 384 2452 .-
412 2423 464 2452 Ne
487 2428 525 2451 ex
547 2417 650 2459 aliqua
666 2423 761 2457 parte
780 2416 865 2449 velut
887 2427 969 2460 vaga
992 2419 1030 2453 ά·
1049 2421 1162 2449 incerta

273 2469 419 2514 gestorum
444 2468 568 2501 traditio
594 2466 755 2502 vacillaret
775 2491 782 2498 .
810 2465 965 2501 Erravere
1001 2466 1105 2510 igitur
1125 2466 1159 2499 in

274 2518 457 2553 collatione
480 2515 730 2560 Carthaginensi
758 2515 965 2557 Donatistae,
990 2516 1160 2557 dicentes,

275 2567 366 2612 quod
379 2565 534 2611 Apostoli
548 2566 612 2599 suis
632 2565 777 2608 Synodis
796 2576 967 2610 nunquam
988 2565 1079 2604 diem
1103 2576 1159 2602 aut

277 2618 461 2654 Consulem
471 2616 690 2660 apposuissent
700 2641 707 2647 .

105 457 194 498 zpist.
210 468 236 491 ι·

96 1880 251 1916 serm-131·

326 2666 504 2712 Reswrenit
526 2671 619 2700 tertia
638 2667 687 2701 die
702 2663 867 2709 J'ecundrim
885 2668 1062 2708 Scripturas
1077 2690 1085 2698 .
1113 2668 1157 2700 D.

275 2717 463 2754 Cardinalis
484 2714 632 2761 Julianus
655 2715 839 2751 Caesarinus
863 2716 898 2750 in
919 2716 1059 2760 Synodo
1084 2716 1160 2751 Flo-

275 2769 406 2805 sentina
429 2767 569 2813 protulit
590 2766 699 2801 varios
725 2766 856 2800 codices
893 2766 1154 2809 antiquissimos,

273 2830 417 2870 quorum
439 2818 575 2862 quidam
597 2815 784 2858 habebant,
810 2816 947 2861 quidam
969 2828 1038 2852 non
1060 2815 1157 2850 habe-

274 2870 355 2905 bant
366 2880 485 2909 voces,
511 2868 676 2902 Secundam
686 2870 857 2910 scripturas
871 2892 879 2898 .
906 2867 989 2901 Non
1013 2867 1032 2902 ὲ
1053 2868 1159 2910 Syno-

273 2922 319 2955 do
331 2919 417 2960 hac,
442 2919 496 2954 sed
517 2920 535 2953 a
549 2918 659 2952 nescio
675 2917 796 2963 quibus
817 2917 936 2951 Graecis
962 2916 1049 2951 dixit
1072 2917 1158 2961 post-

275 2972 414 3004 modum
438 2968 617 3014 adpositas,
643 2968 678 3003 ὅ(
699 2967 896 3002 concludit:
927 2970 1053 3001 Domine
1074 2970 1159 3001 Prae-

272 3019 324 3063 sul
334 3019 480 3063 prefie,
499 3017 529 3061 fi
550 3020 585 3053 Θ
598 3031 651 3053 nos
663 3019 739 3051 duas
759 3016 907 3061 quasdam
927 3019 1049 3053 voculas
1070 3026 1158 3060 appo·

277 3076 375 3103 nimus
391 3094 401 3110 ‚
425 3081 494 3112 quae
507 3081 564 3102 non
574 3078 663 3103 erant
672 3074 705 3102 r'n
716 3068 863 3108 symbolo,
890 3079 948 3101 non
973 3067 1089 3101 debetis
1114 3079 1156 3102 re-

273 3119 459 3163 prehendere
470 3132 523 3152 nos
536 3144 544 3151 .
571 3118 646 3153 Esse
657 3128 768 3153 tamen
782 3118 945 3162 adpositas
956 3116 997 3152 ab
1010 3118 1078 3161 ipsa
1101 3119 1157 3161 Sy-

277 3168 370 3202 nodo
392 3169 530 3203 insinuat
553 3180 621 3203 non
655 3168 790 3204 obscure
811 3170 948 3203 sanstus
978 3168 1158 3212 Gregorius

278 3219 509 3257 Nazianzenus
530 3219 564 3252 in
575 3221 712 3253 trastatu
733 3219 773 3253 de
795 3218 860 3252 fide
874 3218 1030 3252 Nicaena.
1052 3218 1159 3266 Qid-

277 3268 358 3313 quid
371 3267 406 3300 fit
419 3291 430 3306 ,
456 3278 523 3301 vox
535 3269 638 3301 sanna
649 3269 694 3303 est
708 3294 719 3310 ,
745 3269 917 3312 desumpta
936 3280 979 3303 ex
999 3267 1158 3311 Apostoli

276 3318 319 3353 ad
331 3314 525 3353 Corinthios
537 3316 681 3359 Epistola
694 3343 701 3350 .
730 3319 773 3352 Et
786 3320 879 3363 supra
889 3319 907 3353 ὲ
922 3319 1039 3353 Sansso
1051 3318 1157 3354 Atha-

279 3369 369 3406 nasio
380 3365 565 3401 audivimus
575 3367 672 3401 etiam
685 3366 770 3402 hanc
782 3370 844 3402 esse
863 3380 979 3403 vocem
1000 3369 1159 3412 symboli-

277 3430 350 3457 cam
364 3431 375 3451 .·
402 3421 521 3450 Natum
531 3427 569 3448 ex
581 3419 703 3458 Virgine
720 3415 881 3458 ‚secundnm
891 3422 1062 3461 Scripturas
1073 3444 1081 3450 .

327 3472 374 3506 Et
391 3465 526 3516 sepultus
548 3464 588 3507 est
608 3490 617 3501 .
644 3463 875 3513 Apostolicum
900 3493 912 3509 ,
937 3469 1026 3510 quod
1055 3468 1157 3506 hodie

98 2992 217 3028 §ess-12.

532 69 819 117 canones
853 71 1156 116 Conci-111
1188 71 1930 127 Cousranrmoi‘osnr‘ani

1236 154 1423 198 ‘habemun
1449 160 1780 208 Symbolumaddiu
1802 159 1963 207 vescendi&
1981 170 2030 204 aa
2049 173 2136 215 infe--

1243 219 1292 240 ros
1305 232 1316 248 ‚
1341 207 1384 243 de
1403 219 1471 251 quo
1494 210 1916 262 Ruffinusin'eiepositione
1934 219 1976 254 ad
1997 220 2132 265 Episco-

1243 269 1322 301 pum
1334 258 1569 298 Laurentium:
1596 261 1905 311 srmfimeest,
1931 272 2015 312 quad
2023 277 2057 304 in
2066 274 2130 304 Εσ-

1240 307 1330 350 clqfiae
1338 311 1483 352 Romana
1493 312 1625 353 symbolo,
1634 326 1697 347 non·
1713 315 1842 356 habetur·
1853 320 1995 354 additum
2006 345 2018 363 ‚
2043 321 2128 357 DE-

1242 357 1457 395 SCENDIT
1480 360 1557 395 AD<
1578 362 1796 400 INFERNA
1822 380 1832 401 ι
1864 368 1924 413 sed
1956 377 2054 414 neque
2094 378 2135 406 in.

1225 429 1229 471 Ι
1241 412 1375 442 Orientis
1385 411 1521 453 Ecclefiis
1532 411 1660 447 babetur
1669 414 1718 448 hic
1723 414 1822 458 sermo
1830 443 1841 459 ,
1866 426 1918 453 vis
1944 431 2047 455 tamen
2057 432 2129 456 ver*

1240 458 1271 491 br
1292 460 1398 493 eadem
1420 463 1545 496 videtur
1565 463 1618 506 effe
1639 470 1673 497 in
1693 476 1750 507 eo,
1773 470 1856 510 qued
1864 468 2127 508 SEPULTUS

1239 510 1370 543 dicitur.
1398 511 1527 546 Ruffini
1540 513 1642 558 igitur
1654 525 1805 559 tempore
1832 517 2049 563 Aquilejensis
2070 520 2127 556 ha·

1239 558 1361 601 bebat‚
1387 559 1542 596 Romana
1567 563 1706 602 Ecclesia
1729 578 1797 600 non
1821 566 1963 604 habebat
1983 594 1995 610 ‚
2020 572 2125 607 modo

1239 620 1348 644 autem
1360 607 1462 645 habet
1476 635 1487 652 ,
1514 612 1675 656 Descendit
1685 617 1730 649 ad
1739 617 1850 659 inferos
1861 644 1868 650 .
1897 619 1951 653 Ex
1963 631 2030 661 quo
2047 633 2126 656 con-

1240 659 1388 694 firmatur
1395 673 1512 696 eorum
1525 663 1643 707 opinio
1656 689 1669 705 ,
1695 665 1753 710 qui
1773 668 1876 703 'etiam
1887 668 2122 713 Apostolicum

1238 709 1435 753 Symbolum
1459 713 1694 754 suceeffiveffex
1731 718 1836 752 causis
1856 719 2048 756 existimant
2071 733 2126 760 au-

1239 762 1344 795 Qum.

1280 813 1437 856 Judicare
1458 819 1549 848 vivos
1575 816 1611 850 6·
1631 825 1761 851 mortuos
1789 844 1796 851 .
1839 819 2016 857 Facundus
2039 822 2128 857 Her-

1237 861 1412 896 mianensis
1432 862 1614 908 Episcopus
1633 891 1645 907 ,
1683 867 1720 901 in
1741 868 1912 912 publicata
1942 872 2048 916 nuper
2066 884 2123 917 pet

1239 911 1365 946 Lucam
1391 912 1598 949 Dacherium
1624 916 1702 951 fidei
1741 917 1914 955 catholicae
1951 922 2125 966 Epistola,

1239 960 1330 996 hunc
1341 962 1515 998 articulum
1536 964 1584 1000 ait
1605 976 1676 1001 non
1693 971 1960 1016 contraaliquam
1980 971 2126 1009 haerefim

1237 1011 1278 1046 ab
1291 1013 1399 1057 aliqua
1409 1014 1566 1057 Synodo,
1595 1016 1650 1050 sed
1675 1021 2128 1064 tanquamfundamentalern.

1237 1061 1278 1096 ab
1291 1063 1363 1107 ipsis
1375 1063 1546 1107 Apostolis
1565 1066 1730 1109 Symbolo
1742 1069 1922 1106 insertum:
1950 1071 2006 1106 Ab
2027 1085 2070 1108 eo
2089 1074 2127 1108 fio

1234 1112 1385 1153 delium,
1413 1114 1652 1158 Episcoporum
1674 1119 1847 1160 praesertim
1876 1145 1888 1162 ,
1915 1121 1949 1162 in
1974 1122 2127 1158 Ecclefiae

1237 1164 1373 1206 pacifica
1384 1166 1625 1200 communione
1636 1167 1862 1205 defunstorum
1877 1171 2124 1208 damnatorium

1234 1212 1395 1257 judicium
1417 1216 1568 1250 reservari
1592 1217 1741 1261 supremo
1762 1219 1865 1263 judici
1878 1221 1951 1264 Jesu
1963 1221 2098 1258 Christo
2110 1246 2124 1264 ,

1229 1263 1385 1308 'adeoque
1423 1266 1522 1300 trium
1569 1267 1803 1312 Capitulorum
1841 1272 2090 1319 impugnatores
2110 1297 2124 1314 ,

1235 1312 1460 1350 Theodorum
1486 1316 1760 1360 Mopsuestenum
1782 1321 1985 1366 Episcopum
2011 1324 2046 1357 in
2070 1335 2124 1358 ca-

1236 1363 1361 1400 tholica
1384 1377 1464 1409 paee
1486 1365 1675 1402 defunctum
1695 1370 1767 1413 post
1799 1383 1943 1406 mortem
1964 1373 2124 1408 damnare

1235 1416 1329 1450 ausos
1349 1440 1360 1456 ,
1387 1417 1450 1451 esse
1468 1415 1539 1459 ejus
1558 1418 1798 1462 superbissimos
1829 1423 2090 1465 praevaricatores
2108 1448 2122 1464 ,

1239 1465 1354 1509 utpote
1363 1466 1419 1509 qui
1432 1467 1616 1509 supremum
1640 1469 1714 1512 Jesu
1726 1469 1849 1506 Christi
1862 1472 2072 1518 privilegium
2083 1472 2122 1507 in

1236 1515 1267 1548 se
1288 1515 1504 1549 transcribant
1525 1539 1536 1554 ‚
1575 1528 1614 1549 ac
1641 1521 1704 1552 esse
1725 1520 1828 1555 velint
1852 1523 2023 1557 Alciffimo
2047 1534 2119 1558 non

1234 1564 1365 1599 tantum
1387 1565 1529 1605 similes,
1556 1565 1611 1599 sed
1635 1567 1669 1601 δε
1697 1569 1893 1611 superiores.
1920 1571 2121 1617 Atgraviffi·

1233 1613 1286 1647 me
1307 1625 1411 1648 errare
1435 1614 1630 1650 Facundum
1653 1640 1665 1656 ,
1702 1618 1744 1652 ad
1770 1620 1922 1663 quintam
1941 1622 2118 1665 Synodum

1234 1663 1463 1697 ostendemus.

1284 1714 1380 1754 Cujus
1402 1718 1487 1757 regni
1508 1724 1567 1746 non
1585 1720 1644 1747 erit
1649 1715 1743 1757 finis.
1770 1718 1855 1752 Sunt
1879 1718 2045 1754 Gabrielis
2057 1719 2118 1756 Ar-

1232 1762 1386 1808 changeli
1407 1764 1448 1798 ad
1472 1762 1651 1807 Deiparam
1685 1765 1781 1802 verba
1808 1791 1820 1808 ,
1854 1768 1976 1813 adjecta
1999 1780 2120 1806 contm

1233 1813 1431 1848 Marcellum
1443 1812 1684 1856 Ancyranum,
1710 1816 1905 1853 delirantem
1927 1818 2050 1854 Christi
2071 1831 2119 1856 re·

1233 1875 1358 1910 gnum,
1385 1863 1465 1898 dum
1485 1862 1575 1897 Patri
1587 1865 1683 1899 fuerit
1696 1866 1874 1909 traditum,
1901 1870 1973 1904 fore
1995 1869 2118 1904 exstin—

1231 1913 1402 1959 guendum
1425 1938 1437 1955 ‚
1475 1912 1636 1959 illumque
1656 1916 1876 1963 redigendum
1895 1919 1931 1953 in
1954 1919 2117 1964 justorum

1234 1964 1384 1999 ordinem
1397 1989 1405 1997 .
1576 1984 1578 1987 .
2111 1981 2117 1988 ·

1282 2016 1444 2049 Credimus
1455 2021 1489 2049 in
1499 2019 1646 2059 spiritum
1660 2015 1820 2061 fandum·
1847 2019 1951 2054 Recte
1976 2021 2114 2056 Sanctus

1233 2064 1433 2100 Athanasius
1456 2066 1490 2100 in
1517 2066 1635 2101 litteris
1667 2068 1882 2112 synodalibus
1913 2070 1953 2104 ad
1975 2080 2116 2106 omnem

1231 2117 1321 2150 suam
1344 2116 1521 2150 Dioeeefim
1543 2131 1554 2151 .·
1583 2121 1715 2152 Nrcaena
1732 2120 1863 2159 synodus
1884 2132 1944 2153 non
1962 2123 2115 2158 alienavit

1230 2169 1376 2209 Spiritum
1387 2164 1530 2208 fandum
1554 2169 1574 2199 ᾶ
1589 2170 1683 2202 Patre
1708 2170 1743 2203 &
1756 2171 1837 2203 Filio
1850 2195 1861 2211 ‚
1881 2169 1945 2213 sed
1959 2182 2026 2204 eum
2046 2173 2112 2204 um?

1224 2217 1410 2261 glorificavit
1431 2228 1497 2249 cum
1510 2219 1605 2250 Patre
1629 2219 1663 2251 ὦ·
1685 2220 1787 2254 Filio:
1812 2219 1927 2264 utique
1948 2220 2114 2262 dicendo,

1230 2268 1390 2301 credimus
1434 2267 1469 2301 (θ’
1490 2271 1524 2298 in
1545 2269 1690 2308 spiritum
1707 2266 1849 2311 fandum
1869 2292 1878 2301 .
1916 2269 1961 2304 Et
1983 2270 2115 2313 Synodi

1230 2315 1509 2351 Chalcedonensis
1520 2315 1562 2350 ad
1578 2316 1768 2361 Principem
1792 2319 2002 2353 Marcianum
2016 2320 2112 2354 Rela-

1228 2370 1278 2401 tio
1302 2379 1308 2399 z
1337 2370 1447 2400 Iterum
1474 2373 1519 2398 ait
1541 2366 1700 2404 symbolum
1720 2372 1883 2402 Nieaenum
1902 2393 1913 2409 ‚
1939 2370 2111 2407 CREDO

1231 2416 1297 2450 ET
1325 2416 1376 2450 ΙΝ
1404 2415 1646 2451 SPlRlTUM
1671 2416 1945 2458 SANCTUM,
1965 2417 2110 2462 sufficien-

1227 2477 1286 2501 tem
1295 2467 1525 2510 intelligentiam
1535 2491 1545 2506 ‚
1572 2467 1656 2508 quid
1666 2466 1932 2511 spiritussanaeus
1945 2472 2027 2503 Deus
2041 2469 2110 2553 fig:

1222 2524 1288 2560 piis
1309 2516 1459 2551 mentibus
1479 2517 1626 2550 tradens.
1652 2519 1776 2551 sienim
1791 2516 1929 2559 fimiliter
1950 2528 1986 2552 ut
1996 2525 2029 2552 in
2044 2522 2072 2553 Ρ

1226 2577 1303 2602 trem
1328 2569 1406 2602 &in
1416 2567 1531 2600 Filium
1545 2591 1556 2606 ,
1581 2572 1628 2599 ita
1637 2573 1729 2600 etiam
1750 2573 1783 2601 in
1805 2570 1951 2610 spiritum
1966 2567 2110 2612 sanburn

1225 2620 1343 2652 credere
1355 2618 1462 2658 juffit,
1487 2616 1675 2658 manffestum
1696 2617 1756 2659 est,
1781 2620 1865 2660 quad
1881 2625 1991 2662 quippe
2013 2628 2049 2652 ut
2072 2626 2107 2653 in

1227 2672 1323 2701 Deum
1328 2665 1414 2710 spem
1424 2666 1534 2701 habere
1545 2679 1599 2700 nos
1604 2674 1748 2710 praecipit
1758 2692 1770 2708 ,
1795 2680 1890 2703 unam
1905 2679 2049 2702 naturam
2061 2675 2109 2704 in-

1218 2717 1344 2765 finuans
1366 2723 1398 2750 in
1419 2719 1571 2750 Trinitate
1590 2719 1799 2751 credentibus.
1826 2718 1866 2752 In
1887 2730 1986 2762 quem
2010 2720 2103 2754 enim

1224 2768 1388 2802 credimus
1399 2792 1410 2808 ‚
1436 2767 1500 2801 esse
1510 2767 1607 2802 debet
1620 2779 1713 2801 verus
1738 2769 1773 2802 δε
1790 2768 1906 2812 plenus
1917 2770 2028 2804 Deus.

1274 2821 1435 2851 Dominum
1447 2841 1454 2849 .
1481 2817 1616 2851 Dicitur
1627 2829 1743 2852 eontra
1753 2818 2017 2854 Macedonianos
2027 2845 2037 2861 ‚
2063 2819 2115 2855 de=

1223 2868 1344 2912 quibus
1363 2867 1545 2912 Gregorius
1574 2867 1805 2903 Nazianzenus
1836 2869 1871 2902 in
1897 2870 2050 2904 oratione
2068 2870 2107 2904 in

1223 2918 1445 2953 Dominicam
1474 2916 1684 2952 pentecostes
1705 2931 1714 2950 ε
1753 2921 1820 2963 ,Qui
1856 2921 2002 2961 Spiritum
2034 2918 2107 2963 san-

1222 2969 1302 3002 erum
1333 2974 1367 3002 in
1399 2977 1605 3002 creaturarum
1635 2970 1768 3004 ordinem
1797 2970 1942 3010 dejiciunt
1963 2995 1974 3010 ,
2008 2979 2109 3004 contu*

1224 3017 1333 3060 meliosi
1344 3017 1420 3062 sunt
1439 3019 1474 3052 Ca·
1492 3016 1629 3060 fiteleran·
1645 3017 1754 3062 servi,
1780 3028 1871 3063 atque
1891 3021 1965 3054 adeo
1980 3018 2103 3064 scelera‘

1222 3078 1320 3104 torum
1336 3066 1543 3111 fteleran‘ffimi
1566 3092 1574 3101 .
1600 3070 1812 3103 sceleratorum
1837 3074 1918 3104 enim
1943 3068 2097 3113 servorum

1213 3118 1261 3160 est
1287 3124 1443 3160 imperium
1473 3116 1654 3162 adspernari
1680 3143 1693 3160 ,
1730 3121 1767 3155 Θ
1791 3120 1943 3154 advenias
1969 3119 2099 3151 domma-

1226 3175 1336 3202 tionem
1365 3167 1517 3212 insurgere
1538 3193 1549 3210 ,
1575 3178 1666 3211 atque
1685 3171 1722 3202 id
1742 3194 1753 3210 ,
1784 3171 1865 3212 quod
1891 3169 2014 3203 liberum
2037 3165 2092 3206 est»

1221 3224 1254 3255 in
1275 3220 1402 3253 eandem
1421 3217 1521 3261 secum
1550 3217 1714 3262 servitutis
1733 3220 1846 3263 claffem
1878 3219 2021 3261 παίζετε.
2053 3215 2097 3249 Et

1221 3268 1359 3303 Basilius
1371 3292 1382 3310 ‚
1408 3269 1562 3304 Seleuciae
1572 3270 1754 3313 Episcopus
1766 3294 1777 3310 ,
1789 3265 2003 3311 Metropolim
2014 3265 2098 3300 Isau·

1220 3330 1332 3355 rorum
1352 3344 1362 3360 ‚
1389 3319 1423 3352 in
1438 3319 1555 3353 litteris
1577 3317 1842 3363 synodalibusad
1866 3317 2015 3351 Leonem
2027 3314 2100 3349 Au·

1220 3369 1376 3414 gustum,
1401 3368 1604 3404 exstantibus
1626 3370 1696 3413 post
1719 3365 1893 3411 Synodum
1914 3364 2101 3400 Chalcedo-
2163 3412 2170 3420 .

1223 3420 1377 3460 nensem‚
1405 3419 1514 3453 laudat
1537 3418 1633 3461 hujus
1653 3417 1779 3460 Synodi
1796 3416 1951 3458 piiffimam
1981 3416 2072 3459 legem
2086 3439 2098 3456 ,
2120 3411 2253 3452 Epist-33·

1221 3481 1313 3513 quam
1335 3472 1373 3506 de
1388 3468 1488 3515 sandi
1508 3471 1640 3511 spiritus
1652 3465 1844 3511 substantia,
1865 3464 1986 3510 ejusque
1984 3469 2098 3548 „gomi-

1927 3525 1983 3549 nat
2030 3526 2048 3550 e
