2346 3776
78 462 223 494 ‚Li-taz.

86 653 241 682 zozomen.

86 691 138 725 1.4·
155 699 182 720 c.
197 700 227 720 12

658 102 965 160 Sotionis,
1004 119 1066 146 ετ
1102 116 1280 146 NOTIS
1315 117 1692 151 ILLvsrRAn.

263 198 328 224 tum
339 195 372 223 in
383 188 545 228 Palaestina
550 185 674 230 sancita
684 210 695 227 ,
713 185 872 233 suffiagiis
878 185 944 229 suis
956 196 1068 229 quoque
1075 195 1142 218 con-

264 240 432 280 firmarent.
464 236 639 272 palastinae
650 236 773 271 sancita
785 238 860 270 sunt
871 236 1013 279 ejusdem
1034 238 1138 280 Syno-

259 290 296 324 di
325 290 550 333 publicatione
560 288 641 320 facta
653 286 854 330 synodaliter
881 298 935 329 per
951 286 1140 320 Maximum

260 340 465 383 Episcopum
477 338 841 380 Hierosolymitanum.
871 336 980 379 Hujus
999 336 1144 379 publica

260 390 365 428 tionis
375 388 471 423 causa
483 412 494 427 ‚
521 398 627 422 motas
637 386 818 422 Athanasio
831 397 932 421 novas
941 387 1143 421 calamitates

259 450 316 483 per
328 439 564 473 Constantium
579 438 767 482 Augustum
781 462 793 479 ,
817 438 966 471 Socrates
988 437 1140 471 testatur.

259 487 554 532 Nihilominusipfi
568 488 745 522 Eusebiani
758 500 799 521 ex
811 487 951 530 Synodo
964 487 1142 530 Ancyrana

258 538 300 572 ad
313 539 456 572 eundem
478 539 666 582 Principem
679 538 829 582 legavere
850 537 1003 571 Basilium
1028 538 1141 580 Ancy-

258 600 374 623 tanum
410 589 609 632 Episcopum
630 613 641 628 ‚
670 586 880 621 Eustathium
892 587 1114 622 Sebastenfem
1129 611 1140 627 ‚

258 639 440 674 Leontium
464 639 668 682 Cyzicenum
682 662 692 677 ,
719 638 754 671 dc
776 637 958 671 Leontium
971 636 1140 680 Presbyte-

233 708 240 716 ·
257 700 330 723 rum
353 688 709 732 Thalamepolitanum
722 712 732 728 ‚
759 687 977 731 supplicantes
998 687 1142 731 recipi&

258 740 375 773 servari
388 740 564 783 Synodum
575 738 797 773 Sardicensem
809 762 816 769 .
845 736 997 780 Ejusdem
1009 738 1144 771 aufiori-

257 799 325 824 tate
346 791 400 824 usa
413 790 458 824 est
484 789 588 833 prima
598 787 759 833 generalis
786 786 942 831 Synodus
955 786 1144 821 Constanti-

258 840 456 884 nopolitana
479 839 521 873 ad
542 839 723 872 Damasum
746 837 946 872 Pontificem
981 836 1144 878 scribens,

258 892 321 924 esse
333 900 475 924 veterem
491 888 643 922 Ecclefiae
665 887 773 933 legem
785 913 795 929 ‚
822 888 855 922 &
879 889 1072 922 Sanctorum
1086 886 1142 920 Pa-

258 949 346 973 trum
369 940 405 973 in
420 939 558 973 Nicaena
581 938 721 981 Synodo
732 938 952 978 decisionem,
978 948 1015 971 ut
1038 938 1145 981 singu-

259 989 363 1023 larum
386 989 636 1023 provinciarum
658 987 836 1022 Antistites
858 989 924 1023 una
944 999 1021 1022 cum
1041 987 1144 1021 finiti-

259 1039 342 1080 mis,
372 1038 620 1082 modoipfisita
644 1039 748 1072 visum
761 1039 879 1079 fuerit,
908 1038 1082 1081 Episcopis
1095 1049 1145 1071 or—

259 1088 375 1124 dinent
389 1089 545 1133 Collegas
556 1089 592 1122 in
604 1089 669 1122 suis
680 1089 824 1131 ipsorum
834 1087 1030 1122 Provinciis.
1042 1086 1144 1135 Qod

258 1139 438 1174 Provincia
454 1139 651 1174 sufficientes
661 1139 702 1173 ad
713 1138 960 1173 ordinationem
982 1138 1147 1172 celebran-

259 1190 335 1223 dam
350 1190 533 1234 Episcopos
547 1201 615 1223 non
627 1188 752 1223 habens
772 1189 869 1233 possit
881 1201 922 1223 ex
934 1189 1041 1224 vicina
1067 1188 1145 1221 Pro·

259 1240 368 1274 vincia
389 1251 526 1275 evocare
549 1238 725 1273 subsidium
749 1264 760 1280 ,
793 1250 1001 1282 nequaquam
1021 1239 1055 1271 in
1085 1237 1143 1271 Ni-

259 1301 346 1324 c-aena
370 1290 510 1334 Synodo
534 1289 694 1324 statutum
717 1289 787 1329 est,
813 1289 870 1323 sed
891 1289 924 1322 in
950 1289 1016 1323 sola
1039 1287 1145 1323 Sardin

258 1340 344 1374 censi
357 1365 364 1371 .

309 1389 456 1425 Proinde
467 1389 579 1424 Patres
592 1389 959 1433 Constantinopolitani
976 1400 1018 1423 ex
1028 1397 1143 1432 quarto

259 1440 399 1474 Nicaeno
413 1441 447 1474 ὃς
459 1442 550 1475 sexto
562 1439 738 1474 Sardicensi
750 1440 899 1474 conflant
926 1439 1069 1472 mixtum
1081 1438 1141 1471 Ca·

260 1501 386 1524 nonem
399 1514 409 1530 ,
436 1501 535 1534 atque
557 1491 602 1523 ita
622 1501 713 1523 more
725 1489 833 1523 latino
853 1488 1075 1521 sardicensem
1089 1498 1143 1520 vo·

250 1549 338 1573 :cant
365 1540 562 1573 Nicaenum.
594 1538 756 1572 Universa
770 1538 848 1572 item
877 1537 1058 1571 Orientalis
1084 1537 1145 1571 Ec-

257 1589 376 1628 clesia,
401 1588 490 1632 apud
513 1586 764 1623 Chalcedonern
792 1587 956 1629 adunata,
987 1587 1064 1622 licet
1075 1587 1144 1630 ejus

1207 184 1364 219 Canones
1390 185 1532 219 necdum
1559 185 1760 229 inscripsisset
1787 189 1845 223 suo
1871 191 1994 226 (zodici
2019 216 2030 233 ‚
2057 193 2093 227 in

1209 234 1387 269 Relatione
1406 246 1517 270 tamen
1530 236 1571 270 ad
1583 236 1792 270 Marcianum
1805 239 1993 284 Augustum
2018 242 2095 277 insi-

1206 286 1266 328 gni
1276 285 1389 329 elogio
1403 286 1612 328 praedicavit,
1638 286 1673 320 &
1685 297 1743 330 pro
1755 287 1944 324 authentica
1955 293 2094 336 agnovit

1211 335 1256 378 Sy
1260 335 1384 369 nodum
1397 336 1642 370 Sardicensem.
1668 355 1683 365 ψ

1257 385 1400 442 Joannes
1410 386 1546 421 tandem
1558 385 1786 427 scholasticus,
1798 388 1909 422 favore
1919 388 2093 430 Justiniani

1207 435 1369 478 Principis
1380 435 1415 468 in
1423 436 1532 471 Sancti
1546 436 1703 480 Eutychii
1712 436 1825 480 dejesti
1837 437 1950 472 locum
1958 437 2095 473 Patriar-

1207 483 1269 518 cha
1290 485 1685 530 Constantinopolitanus
1696 512 1706 528 ‚
1733 487 1870 532 collegit
1890 488 1923 522 &
1944 488 2009 522 toti
2032 489 2093 523 suo

1207 534 1442 569 patriarchatui
1456 537 1649 570 servandum
1662 538 1844 581 prae-scripfit
1853 549 1977 572 novum
1990 537 2093 573 Codi-

1207 597 1279 619 cem
1305 585 1485 619 Canonum
1500 611 1510 627 ‚
1536 586 1699 632 digestum
1713 587 1748 621 in
1761 588 2001 632 quinquaginta
2013 589 2092 622 titu-

1208 635 1258 669 los
1268 660 1278 675 ,
1305 634 1541 679 laudatumque
1562 637 1579 671 a
1601 637 1747 671 Nicolao
1766 638 1874 680 primo
1900 638 2065 672 Pontifice
2079 661 2092 678 ,

1207 696 1305 730 atque
1315 686 1365 719 illi
1377 686 1520 719 omnino
1530 687 1689 730 inscripfit
1701 686 1856 721 Canones
1864 687 2069 723 Sardicenses
2081 712 2090 720 .

1208 736 1294 783 Qae
1309 736 1379 779 post
1392 736 1488 779 ipsius
1500 733 1685 770 editionem
1699 737 1803 780 prima
1815 738 2002 782 conscripsit
2029 737 2093 772 Ca-

1210 797 1314 820 nones
1325 811 1335 826 ,
1348 785 1512 820 Trullana
1524 786 1678 829 synodus
1687 786 1909 828 confirmavit,
1919 788 1953 821 &
1964 788 2005 822 ad
2022 799 2091 822 om-

1210 847 1285 870 nem
1296 836 1470 871 Orientem
1482 836 1630 871 extendit
1642 860 1653 876 ,
1663 834 1780 871 diserte
1791 837 1976 880 exprimens
1988 837 2092 872 etiam

1209 886 1365 920 Canones
1387 886 1609 921 Sardicenses.
1636 886 1729 921 Idem
1740 887 1819 921 facit
1832 887 1988 931 antiquus
1999 887 2090 921 inco-

1209 937 1294 979 gniti
1309 937 1415 970 Graeci
1427 936 1509 970 liber
1521 936 1700 980 synodicus
1712 936 1799 981 apud
1811 935 2091 981 Christophorum

1209 986 1377 1029 Justellum
1399 1011 1406 1018 .
1434 986 1526 1020 Idem
1553 987 1589 1020 in
1623 988 1737 1021 ostava
1757 987 1896 1031 Synodo
1917 986 2094 1022 Zacharias

1209 1035 1487 1072 Chalcedonensis
1511 1037 1728 1081 Metropolita
1751 1036 1977 1072 Photinianus
1988 1062 1998 1078 ‚
2024 1038 2093 1081 ipse

1208 1085 1350 1120 Photius
1362 1087 1397 1120 in
1409 1087 1525 1120 Nomo
1536 1087 1678 1121 Canone
1689 1112 1701 1127 ,
1725 1087 1761 1121 &
1773 1087 1907 1121 Marcus
1933 1086 2092 1131 Ephesius

1209 1137 1244 1170 in
1257 1135 1394 1179 Synodo
1406 1136 1598 1170 florentina
1610 1163 1617 1171 .
1645 1137 1737 1172 Idem
1757 1136 1958 1171 celeberrimi
1982 1138 2094 1172 Cano·

1210 1198 1290 1220 num
1314 1186 1515 1221 Colleaores
1536 1186 1639 1221 Graeci
1664 1211 1675 1226 ,
1702 1186 1859 1221 Arsenius
1879 1187 2069 1221 Monachus
2079 1212 2091 1229 ‚

1210 1236 1350 1271 Alexius
1363 1236 1530 1271 Aristinus
1542 1261 1553 1277 ,
1578 1238 1611 1271 &
1622 1238 1768 1280 Symeon
1796 1235 1988 1282 Logotheta
2000 1263 2007 1270 .
2035 1237 2094 1271 Li·

1208 1287 1260 1321 cet
1272 1286 1443 1321 dumtaxat
1463 1297 1500 1321 ut
1509 1286 1706 1327 Occidentis
1727 1285 1984 1321 Patriarchalem
2005 1288 2093 1321 vide—-

1208 1347 1304 1370 antur
1316 1339 1494 1382 agnoscere
1505 1363 1514 1377 ,
1527 1348 1651 1372 certum
1664 1338 1707 1370 est
1725 1337 1817 1372 fuisse
1828 1338 2069 1371 oecumenicam
2081 1362 2092 1378 ‚

1210 1388 1258 1421 uti
1272 1387 1375 1431 liquet
1388 1399 1429 1420 ex
1440 1389 1559 1422 SanAEio
1571 1386 1751 1421 Athanasio
1763 1411 1774 1427 ‚
1800 1387 1981 1429 nostrisque
2000 1389 2093 1431 supra

1208 1437 1302 1470 dictis
1312 1436 1352 1470 ad
1364 1437 1538 1479 Synodum
1552 1438 1740 1471 Nicaenam.
1754 1437 1844 1483 Qia
1856 1446 1967 1470 tamen
1978 1438 2095 1473 eadem

1207 1498 1282 1520 cum
1292 1486 1428 1519 Nicaena
1439 1487 1588 1521 censetur
1600 1511 1611 1530 ‚
1638 1498 1707 1520 non
1721 1497 1819 1531 auget
1829 1497 2001 1521 numerum
2011 1498 2094 1521 oecu’

1210 1537 1414 1571 menicarum
1425 1560 1433 1573 2

839 1714 1275 1724 --,————-—.——-

278 1815 2062 1996 CANONES

336 2032 760 2121 CONCILII
800 2031 2011 2114 CONSTANTINOPOLITANL

678 2180 1092 2238 CANON
1169 2175 1679 2242 PRIMUS.

495 2328 572 2372 On
607 2322 886 2392 spernendam
922 2322 1002 2374 effe
1038 2324 1165 2373 fidem
1201 2329 1379 2373 Patruin
1405 2341 1696 2374 trecentorum
1718 2324 1870 2374 decem
1905 2330 1949 2375 &
1973 2331 2094 2388 osto,

261 2321 493 2550 N
530 2396 610 2461 qui
646 2398 693 2442 in
729 2397 884 2444 Nicaea
909 2396 1127 2463 Bithyniae
1152 2411 1448 2444 convenerunt
1473 2432 1487 2455 ,
1523 2393 1592 2443 sed
1628 2413 1798 2445 manere
1833 2413 1929 2445 eam
1954 2413 2095 2446 ratam

531 2479 706 2530 oportet
730 2501 743 2525 ‚
779 2469 822 2513 δε
857 2465 1220 2514 anathematizari
1256 2483 1429 2513 omnem
1466 2466 1654 2514 haerefim
1682 2504 1694 2526 ,
1743 2465 1987 2533 specialiter
2022 2485 2097 2516 au-

533 2548 623 2582 tem
659 2536 1029 2584 Eunomianorum
1053 2572 1067 2596 ,
1102 2535 1188 2585 five
1224 2541 1528 2584 Anomaeorum
1551 2573 1565 2596 ‚
1601 2540 1643 2585 &
1678 2539 1937 2585 Arianorum
1962 2574 1974 2597 ‚
2011 2537 2097 2589 five

261 2600 614 2652 Eudoxianorum
651 2641 664 2665 ,
700 2608 743 2653 &
766 2607 1134 2655 Semiarianorum
1171 2643 1183 2666 ‚
1231 2606 1316 2654 sive
1352 2608 1843 2655 Pneumatomachorurn
1880 2610 1898 2665 (
1931 2606 1976 2654 id
2011 2607 2097 2670 est,

258 2674 341 2737 ‘qui
376 2689 527 2722 contra
563 2677 770 2742 Spiritum
805 2673 995 2724 sanctum
1028 2691 1224 2744 pugnant
1257 2679 1274 2738 )
1323 2680 1366 2724 &
1401 2675 1736 2726 Sabellianorum
1761 2713 1774 2735 ‚
1808 2681 1851 2724 &
1888 2677 2097 2726 Macedo-

262 2746 489 2793 manorum
513 2781 527 2805 ,
562 2749 605 2794 &
639 2745 998 2795 photinianorum
1020 2783 1035 2811 ,
1069 2751 1113 2796 &
1146 2746 1574 2815 Apollinaristarum.

484 2888 909 2935 SCHOLION.

370 3031 478 3067 Icaeno
498 3033 661 3076 symbolo
686 3046 756 3069 non
781 3034 1025 3080 acquiescentes
1047 3038 1147 3072 Euse-

396 3082 486 3116 biani
498 3083 676 3119 condidere
688 3096 810 3121 novem
828 3086 999 3122 successive
1011 3086 1147 3133 dispara-

255 3128 320 3173 ‘ta,
347 3132 451 3167 immo
476 3134 511 3167 δε
530 3135 692 3169 contraria
724 3160 735 3176 ‚
762 3135 847 3170 adeo
868 3145 905 3170 ut
925 3147 1040 3171 eorum
1064 3149 1149 3172 unus

265 3180 492 3226 Sophronius‚
519 3183 851 3242 pompeiopolitanus
875 3187 908 3219 in
921 3185 1147 3232 Paphlagonia

266 3231 449 3277 Episcopus
475 3233 666 3268 exclamarit
703 3235 740 3268 in
764 3234 903 3279 Synodo
932 3237 1146 3271 Seleuciensi.

267 3282 301 3313 Si
311 3294 390 3317 nova
401 3288 434 3316 in
444 3284 509 3316 dies
512 3283 544 3325 s
529 3286 642 3331 ngulos
657 3284 760 3325 κρῆναι·
782 3284 911 3331 ipsorum
921 3288 1087 3320 voluntatis
1114 3289 1148 3322 (9

262 3328 423 3373 sententiae
428 3334 559 3375 prolana
564 3333 604 3376 fit
609 3334 744 3376 fhrmula
761 3334 855 3377 fidei,
877 3335 946 3377 fieri
966 3348 1023 3370 non
1029 3337 1149 3380 potest,

92 3389 151 3417 Lz.
174 3396 199 3418 c
202 3396 249 3424 μ.
266 3385 342 3423 quin
360 3392 531 3418 accuratam
551 3391 693 3419 veritatis
712 3383 924 3429 susceptionem
946 3385 1035 3427 fimus
1061 3387 1146 3422 brevi

261 3431 390 3473 prorsics
403 3434 533 3476 amtffuri
540 3460 547 3467 .

315 3479 425 3515 Addit
465 3483 613 3519 Socrates
639 3485 737 3528 recipi
765 3486 943 3529 oportuisse
969 3485 1143 3521 Nicaenum

365 3534 504 3565 canones
515 3534 700 3576 Conc.const.
716 3538 821 3568 Tomi.

1208 2888 1415 2930 Symbolum.
1428 2888 1528 2922 etiarn
1548 2886 1566 2920 a
1588 2885 1802 2931 Sophronio,
1827 2896 1925 2931 atque
1945 2887 1989 2921 ita
2008 2888 2096 2923 futu·

1209 2950 1261 2973 ros
1283 2939 1318 2972 in
1332 2937 1475 2973 Ecclesia
1503 2949 1570 2974 non
1592 2937 1685 2971 fuisse
1697 2947 1747 2971 tot
1758 2947 1867 2970 motus
1878 2939 2067 2972 temerarios
2079 2963 2091 2979 ,

1210 2988 1418 3022 inconsultos
1440 3013 1450 3028 ,
1479 2987 1648 3021 seditiosos
1671 3012 1681 3027 ,
1720 2986 1927 3022 turbulentos
1950 3014 1957 3021 .
1999 2988 2091 3022 Huic

1209 3038 1346 3073 consilio
1359 3036 1424 3072 haec
1435 3063 1446 3078 ‚
1472 3038 1507 3071 in
1520 3048 1582 3079 qua
1598 3037 1774 3071 Eusebiani
1788 3037 1912 3080 plures,
1937 3038 2092 3081 Synodus

1209 3088 1342 3124 tandem
1363 3087 1537 3131 acquiescit
1560 3087 1606 3122 ob
1627 3098 1754 3124 metum
1767 3089 1899 3123 Damasi
1918 3088 2091 3125 Pontificis

1211 3138 1246 3172 &
1269 3136 1455 3173 Theodosii
1477 3136 1639 3181 Augusti.

1259 3187 1466 3222 Eunomiani
1484 3212 1495 3227 ,
1526 3187 1704 3228 Anomaei,
1732 3188 1943 3229 Eudoxiani,
1971 3187 2087 3222 Ariani

1209 3238 1283 3270 sunt
1293 3237 1416 3278 iidem,
1443 3238 1507 3271 orti
1520 3236 1561 3272 ab
1585 3237 1685 3271 AEtio
1708 3239 1858 3275 Ecclesiae
1871 3239 2090 3273 Antiochense

1211 3287 1366 3321 Diacono
1377 3311 1388 3327 ‚
1400 3286 1576 3321 reducente
1592 3299 1708 3330 purum
1722 3299 1835 3331 putum
1851 3289 2090 3330 Arimismum,

1209 3337 1249 3370 de
1260 3348 1328 3380 quo
1339 3338 1463 3380 semper
1472 3336 1668 3371 erubuerant
1681 3338 1877 3372 Eusebiani.
1905 3340 1999 3372 Hinc
2023 3350 2089 3372 me-

1209 3387 1273 3421 ricc)
1283 3386 1492 3422 distiAriani
1511 3412 1520 3420 .
1549 3387 1639 3421 Diffi
1665 3388 1900 3422 &Eudoxiani
1922 3388 1963 3422 ab
1979 3388 2090 3422 Eudo-

1210 3436 1266 3470 xio
1277 3462 1287 3478 ‚
1315 3437 1455 3480 primum
1470 3436 1725 3472 Germanicienfi
1742 3439 1775 3472 in
1788 3438 1962 3474 Provincia
1975 3438 2088 3475 Eufra-

1209 3488 1299 3527 tesia,
1310 3487 1387 3521 dein
1400 3485 1617 3522 Antiocheno
1631 3512 1641 3527 ‚
1654 3500 1692 3522 ac
1704 3487 1835 3522 tandem
1849 3487 2091 3522 Constantino-

1606 3537 1644 3570 T
1668 3547 1682 3572 t
1980 3548 2036 3581 po—
