2346 3776
151 435 235 476 tpist.
261 442 281 469 ,6
285 448 298 467 2

150 486 177 507 c.
202 486 231 517 3.

148 594 300 630 L·14‚c,26

128 934 208 974 Λᾶ.
226 948 254 980 7.

405 130 504 191 248

328 211 411 254 Ejus
435 211 507 254 post
521 242 523 245 ,
538 210 710 255 praylium
733 208 921 251 successeur,r
938 208 1073 255 Epheso
1083 208 1217 246 transla-

326 270 406 303 tus,
432 260 575 306 ideoque
589 259 738 305 pluribus
752 259 938 294 Provinciis
956 260 1121 295 dominari
1142 258 1214 293 soli-

326 321 382 346 tus
395 336 405 353 ,
433 311 601 354 Iuvenalis
613 322 681 345 non
695 309 828 344 tantum
838 310 1054 355 Metropolita
1067 310 1130 344 effe
1141 321 1216 353 prae—

325 362 461 402 tendit,
487 362 541 397 sed
568 362 602 396 &
621 359 697 395 Sedi
712 358 952 402 Antiochenae,
979 360 1138 403 subripuit
1159 361 1214 393 sex

328 411 545 452 Provincia-s,
572 420 636 447 tres
647 409 835 445 Palaestinas
861 434 872 451 ,
899 411 979 445 duas
1004 409 1215 450 Phoenicias,

304 456 366 497 sac
393 461 552 496 Arabiam
575 486 586 502 ‚
610 460 791 496 ostentavit
815 461 848 495 se
873 460 953 497 iilic,
967 458 1214 500 Patriarcham‚

325 512 466 549 tentavit
486 511 622 555 desuper
638 536 649 552 ,
674 511 726 545 uti
751 510 792 546 ad
819 511 1010 546 Maximum
1030 509 1215 546 Antioche-

326 573 407 596 num
416 561 529 597 scribit
540 563 675 601 Sanstus
688 562 759 603 Leo
771 560 930 596 Pontifex
943 585 954 602 ,
981 562 1155 604 impetrare
1165 561 1211 593 as-

302 613 476 653 '-sensum‚
502 612 537 647 δε
557 611 791 647 authoritatem
803 611 932 655 synodi
945 610 1129 654 Ephelinae.
1157 609 1215 644 Pa-

317 663 482 697 Jaestinam
491 663 634 707 quippe,
659 664 793 697 unicam
807 662 959 706 primitus
978 659 1213 703 Provinciam,

315 725 361 748 »ac
379 738 390 754 ,
417 712 498 748 teste
520 711 707 748 Ammiano
727 712 949 751 Marcellino,
975 710 1143 753 Syriarum
1164 710 1213 744 ul-

316 764 445 798 -timam
458 787 469 804 ,
497 762 827 806 RomaniPrincipes
838 760 974 795 tandem
996 759 1031 794 in
1055 768 1120 794 tres
1129 759 1212 795 divi„-

321 814 389 849 sere
404 838 411 846 .
437 812 566 848 Verum
576 813 666 848 enim
677 811 757 846 vero
770 809 975 845 celestinum
987 808 1187 845 Pontificem
1200 834 1211 851 ,

326 864 551 906 Sanfiumque
571 862 739 906 Cyrillum
765 859 1033 895 Alexandrinum
1047 883 1058 901 ,
1084 859 1154 903 ejus
1173 860 1207 894 in

320 913 462 956 Synodo
485 912 680 952 Vicarium,
705 911 809 954 passus
827 910 1046 952 adversarios,
1072 921 1211 945 conver<-

316 962 360 996 tit
372 963 405 996 se
417 962 460 996 ad
485 961 603 996 laicam
625 961 844 1005 potestatem,
868 960 1083 1005 obtinuitque
1093 958 1211 995 Theo-

317 1011 411 1048 dofii‘
440 1010 606 1057 Augustig
623 1011 906 1048 confirmatoriam
943 1010 1209 1060 pragmaticam

773 1219 827 1282 C
899 1179 953 1281 A
994 1219 1103 1284 N
1135 1220 1204 1282 ‘O

786 128 1089 182 CANo'NEs
1124 127 1428 180 CoNfflLu
1463 126 1751 181 Nrcffiur'

1278 221 1377 254 quam
1386 210 1425 246 ad
1438 220 1501 246 tres
1511 210 1696 246 Palaestina-s
1707 210 1876 247 contraxit
1887 208 2165 251 Chalcedonensis

1281 261 1454 303 synodus,
1480 261 1660 302 Arabiam,
1685 261 1814 296 annuas
1833 260 2023 297 Phoenicias
2042 263 2163 301 Antio-

1278 309 1387 346 cheno
1397 312 1590 349 restituens:
1617 310 1922 347 AstEcclesiasticae
1934 313 2101 358 potestatis
2127 315 2162 349 δε

1280 361 1459 397 Canonum
1479 363 1692 396 Nicaenorum
1713 363 1932 399 tenaciffimus
1958 364 2030 398 Leo
2044 363 2162 399 Ponti-

1281 412 1336 445 fex
1359 412 1532 447 exuffiavit
1561 411 1673 446 denuo
1699 413 1733 447 ἁ
1753 408 1968 459 Pragmaticae
1985 414 2161 450 liberalita-

1278 472 1366 502 tem,
1391 463 1426 497 &
1456 462 1584 506 Synodi
1605 469 1918 505 temperamentum.
1944 463 2092 501 Pei-stitit
2114 474 2161 500 ta-

1279 522 1356 546 men
1368 512 1530 556 luvenalis
1552 513 1588 547 in
1599 511 1727 547 ambitu
1739 537 1750 555 ,
1777 514 1827 548 uti
1839 514 1944 560 liquet
1965 525 2007 550 ex
2019 515 2160 559 Synodo

1281 562 1381 595 trium
1393 560 1634 597 Palaestinarum
1646 562 1759 598 habita
1769 564 1840 607 post
1852 563 2159 601 Chalcedonensem

2238 598 2334 629 Conm'

1279 612 1450 655 Synodum
1459 637 1472 655 ,
1499 613 1703 658 ejectumque
1723 612 1743 649 ὲ
1767 614 1850 649 Sede
1862 614 2004 650 AElienfi
2016 614 2159 654 Pseudo-
2173 635 2312 668 chalced,

1277 661 1480 697 monachum
1499 662 1753 704 Theodofium,
1781 664 1816 698 in
1838 676 1903 707 qua
1923 666 2068 709 praesedit
2089 667 2158 711 ipse
2174 676 2332 717 L.3.Epist.

1278 714 1314 746 u‘t
1336 713 1490 747 omnium
1509 713 1657 755 Primas,
1685 725 1754 748 non
1770 714 1909 750 Irenaeus
1922 715 2136 751 Caesaraeenfis
2149 742 2156 749 .
2175 726 2221 748 ιο.

1277 762 1377 798 Haesit
1395 763 1436 798 lis
1456 765 1557 807 usque
1577 764 1620 799 ad
1641 764 1791 808 quintam
1811 764 1986 808 synodum
2008 789 2020 806 ,
2046 777 2116 810 quae
2138 767 2159 804 ὶ

1278 812 1462 855 justiniano
1479 812 1633 859 Augusto
1649 825 1739 850 mota
1751 815 1871 859 recepit
1896 816 1931 850 ἀ
1942 814 2083 852 firmavit
2102 815 2159 851 de·

1277 872 1400 896 cretum
1411 862 1698 901 Chalcedonense.
1726 865 1849 900 Similis
1872 877 1953 912 ergo
1975 865 2062 901 inter
2088 866 2159 902 Cas-

1277 913 1473 954 saraeensem,
1484 925 1520 948 ac
1533 914 1720 950 AEliensem
1734 915 1893 950 Ecclefias
1907 914 2042 960 quaestio
2052 917 2157 952 suerat

1277 973 1353 997 ante
1365 963 1539 1001 Nicaenam
1548 964 1723 1014 synodum
1737 990 1749 1007 ,
1772 976 1842 1008 quae
1852 965 2001 1004 definivit
2015 977 2075 1011 pro
2088 966 2158 1004 Ca-

1277 1013 1414 1054 saraeenli
1434 1038 1442 1053 .
2018 1012 2020 1014 ’

1274 1221 1331 1281 N
1437 1219 1703 1283 VIII.

240 1390 250 1399 κ
312 1385 317 1389 >
527 1378 539 1383 ”
564 1366 602 1412 E
639 1365 706 1412 his
726 1342 743 1425 Ἴ,
780 1367 858 1431 qui
894 1336 942 1413 se*-
971 1343 1200 1413 nom'inant
1235 1334 1452 1414 Catharos
1477 1401 1489 1425 ,
1538 1364 1585 1413 id
1619 1363 1680 1414 est
1703 1401 1716 1427 ‚
1754 1364 1937 1414 mundos
1957 1402 1971 1426 ,
2007 1364 2038 1414 s1
2057 1337 2153 1429 *ali-i

314 1363 563 1594 D
600 1433 778 1503 quando
813 1437 1011 1483 venerint
1047 1433 1102 1482 ad
1138 1434 1371 1482 Ecclefiam
1419 1434 1699 1486 Catholicam
1736 1471 1749 1495 ‚
1796 1436 1965 1503 placuit
2008 1434 2154 1486 saneto

597 1509 641 1553 &
676 1521 836 1567 magno
870 1505 1074 1555 Concilio
1095 1541 1108 1564 ‚
1147 1520 1195 1555 ut
1231 1504 1550 1574 impositionem
1585 1522 1737 1555 manus
1772 1507 2058 1573 accipientes,
2094 1505 2154 1557 fic

598 1577 645 1627 in
681 1577 815 1627 Clero
850 1589 1132 1642 permaneant
1156 1610 1169 1622 .
1206 1578 1310 1623 Haec
1346 1590 1490 1624 autem
1528 1592 1614 1642 prae
1647 1573 1849 1625 omnibus
1883 1593 1958 1624 eos
1980 1573 2152 1642 scriptis

130 2960 265 2997 G¹3·19·

312 1645 526 1696 convenit
561 1644 754 1713 profiteri
781 1681 796 1704 ,
827 1642 1250 1711 quodj'Catholicae
1270 1648 1318 1693 Bc
1352 1644 1615 1712 Apostolicae
1645 1644 1859 1695 >Ecclefiae
1903 1644 2152 1707 dogmata-

313 1712 572 1781 suscipiant,
607 1719 650 1764 δε
686 1714 944 1782 sequantur3
981 1714 1027 1763 id
1064 1713 1149 1774 est,
1185 1719 1228 1765 &
1263 1714 1449 1778 bigamis
1497 1712 1538 1762 se
1573 1717 1893 1766 communicare
1917 1751 1930 1776 ,
1964 1717 2010 1762 &
2043 1714 2112 1764 his
2133 1750 2149 1775 ,

307 1786 390 1849 qui
427 1788 474 1833 in
509 1785 803 1853 persecutione
833 1785 1023 1853 ‘prolapsi
1058 1783 1153 1832 sunt
1178 1805 1191 1843 ς
1227 1801 1327 1847 erga
1361 1801 1474 1850 quos
1509 1787 1552 1832 &
1586 1783 1724 1851 spatia
1758 1783 1994 1834 constituta
2011 1781 2150 1882 -stt‘ng‘³

306 1859 353 1904 ἃ
390 1870 587 1922 tempora
624 1854 804 1904 definita
830 1891 844 1915 ,
879 1858 943 1904 ita
979 1870 1028 1903 ut
1063 1853 1262 1903 Ecclefiae
1297 1854 1541 1904 Catholicae
1573 1858 1618 1904 δι
1651 1853 1912 1923 Apostolicae
1945 1854 2151 1922 placitae

307 1923 543 1993 sequantur
578 1928 625 1974 in
660 1925 864 1975 omnibus
889 1962 901 1974 .
939 1924 1221 1991 Ubicumque
1257 1924 1362 1976 vero
1398 1924 1485 1974 five
1518 1926 1567 1973 in
1601 1926 1711 1975 vicis
1735 1962 1749 1985 ,
1784 1924 1871 1975 five
1907 1927 1954 1977 in
1987 1926 2149 1975 civita-

308 1996 426 2049 tibus
463 1996 542 2068 ipsi
578 1995 656 2047 soli
692 1997 854 2063 reperti
892 1996 1052 2046 fiierint
1087 1993 1279 2045 ordinati
1313 2031 1326 2056 ,
1373 1996 1452 2062 qui
1487 1991 1849 2044 inveniuntur-in
1883 1996 2017 2044 Clero
2050 2031 2063 2055 ‚
2099 1997 2148 2045 in

305 2066 463 2122 ‚eodem
490 2065 655 2115 'habitu
691 2065 961 2135 perseverent
998 2102 1011 2114 .
1061 2064 1152 2114 Ubi
1200 2080 1347 2114 autem
1394 2065 1639 2114 Catholicae
1684 2065 1883 2115 Ecclefiae
1929 2062 2148 2133 Episcopo

306 2139 382 2187 vel
418 2136 681 2204 Presbytero
715 2136 954 2186 constituto
990 2172 1003 2196 ,
1051 2134 1231 2202 quidam
1278 2153 1330 2184 ex
1366 2136 1454 2186 illis
1489 2134 1727 2185 adveniunt
1762 2172 1776 2201 ,
1822 2151 1987 2187 certum
2035 2134 2096 2186 est
2129 2171 2144 2196 ,

305 2206 431 2274 quod
467 2206 707 2274 Episcopus
745 2207 943 2256 Ecclefiae
978 2204 1157 2254 habebit
1193 2203 1396 2280 Episcopi
1432 2204 1694 2267 dignitatem
1717 2242 1730 2255 .
1767 2210 1810 2253 Is
1845 2221 1990 2254 autem
2014 2240 2028 2265 ,
2062 2209 2144 2272 qui

307 2280 559 2333 nominatur
595 2276 709 2345 apud
746 2293 819 2333 eos
855 2275 1091 2345 Episcopus
1128 2313 1140 2343 3
1191 2276 1400 2330 honorem
1436 2274 1701 2343 Presbyterii
1735 2274 1964 2347 possidebit
2000 2295 2013 2324 z
2063 2275 2144 2336 nisi

307 2348 422 2404 forte
460 2349 671 2416 placuerit
709 2346 925 2415 Episcopo
947 2384 960 2407 ‚
997 2347 1186 2400 nominis
1221 2363 1320 2394 curn
1356 2345 1518 2394 honore
1554 2344 1737 2394 censeri.
1774 2348 1816 2394 Si
1852 2344 1959 2395 vero
1994 2348 2034 2395 ei
2059 2348 2142 2394 mivv

308 2417 427 2467 nime
464 2419 676 2490 placuerit
712 2455 725 2479 ,
773 2416 1025 2486 providebit
1071 2418 1112 2466 ei
1148 2431 1223 2464 aut
1269 2414 1660 2484 Chorepiscopatue
1694 2452 1707 2476 ,
1755 2431 1830 2464 aut
1876 2415 2139 2484 Presbyterii

307 2490 453 2541 locum
493 2509 506 2546 3
556 2503 606 2535 ut
642 2491 688 2535 in
724 2488 857 2537 Clero
893 2487 1065 2554 prorsus
1100 2484 1180 2542 effe
1215 2485 1414 2541 Videatur
1450 2506 1462 2540 ε
1512 2489 1587 2540 Ne
1621 2488 1668 2540 in
1716 2502 1800 2540 una
1835 2487 2017 2541 civitate
2051 2485 2141 2539 duo

306 2556 511 2630 Episcopi
548 2557 784 2629 probentur
819 2557 1016 2613 existere,
2137 2590 2141 2597 ι

1253 2717 1432 2762 disciplinae
1445 2717 1536 2763 rigor
1546 2716 1646 2752 etiam
1663 2717 1696 2752 in
1710 2716 1802 2752 exitu
1826 2716 1969 2762 negabat
1992 2728 2138 2753 commu-

1254 2769 1390 2803 nionem
1405 2792 1415 2808 ,
1441 2779 1610 2812 nunquam
1622 2767 1851 2802 adnumeravit
1863 2767 2005 2803 Ecclesia
2018 2792 2030 2809 ,
2049 2767 2138 2804 ideo-

1253 2830 1317 2863 que
1329 2819 1422 2853 nullo
1433 2819 1533 2852 titulo
1546 2819 1657 2862 potuit
1671 2830 1742 2852 eam
1755 2816 2002 2852 irremissibilem
2024 2817 2136 2853 delira·

1253 2880 1286 2903 re
1307 2869 1420 2903 insana
1441 2868 1599 2903 Montani
1613 2866 1788 2911 Prophetia
1801 2893 1808 2899 .
1836 2866 2022 2912 Acceptum
2053 2868 2134 2902 item

1263 2919 1348 2962 apud
1372 2919 1498 2953 alienos
1520 2918 1684 2962 Baptisma
1699 2929 1869 2962 nunquam
1880 2915 2049 2952 exufflavit
2070 2915 2134 2949 Ec-

540 2689 971 2772 scuomoN.

403 2821 464 2856 Lii
490 2820 612 2856 suntin
624 2819 727 2854 haerefi
753 2829 810 2854 aut
822 2817 995 2854 schismate
1019 2819 1195 2863 baptizati,

430 2870 488 2906 alii
503 2871 572 2915 post
590 2871 772 2914 susceptum
786 2870 821 2904 in
837 2870 977 2904 Ecclesia
989 2869 1196 2913 Baptismum

308 2920 344 2954 in
370 2922 481 2957 foveas
507 2922 583 2956 istas
594 2921 687 2964 lapsi.
719 2920 853 2955 Horum
865 2921 990 2954 crimen
1016 2918 1197 2955 Tertullia-

308 2971 416 3005 nusin
431 2971 532 3006 Libro
545 2971 586 3006 de
596 2970 754 3015 pudicitia
766 2970 848 3004 dicit
859 2970 921 3006 esse
934 2971 968 3003 in
991 2968 1056 3004 hoc
1078 2969 1195 3003 saeculo
1253 2969 1367 3003 clefiaz
1397 2968 1528 3002 Primus
1550 2969 1610 3002 illo
1633 2979 1739 3003 errore
1757 2967 1979 3013 Agrippinum
1999 2963 2133 3000 Cartha-

310 3020 524 3055 irremissibile
553 3046 563 3062 ,
603 3031 719 3065 utpote
755 3019 969 3064 blasphemiam
995 3025 1028 3052 in
1049 3021 1195 3061 Spiritum
1254 3019 1423 3062 ginensem
1447 3018 1646 3062 Episcopum
1669 3018 1938 3062 circumscripsit,
1961 3017 1997 3050 δε
2018 3013 2133 3049 Eccle-

312 3071 475 3111 sancium,
502 3071 547 3106 ob
560 3083 659 3115 quam
672 3069 899 3105 Alexandrum
925 3072 959 3105 ὃς
977 3068 1214 3112 Hymeneum!
1255 3070 1332 3102 fiam
1360 3068 1550 3102 Africanam
1579 3068 1706 3103 saedavit
1728 3067 1875 3103 seductus
1884 3063 2131 3105 Tertullianus,

311 3119 491 3161 Apostolus
511 3123 643 3157 tradidit
655 3120 802 3155 sathana
825 3132 883 3153 non
909 3126 941 3153 in
962 3119 1047 3164 spem
1075 3104 1214 3159 veniae,!
1253 3119 1407 3163 atqueita
1420 3118 1710 3153 tandeminvolvit
1722 3118 1822 3152 etiam
1832 3117 1981 3151 Sanctum
1993 3113 2133 3159 Cypria-

308 3176 523 3211 pronunciavit
537 3171 701 3214 naufragos
714 3195 724 3210 ,
750 3183 807 3204 non
817 3170 960 3204 habentes
979 3168 1120 3213 fhlatium
1143 3181 1196 3202 na-

313 3223 365 3251 vis
378 3219 511 3259 Ecclefiae
525 3243 535 3258 ,
560 3222 593 3254 &
610 3232 749 3263 quorum
761 3221 869 3255 omnis
880 3220 1076 3265 poenitentia
1093 3231 1150 3253 non
1155 3217 1195 3261 fit

311 3273 346 3301 in
357 3266 584 3308 restitutionem.
610 3270 738 3305 Priores
750 3272 872 3305 fatetur
891 3270 1084 3314 poenitentia
1105 3269 1213 3338 redu-¹

313 3317 345 3351 ci
372 3317 461 3360 posse
482 3317 516 3350 in
539 3318 737 3360 Ecelefiam,
764 3331 797 3353 at
824 3321 1000 3364 gentilium
1022 3331 1114 3355 more
1139 3330 1196 3364 per

312 3378 440 3402 novum
452 3367 634 3409 Baptisma.

372 3417 528 3460 Utraque
554 3416 682 3451 assertio
708 3417 753 3450 est
781 3419 910 3460 penitus
936 3419 1192 3455 Montanissica.

1255 3219 1339 3253 ticos
1351 3244 1362 3259 ‚
1388 3229 1485 3261 atque
1495 3218 1719 3252 schismaticos
1730 3218 1851 3261 semper
1862 3214 2010 3248 tranavit
2021 3213 2133 3248 Eccle-

1254 3270 1296 3302 sla
1311 3294 1320 3310 ,
1348 3270 1381 3302 in
1409 3268 1487 3303 istos
1511 3267 1612 3315 longe
1621 3266 1779 3314 rigidior,
1802 3263 1916 3309 utpote
1940 3262 2040 3309 longe
2061 3274 2134 3309 gras-

1254 3330 1324 3352 vius
1342 3331 1417 3354 TCOS
1429 3344 1437 3350 ·

1304 3368 1406 3403 Pori-6
1425 3377 1515 3403 vetus
1536 3392 1549 3409 ‚
1573 3367 1623 3403 uti
1647 3365 1690 3401 ad
1716 3362 1924 3400 Macedoniae
1948 3363 2131 3408 Episcopos

310 3528 370 3559 aua
389 3515 495 3555 tribus
516 3517 644 3558 famosis
656 3516 870 3559 criminibus,
899 3518 1017 3560 quibus
1038 3521 1192 3564 antiquus
1255 3518 1490 3560 autenticus,
1515 3514 1677 3557 inhaerefi,
1693 3512 1932 3552 autschifinate
1942 3512 2129 3601 ordinsatus,

2041 3573 2082 3601 eu

1255 3171 1353 3203 nuni'.
1380 3168 1540 3202 Attamen
1554 3168 1646 3202 aliter
1658 3169 1778 3208 fastos,
1803 3166 1895 3202 aliter
1919 3173 2014 3198 natos
2035 3162 2133 3199 haere·
2183 3166 2189 3172 “

1256 3419 1365 3453 scribit
1376 3418 1590 3453 Innocentius
1600 3416 1721 3460 primus
1731 3438 1743 3455 ,
1767 3413 1807 3448 ab
1819 3412 1969 3456 qustolis‚
1995 3416 2049 3449 vel
2058 3418 2132 3456 Apo·
2145 3406 2230 3447 Epist·
2251 3419 2296 3441 η·

313 3465 451 3503 Etenim
464 3467 598 3501 electam
609 3467 680 3510 post
695 3465 859 3509 Baptisma
871 3466 1087 3510 haerefim,aut
1098 3468 1194 3504 schis-
1249 3469 1355 3509 stoltcis
1384 3474 1462 3503 viris
1487 3469 1605 3502 tradtta
1623 3466 1726 3509 regula
1745 3463 1837 3497 babet
1849 3488 1860 3503 ,
1885 3473 1923 3498 ut
1936 3463 2128 3507 Episcopus,
2143 3451 2202 3479 0⁸·
