2346 3776
25 2651 143 2685 ⁶11aeoess

38 2697 145 2732 6907.

614 117 1054 169 DrsssR-rATm
1103 106 1523 167 PaooeMrAms.

177 205 359 247 Eusebium
379 200 511 245 Litteris
535 198 635 235 Arius
657 198 784 233 nullam
810 197 889 235 facit
916 197 1055 231 mentio-

178 269 258 292 nem
278 281 290 298 ,
328 255 381 291 fed
401 251 511 288 laudat
530 250 598 293 ejus
626 249 836 285 successorem
867 246 1053 281 Paulinum.

159 329 168 335 2-
180 308 294 357 Qare
302 306 382 341 dum
392 301 459 337 hzc
467 309 645 346 geruntur,
671 299 790 334 Zenon
800 297 908 338 obiit,
928 297 962 330 &
971 297 1054 332 Pau-

180 357 269 393 linus
280 352 442 392 succeffit:
468 351 513 385 Et
524 362 593 386 non
602 350 662 383 nisi
674 348 745 394 post
758 348 854 392 hujus
878 348 1056 392 promotio-

179 418 261 442 nem
273 403 372 439 Arius
381 401 500 444 scripsit
511 400 587 438 istas
597 399 733 434 Literas.
752 399 820 432 Suae
830 397 988 433 Haerefios
998 397 1056 432 Pa-

180 462 296 492 tronos
305 454 340 489 δε
349 451 457 487 hostes
466 450 578 485 retulit
587 450 628 484 ad
653 451 747 484 suum
765 447 920 484 dilestum
944 447 1056 482 Collu-

177 506 361 541 cianistam.
389 501 433 536 Et
441 511 521 536 nota
531 499 680 536 hominis
689 497 961 534 maledicentiam.
999 499 1056 532 Et—

179 555 272 591 enim
281 563 461 598 magnum,
472 550 565 594 cujus
577 550 739 586 EncomIa
749 547 858 584 videre
864 548 959 592 poffis
971 547 1055 592 apud

179 605 213 641 S.
224 605 387 648 Ioannem
405 600 679 645 Chrysostomum
688 623 700 640 ,
724 598 857 642 Magnae
868 597 1057 636 Antiochiae

180 652 404 691 Patriarcham
414 650 682 697 philogonium,
705 648 735 684 S.
744 648 1058 692 Hierosolymitanae

173 704 328 740 Ecclefiae
350 702 545 743 Antistitem
565 700 748 738 Macarium
767 723 780 739 ,
814 709 852 735 ac
879 697 968 734 hisce
976 698 1059 733 sirni-

179 753 247 791 lem
258 753 509 800 Tripolitanum
519 749 734 787 Hellanicum
745 759 815 784 non
836 748 968 785 erubuit
986 748 1059 789 scri-

175 803 258 839 bere
268 802 420 839 homines
433 801 622 841 haereticos,
647 811 686 834 ac
705 800 838 844 ignaros
860 798 1059 836 rudimento-

179 865 254 890 rum
262 853 366 890 Fidei.
378 851 528 886 Eandem
538 849 758 895 arrogantiam
769 858 864 885 notat
874 860 911 883 ac
924 848 1058 885 damnat

179 903 212 939 S.
225 901 412 938 patriarcha
424 900 637 940 Alexander'
628 911 664 936 m
674 899 810 936 Litteris
820 898 862 934 ad
874 899 904 933 S.
917 898 1060 935 Alexan-

179 952 276 988 drum
303 952 505 995 Episcopum
526 948 966 992 constantinopolitanum:
1003 953 1060 982 Cui

171 1005 265 1049 potr&
275 1008 384 1035 mirum
395 1002 497 1035 videri
508 1009 600 1044 queat·
611 1001 690 1042 quod
699 1002 719 1032 5
719 1005 868 1041 cripturus
876 997 968 1042 sum,
988 997 1019 1041 fi
1027 997 1062 1041 fi-

179 1052 248 1088 &as
268 1061 370 1085 contra
389 1063 436 1086 me
457 1062 493 1084 ac
507 1049 643 1096 Religzos
628 1051 666 1090 ff
656 1061 749 1084 mum
770 1051 916 1091 Populum
937 1048 1062 1089 nostrum

178 1103 346 1137 calumnias
356 1110 524 1144 exponam
514 1096 532 1127 ²
557 1106 644 1135 Nam
654 1106 705 1142 qui
716 1104 808 1133 aciem
818 1101 921 1132 contra
942 1102 999 1133 Dei
1012 1102 1063 1131 Fi-

174 1153 252 1187 lium
272 1153 435 1191 instruxere
447 1176 459 1192 ,
484 1160 589 1185 contra
612 1161 665 1182 nos
686 1155 816 1193 ingratis
829 1154 943 1183 animis
960 1147 1061 1186 debac-

173 1200 265 1237 chari
275 1214 333 1235 non
342 1201 503 1244 refugiunt.
529 1202 596 1244 ,Qui
604 1210 656 1232 nec
669 1199 742 1232 ullos
748 1197 850 1241 secum
869 1211 909 1232 ex
928 1203 1061 1241 antiquis

177 1257 350 1294 comparari
363 1250 488 1292 finunt,
512 1261 566 1283 nec
587 1259 656 1288 eos,
683 1247 791 1290 quibus
810 1247 850 1279 ab
869 1253 989 1281 ineunte
1010 1259 1062 1280 nos

174 1312 271 1337 aetate
281 1300 431 1344 magistris
443 1297 595 1340 ufisumus
603 1320 615 1336 ,
621 1304 716 1337 pares
730 1296 789 1328 dici
792 1301 970 1339 patiuntur.
978 1299 1064 1341 ,Quin

177 1355 268 1388 immo
287 1361 339 1383 nec
358 1350 450 1384 ullum
469 1348 655 1390 collegarum
678 1344 857 1386 nostrorum,
882 1352 934 1389 qui
958 1347 1064 1391 ubique

467 1398 511 1431 ad
531 1398 704 1430 mediocrem
723 1392 880 1438 fidentiam
895 1397 1063 1440 perveniffe

172 1407 311 1447 gentium
322 1397 398 1443 sunt
423 1422 433 1437 ,

176 1449 297 1494 censent
316 1460 325 1483 z
355 1449 433 1482 solos
451 1445 486 1491 se
503 1445 657 1490 sapientes
661 1444 805 1486 fidant,
825 1443 901 1488 filo:
912 1446 1063 1489 egestatem

841 1520 851 1535 ,
870 1495 982 1538 fibique
989 1495 1061 1539 solis

173 1563 216 1586 ea
225 1551 277 1593 ff
283 1547 442 1591 patefae‘la
455 1571 467 1587 ,
494 1558 562 1589 quae
571 1552 604 1579 in
616 1546 727 1578 nullius
737 1555 871 1587 unquam
877 1544 934 1588 sub
945 1547 1007 1580 Sole
1023 1557 1063 1579 co—

172 1604 351 1646 gitationem
360 1603 465 1632 venire
474 1605 644 1639 potuerunt.
666 1595 726 1631 Hu
727 1594 868 1637 jusmodi
880 1595 1062 1639 superbiam

172 1651 285 1695 sempe
286 1660 301 1683 r
310 1648 427 1689 fuissie,
437 1659 475 1683 ac
490 1648 614 1690 semper
625 1647 694 1680 fore
706 1646 899 1689 familiarem
910 1646 1064 1680 omnibus

172 1500 324 1546 sedantes
336 1522 347 1539 ,
367 1496 446 1541 solos
458 1501 639 1541 Dogmatum
648 1501 820 1529 inventores

179 1661 612 1739 Haereticis,dein0nstravi
603 1707 639 1732 ιιι
649 1693 790 1734 Scholiis
793 1685 843 1732 ad
853 1694 1065 1741 Praescriptio

175 1760 236 1785 nes
246 1748 457 1783 Tertulliani.

175 1819 178 1822 ·
227 1799 303 1833 Nec
313 1798 374 1832 soli
389 1798 510 1833 seducti
522 1798 703 1841 Episcopi,
723 1798 777 1834 sed
786 1799 886 1833 etiam
897 1796 965 1842 ipse
974 1797 1066 1833 dam·

174 1858 272 1886 natus
283 1847 409 1883 acexul
421 1847 523 1882 Arius
539 1847 660 1891 scripsit
670 1846 712 1881 ad
732 1849 828 1882 suum
840 1847 1064 1882 patriarcham

177 1897 408 1935 Alexandrum
427 1898 556 1932 Literas
568 1920 579 1937 ,
606 1906 744 1935 conatus
761 1898 871 1941 ipsum
892 1898 1063 1932 infleaere.

177 1949 306 1984 Verum
317 1947 441 1982 Literas
452 1946 762 1990 impudentiffimas.
773 1947 866 1982 Audi
877 1947 1062 1983 exordium:

178 2000 275 2034 tides
291 1998 346 2031 illa
355 2022 367 2038 ,
393 2008 484 2040 quam
503 1997 538 2030 &t
559 1998 579 2029 ἃ
600 1997 767 2037 majoribus
777 2022 788 2038 ‚
815 1999 850 2031 <St
873 1999 894 2029 ἃ
912 2006 942 2031 te
964 1999 1066 2031 didici-

172 2059 250 2084 -mus
260 2047 274 2088 ‚'
297 2048 460 2088 Beatiffime
471 2049 560 2089 Papa
570 2070 582 2087 ,
607 2044 750 2089 ejusmodi
769 2045 815 2087 est.
844 2047 992 2090 Exponit
1014 2048 1065 2081 Fi-

179 2097 258 2134 dem
269 2098 361 2132 suam
370 2121 382 2138 ‚
406 2098 441 2132 &
452 2095 617 2140 subjungit
630 2109 641 2129 .·
668 2097 928 2139 Quemadmodum
939 2095 1046 2140 tuipse
1054 2122 1065 2138 ,

180 2147 350 2188 Beanffime
361 2150 448 2189 Papa
459 2171 470 2188 ,
495 2147 635 2180 mediam
645 2145 771 2188 Ecclefia
789 2148 824 2181 (ν’
846 2145 979 2190 C⁰7¹ftffi⁴
993 2146 1061 2188 fre-

920 2197 1064 2231 Effronti

171 2247 310 2282 -calamo
321 2247 443 2281 emetat
454 2247 485 2281 se
496 2257 566 2280 non
578 2245 750 2280 dumtaxat
768 2246 845 2280 cum
862 2246 1045 2290 Maioribus
1054 2272 1064 2287 ‚

175 2296 239 2332 sed
249 2296 351 2330 etiam
361 2308 437 2331 cum
449 2297 519 2340 ipso
531 2296 560 2329 S.
576 2295 768 2330 Alexandro
778 2296 923 2332 docuisse
941 2297 1064 2340 semper

180 2358 220 2381 ac
229 2346 371 2386 docere,
397 2346 537 2389 ideoque
550 2346 663 2389 inique
679 2342 881 2381 damnatum:
924 2347 1063 2381 Patriar-

180 2395 280 2431 eham
290 2397 398 2442 arguit
408 2421 420 2436 ,
445 2396 534 2441 quod
545 2397 600 2431 sua
613 2396 720 2439 priora
733 2396 901 2441 Dogmata
912 2396 978 2440 jam
988 2408 1064 2440 prae-

181 2446 351 2480 varicetur.
381 2444 421 2481 Et
433 2444 521 2481 hisce
530 2446 650 2480 Literis
670 2445 926 2490 subscripserunt
946 2458 1062 2480 omnes

176 2506 260 2529 cum
270 2495 330 2529 illo
341 2494 488 2530 damnati
498 2495 682 2538 Presbyteri
703 2508 740 2530 ac
761 2497 916 2532 Diaconi.
951 2497 1060 2536 Etiam

179 2543 560 2580 Secundus&Theonas
574 2545 738 2589 Episcopi.
765 2546 848 2580 Item
863 2545 960 2586 Pistus
973 2570 984 2586 ‚
1009 2553 1061 2589 qui

179 2596 377 2629 Alexandriae
389 2594 430 2628 ab
442 2599 564 2627 Arianis
577 2596 741 2627 damnatus
751 2595 796 2636 est.
810 2595 991 2640 Epistolam
1004 2607 1060 2630 no-

178 2643 233 2679 bis
242 2645 376 2679 servavit
398 2645 429 2679 S.
452 2642 658 2688 Epiphanius
672 2670 682 2686 ‚
709 2645 742 2678 &
762 2645 931 2688 adjunxit:
960 2645 1059 2679 Arius

178 2695 358 2728 Nicomedia
387 2695 432 2728 ad
456 2692 664 2737 sanfflffimum
699 2697 816 2736 Papam
852 2697 1058 2729 Alexandrum

173 2742 291 2788 scripsit
303 2743 464 2786 Epistolam
474 2740 493 2785 ,’
510 2742 758 2788 quafiexcusandi
764 2743 799 2788 se
805 2751 911 2789 gratia
919 2770 930 2786 ‚
938 2757 1006 2788 quae
1017 2755 1057 2779 to-

178 2803 215 2828 ta
224 2795 305 2827 illius
318 2792 356 2833 est
366 2805 496 2834 veneno,
521 2795 557 2828 &³
565 2793 769 2836 contumeliosis
781 2800 814 2828 ln
823 2798 970 2828 Divinum
989 2800 1025 2828 N
1026 2808 1059 2828 u-

175 2854 247 2877 men
257 2843 377 2877 vocibus
389 2842 505 2884 referta
514 2868 525 2884 ,
550 2854 642 2886 quam
654 2843 728 2885 misit
743 2846 968 2878 Alexandriam.
1005 2846 1057 2879 Ex

176 2893 301 2937 quibus
312 2892 420 2937 aliqua
431 2892 594 2927 discimus.
621 2892 736 2927 Primo
747 2917 758 2935 ‚
770 2895 860 2938 quod
872 2907 940 2929 non
951 2894 1056 2929 solum

176 2942 299 2977 Arium
309 2966 321 2982 ‚
347 2942 401 2976 sed
414 2943 448 2976 ὅ(
459 2941 542 2975 alios
550 2942 684 2978 infestos
696 2942 738 2977 ab
755 2944 824 2988 ipso
845 2945 1056 2988 presbyteros

180 2206 331 2241 quererer,
356 2202 407 2240 qui
431 2195 495 2230 haec
517 2193 710 2238 adsererent,
735 2196 879 2238 refutasti.

174 3002 217 3027 ac
226 2993 399 3027 Diaconos
413 2993 538 3026 sandius
550 2990 738 3027 Alexander
756 2993 915 3039 relegarit.
943 2995 1054 3029 Etiam

176 3040 313 3077 Pistum.
340 3041 494 3076 Secundo
507 3065 517 3080 ‚
542 3040 632 3084 quod
654 3043 763 3077 omnis
786 3043 844 3078 ista
864 3045 945 3079 Foex
959 3045 1055 3079 fuerit

175 3101 291 3137 vagata
300 3103 357 3135 -per
368 3093 471 3126 varias
484 3091 633 3124 Ecclefiae
645 3091 833 3128 Provincias
845 3118 855 3133 ,
874 3106 912 3128 ac
923 3095 1054 3129 tandem

175 3142 368 3177 concesserit
379 3140 624 3176 Nicomediam.
637 3141 748 3188 Qare
759 3143 818 3178 issa
830 3144 976 3187 Epistola
986 3156 1056 3178 om-

175 3190 260 3225 nino
270 3192 384 3235 scripta
391 3191 439 3226 est
461 3192 552 3225 vafro
575 3191 714 3225 consilio
736 3192 868 3227 Eusebii
890 3194 1053 3237 Episcopi.

175 3241 222 3278 Et
231 3240 282 3275 est
294 3241 390 3285 plena
399 3241 519 3276 dolosis
530 3241 852 3284 aequivocationibus.
873 3244 997 3286 Scripta
1008 3243 1053 3278 est

174 3289 249 3334 post
261 3289 352 3326 datas
362 3291 447 3326 Ario
458 3290 686 3325 Instrustiones
694 3291 711 3323 ὲ
719 3292 866 3337 Georgio
875 3293 1054 3328 Laodicen·

174 3340 209 3374 fi.
237 3339 307 3374 Hic
317 3352 384 3375 non
397 3340 579 3384 subscripsit
590 3365 600 3381 ,
621 3340 710 3385 quod
724 3342 759 3375 in
771 3342 864 3385 Syria
877 3344 1053 3385 permanse-

175 3389 227 3423 rit.
255 3387 355 3423 Arius
364 3399 443 3425 tunc
454 3390 594 3436 degebat
607 3391 642 3425 in
653 3393 822 3437 peregrina
834 3391 941 3426 adhuc
953 3392 1052 3428 Com-

175 3438 336 3476 munione
347 3462 359 3478 ,
383 3449 480 3484 atque
489 3439 534 3475 ita
545 3441 725 3475 Alexandri
738 3442 774 3475 in
786 3443 816 3475 se
839 3442 998 3484 judicium
1015 3444 1053 3477 si-

173 3487 281 3524 mulat
293 3489 426 3529 revereri
438 3513 450 3529 ,
473 3490 507 3524 ὃ(
518 3491 676 3534 supplicat
685 3491 828 3527 dissolvi.
856 3492 963 3529 Hasce
972 3493 1050 3528 Scri-

279 3537 394 3575 Dffart.
403 3540 524 3572 Prooem.
537 3543 616 3574 Tom.
629 3545 653 3574 I.

1091 3539 1093 3541 ι
1116 3494 1346 3528 Sozomenus:

1915 136 1983 177 153

1114 196 1302 240 ptitationes
1319 194 1533 239 compendio
1538 193 1680 237 exponit
1699 196 1860 235 Socrates:
1886 206 1985 237 Caete
2001 205 2119 240 Lib.'1.

1115 258 1179 279 rum
1189 247 1294 289 quibus
1306 250 1369 279 Arii
1379 250 1475 287 opinio
1485 243 1615 287 absurda
1636 245 1820 286 videbatur,
1845 250 1876 282 hi
1889 254 1987 296 Judi.
2003 257 2064 286 cap
2085 255 2112 283 3

1115 303 1191 331 cium
1202 297 1366 332 Alexandri
1377 296 1414 330 de
1422 299 1492 330 Ario
1501 296 1606 328 datum
1616 294 1844 337 approbarunt,
1864 301 1988 334 reblam,

1116 358 1171 389 que
1181 348 1215 380 Θ*
1227 358 1345 389 aequam
1355 348 1539 380 sententiam
1550 355 1651 378 contra
1673 357 1721 379 eos
1730 371 1741 387 ,
1767 352 1818 389 qui
1825 344 1863 387 fic
1881 347 1991 390 sentie

1116 397 1189 429 bant
1201 420 1212 436 ,
1238 397 1522 440 effepronunciatam
1531 395 1745 436 existimarunt.
1784 399 1824 429 At
1843 396 1992 440 Eusebius

1119 445 1348 487 Nicomedienfis
1359 469 1370 486 ,
1395 446 1429 482 ἀν
1438 455 1579 488 quotquot
1591 450 1655 479 Arii
1664 453 1828 488 opinionem
1839 448 1993 489 amplexa-

1117 497 1226 530 bantur
1241 520 1252 536 ,
1272 494 1457 539 scripserunt
1466 497 1510 528 ad
1530 497 1733 529 Alexandrum
1744 522 1754 537 ‚
1780 506 1814 530 ut
1831 497 1994 532 abdicatio-

1122 558 1188 580 nem
1197 571 1208 587 ,
1232 557 1301 591 quta
1310 555 1377 581 erat
1386 546 1548 590 antegreffa
1560 570 1570 585 ‚
1596 546 1750 589 abrogaret
1761 558 1770 588 3
1796 545 1897 590 eosque
1910 572 1920 588 ‚
1930 554 1996 591 qui-

1120 597 1175 629 bus
1185 605 1250 629 erat
1261 599 1290 628 F
1291 597 1413 629 ideliuno
1420 600 1633 628 Communione
1643 597 1835 631 interdit‘lum
1847 622 1857 636 ‚
1883 604 1916 630 in
1937 601 1994 631 Ec·

1119 645 1229 688 clefiam
1239 648 1334 679 denuo
1344 647 1514 679 admitteret
1524 657 1535 687 3
1562 644 1643 688 Ipsos
1657 658 1782 688 namque
1797 648 1910 681 nullam
1925 656 1996 689 per-

1120 695 1239 739 versam
1260 697 1409 729 malamve
1436 702 1597 738 opinionem
1618 705 1725 728 tenere.
1762 699 1782 728 5
1783 701 1809 728 ic
1829 703 1920 739 igitur
1930 699 1996 731 ciam

1125 750 1238 783 Literae
1244 744 1432 789 adversaria
1443 748 1487 779 ad
1493 747 1696 779 Alexandrum
1709 746 1900 779 Alexandriae
1919 750 1998 789 Epi-

1115 794 1234 839 fitopum
1245 796 1333 839 miffae
1344 796 1431 840 effent
1439 820 1450 836 ,
1459 795 1609 838 utriusque
1621 798 1725 828 Partis
1739 799 1852 829 Literae
1862 801 1894 828 in
1905 807 1997 829 unum

1121 845 1245 879 collet‘lae
1252 844 1333 888 sunt.
1360 850 1447 878 Nam
1459 850 1548 879 Arius
1558 857 1609 882 eas
1618 870 1628 886 ‚
1641 857 1708 888 quae
1713 853 1770 888 pro
1775 844 1808 889 fh
1811 844 1974 887 faciebant
1986 869 1999 886 ,

1123 896 1296 931 Alexander
1310 904 1410 932 autem
1420 902 1585 930 contrarias
1590 894 1680 937 fimul
1687 898 1822 939 congefft.
1859 899 1913 929 Ex
1933 901 2001 938 qui,>

1121 945 1177 980 bus
1191 949 1366 979 Arianorum
1377 970 1388 985 ‚
1413 949 1670 979 Eunomianorum
1681 969 1692 986 ,
1717 957 1752 979 ac
1773 947 1997 982 Macedoniam-

1122 1007 1190 1028 rum
1201 994 1294 1029 seda·
1305 1019 1317 1035 ,
1341 1006 1410 1037 quae
1431 994 1481 1028 boc
1500 1004 1627 1038 tempore
1647 1002 1748 1039 vigere
1758 997 1921 1039 videntur,
1945 1007 2000 1030 an-

1116 1043 1187 1088 sam
1196 1045 1240 1077 ad
1243 1042 1332 1087 suam
1343 1045 1508 1078 dot‘lrinam
1517 1047 1660 1081 tuendam
1670 1052 1830 1087 arripiunt.
1855 1046 1918 1080 Hae
1929 1045 2000 1083 Lit-

1122 1105 1193 1129 terae
1201 1105 1325 1138 magno
1347 1094 1574 1130 Ecclesiasticae
1593 1094 1786 1129 eruditionis
1804 1095 1929 1130 damno
1951 1106 2002 1140 pe·

1124 1145 1246 1178 rierunt
1255 1168 1267 1184 ‚
1295 1153 1351 1179 aut
1363 1143 1476 1179 latent

1172 1193 1296 1228 Verum
1319 1194 1403 1229 Rete
1423 1193 1534 1230 frustra
1553 1194 1670 1237 jacitur
1689 1205 1765 1229 ante
1783 1178 1900 1229 oculos
1921 1194 2003 1229 Pen-

1126 1254 1289 1278 natorum.
1316 1243 1506 1278 Alexander
1529 1245 1693 1281 intellexit
1720 1243 1787 1283 haec
1807 1246 1931 1280 omnia
1959 1245 2005 1281 Et

1126 1293 1225 1327 nullis
1245 1293 1369 1329 artibus
1388 1295 1528 1338 permisit
1549 1296 1581 1328 se
1602 1294 1731 1330 inflesti.
1758 1295 1822 1329 Sua
1846 1294 1930 1329 Asta
1950 1306 2004 1329 ex-

1125 1344 1218 1388 ponit
1241 1344 1276 1378 in
1297 1341 1432 1382 Litteris
1453 1344 1494 1378 ad
1515 1345 1659 1379 faustum
1671 1344 1900 1379 Alexandrum
1913 1345 2005 1380 Con-

1125 1394 1453 1437 stantinopolitanum
1475 1395 1694 1438 Episcopum:
1723 1399 1784 1427 Hos
1797 1419 1808 1434 ,
1834 1401 1885 1437 qui
1900 1394 2006 1435 ineffit-

1124 1444 1179 1478 bile
1193 1443 1301 1485 cbnstt·
1309 1450 1511 1488 generationis
1523 1443 1682 1484 mysterium
1695 1454 1880 1478 enervarunt
1893 1468 1903 1484 ,
1916 1456 2006 1477 aver-

1120 1493 1224 1537 santes
1235 1519 1246 1534 ,
1272 1499 1427 1527 unanimes
1437 1495 1471 1528 (5
1481 1494 1649 1534 dilet‘liffimi
1662 1497 1804 1533 Fratres,
1809 1492 2004 1538 suffiagami-

1126 1552 1156 1578 ni
1167 1543 1249 1577 nobis
1261 1543 1412 1577 adversus
1415 1541 1565 1586 furiosam
1575 1545 1691 1578 illorum
1704 1550 1903 1578 temeritatem
1912 1568 1923 1584 ‚
1947 1556 2004 1580 non

1124 1596 1210 1628 aliter
1220 1603 1309 1636 atque
1321 1594 1446 1638 Collegae
1454 1593 1539 1634 nostri
1553 1618 1564 1634 ,
1589 1600 1640 1636 qui
1652 1596 1730 1638 aegre?
1741 1595 1873 1628 tulerunt
1884 1618 1895 1634 ‚
1918 1595 1952 1628 (τ
1963 1596 2011 1627 ad

1122 1656 1170 1678 me
1181 1654 1282 1677 contra
1292 1642 1549 1687 ffiosftr1pfirunt
1562 1669 1572 1684 ‚
1599 1644 1766 1686 Libelloque
1777 1654 1879 1677 contra
1891 1656 1938 1678 eos
1947 1645 2007 1679 edi·
2061 1655 2070 1658 *

1127 1706 1156 1728 to
1166 1692 1402 1738 fiebftripserunt
1412 1719 1422 1735 ‚
1448 1706 1516 1737 quae
1526 1696 1560 1728 Θ
1562 1702 1618 1736 per
1630 1695 1745 1728 Filium
1759 1706 1857 1728 meum
1865 1700 2007 1736 apionem

1125 1746 1168 1778 ad
1177 1757 1231 1778 vos
1244 1744 1320 1786 misi,
1328 1750 1444 1788 partim
1457 1747 1584 1789 AEgypti
1595 1751 1688 1777 totius
1700 1744 1900 1779 &Thebaidis
1915 1769 1925 1785 ‚
1934 1753 2008 1787 par⁴

1125 1802 1181 1829 tim
1191 1795 1289 1834 Lybiae
1301 1796 1335 1830 ὢ*
1349 1797 1521 1839 Pentapolis
1534 1819 1544 1836 ‚
1572 1796 1606 1829 Θ
1615 1797 1706 1834 Syriae
1719 1819 1729 1834 ‚
1751 1805 1840 1838 atque
1851 1802 1942 1828 etiam
1956 1798 2008 1834 Ly-

1124 1852 1177 1879 ciae
1189 1847 1223 1880 &⁹
1236 1844 1419 1887 Pamphylia»
1431 1870 1442 1886 ,
1468 1845 1557 1887 Afiae,
1584 1847 1784 1887 Cappadocia·
1798 1870 1807 1884 ,
1818 1847 1852 1879 (τ
1859 1845 2008 1888 finitima-

1126 1907 1191 1929 rum
1201 1902 1431 1937 circumquaque.
1458 1898 1594 1938 ‚Quorum
1604 1896 1737 1935 exemplo
1747 1897 1766 1927 ᾶ
1779 1895 1863 1928 vobis
1876 1907 2008 1939 quoque

1128 1952 1219 1979 etiam
1228 1956 1274 1978 me
1285 1953 1469 1988 accepturum
1478 1945 1596 1988 confido.
1634 1948 1720 1979 Nam
1732 1956 1795 1977 cum
1805 1946 1921 1978 auxilia
1932 1946 2009 1978 mihi

1127 1997 1172 2029 ad
1187 2007 1233 2029 eos
1239 1993 1391 2038 sanandos
1404 2019 1415 2035 ‚
1441 2002 1492 2038 qui
1501 1994 1640 2038 Iaefisunt
1650 2019 1660 2035 ‚
1689 1996 1784 2029 multa
1789 1994 1985 2038 suppeterent
1997 2020 2008 2035 ‚

1128 2045 1179 2078 boc
1188 2052 1279 2079 etiam
1291 2046 1400 2087 Populo
1419 2046 1459 2077 ab
1480 2046 1540 2079 illis
1564 2046 1681 2086 decepto
1701 2051 1858 2078 inventum
1877 2045 1915 2084 est
1936 2048 2007 2078 utile

1126 2096 1310 2135 remedium,
1335 2105 1391 2137 quo
1395 2093 1451 2135 fiet
1463 2118 1475 2135 ,
1501 2104 1535 2128 ut
1547 2096 1734 2138 Collegarum
1757 2094 1915 2133 nostrorum
1933 2099 2008 2128 Con-

1121 2143 1223 2188 sensui
1236 2144 1435 2186 obtemperent
1443 2169 1453 2185 ,
1483 2146 1517 2180 (ν
1530 2145 1786 2186 adpoenitentiam
1798 2144 1848 2178 boc
1865 2144 1955 2187 pac‘lo
1965 2157 2008 2179 re-

1125 2196 1189 2229 dire
1208 2196 1395 2228 contendant.
1434 2195 1601 2229 Discimus
1626 2194 1714 2229 hinc.
1727 2194 1827 2237 plura.
1866 2194 1982 2245 Primo
1996 2220 2006 2235 ‚

1125 2245 1213 2289 quod
1239 2245 1324 2279 Ario
1344 2256 1400 2288 per
1431 2245 1635 2280 Orientalem
1668 2245 1844 2278 Dioecefim
1868 2255 2006 2290 vagante

1124 2297 1245 2329 sanstus
1256 2294 1443 2329 Alexander
1457 2295 1611 2339 scripserit
1623 2296 1692 2328 suas
1714 2295 1918 2340 septuaginta
1936 2295 2006 2330 Lit-

1125 2355 1206 2379 teras
1218 2345 1259 2380 ad
1271 2345 1377 2379 varios
1390 2346 1580 2390 Episcopos.
1608 2344 1779 2386 Secundo,
1807 2345 1897 2389 quod
1921 2346 2004 2389 ipsas

1124 2395 1279 2439 scripserit
1289 2407 1358 2429 non
1367 2395 1540 2429 dumtaxat
1563 2396 1598 2429 in
1622 2394 1819 2429 Palestinam
1833 2420 1843 2435 ‚
1869 2393 2006 2430 Phoeni-

1122 2446 1206 2479 ciam
1230 2469 1241 2485 ‚
1267 2445 1393 2488 Syriam
1413 2469 1423 2485 ,
1450 2445 1606 2480 Ciliciam
1626 2470 1637 2486 ,
1663 2456 1700 2479 ac
1722 2445 1801 2479 alias
1819 2445 2002 2480 orientalis

1125 2496 1279 2530 Dioecefis
1291 2495 1501 2538 Provincias;
1528 2495 1693 2530 sedetiam
1718 2496 1752 2529 in
1772 2494 1884 2529 Asiam
1899 2519 1910 2536 ,
1936 2495 2003 2537 Ly-

1122 2546 1208 2579 ciam
1230 2569 1241 2585 ,
1267 2544 1498 2589 Pamphyliam
1520 2571 1530 2586 ‚
1559 2544 1803 2588 Cappadociam
1822 2570 1832 2586 ‚
1860 2544 2003 2589 aliasque

1122 2595 1268 2629 Asiaticae
1278 2607 1314 2629 ac
1326 2595 1474 2630 Ponticae
1485 2595 1644 2629 Dioecesis
1658 2594 1859 2630 Provincias.
1898 2595 2001 2641 Qod
2064 2632 2066 2635 ,

1122 2644 1318 2688 nempeistic
1331 2644 1450 2679 Ariani
1471 2655 1731 2690 pervagarentur.
1769 2643 1889 2679 Tertio
1907 2645 2001 2679 disci-

1123 2707 1193 2729 mus
1205 2719 1215 2734 ,
1240 2694 1330 2738 quod
1344 2696 1509 2745 nonsolas
1519 2696 1644 2730 Literas
1657 2695 1845 2730 Alexander
1855 2695 1977 2728 miserit
1988 2718 1999 2736 ‚

1121 2745 1171 2779 sed
1184 2745 1275 2779 simul
1287 2745 1379 2779 Fidei
1390 2745 1540 2780 adversus
1552 2746 1691 2779 Arianas
1702 2743 1917 2788 blasphemias
1927 2743 2001 2777 To-

1120 2807 1211 2830 mum
1222 2796 1275 2829 seu
1288 2794 1437 2830 libellum
1457 2820 1468 2836 ,
1495 2806 1555 2829 nec
1575 2806 1644 2829 non
1663 2796 1717 2829 sua
1735 2794 1904 2829 adversum
1927 2793 2000 2828 illas

1121 2845 1203 2879 Asta
1227 2844 1409 2888 Synodalia
1431 2869 1442 2885 ‚
1477 2845 1511 2879 ὅ(
1533 2844 1705 2889 postularit
1738 2844 1808 2887 ipsis
1831 2842 1996 2878 subscribi.

1118 2893 1246 2942 Qarto
1260 2918 1270 2934 ,
1295 2894 1385 2938 quod
1398 2895 1533 2938 plurimi
1545 2893 1668 2937 ubique
1681 2893 1832 2936 Episcopi
1846 2892 1915 2927 istis
1926 2893 1998 2928 sub-

1118 2945 1300 2988 scripserint
1310 2969 1321 2985 ,
1346 2954 1444 2988 atque
1465 2945 1508 2978 ita
1537 2943 1661 2978 Ariana
1684 2943 1817 2977 Haerefis
1839 2943 1935 2977 fuerit
1953 2954 1996 2978 ex

1118 3006 1196 3029 tunc
1207 2994 1369 3028 damnata.
1397 2993 1527 3042 Qinto
1538 2994 1694 3028 discimus
1706 3017 1715 3032 ‚
1737 2991 1827 3036 quod
1841 2991 1907 3027 haec
1920 2991 1996 3028 Ale-

1119 3044 1240 3078 xander
1250 3044 1361 3078 fecerit
1372 3043 1413 3079 ad
1424 3045 1543 3078 Arium
1554 3043 1743 3079 sanandum.
1777 3041 1857 3089 Quo
1870 3044 1899 3082 is
1909 3042 1995 3078 vide·

1117 3104 1166 3129 ret
1176 3095 1209 3128 se
1220 3105 1289 3128 non
1300 3094 1319 3127 a
1330 3094 1400 3128 solo
1413 3092 1604 3128 Alexandro
1614 3092 1876 3132 damnatum,sed
1887 3093 1904 3126 a
1916 3105 1995 3127 cun-

1116 3145 1173 3178 etis
1185 3142 1242 3177 sub
1253 3143 1338 3178 coelo
1351 3143 1505 3177 Ecclesiis.
1542 3143 1629 3190 Qis
1637 3142 1732 3176 fuerit
1745 3141 1858 3186 Apion
1871 3142 1992 3178 Diaco-

1118 3205 1175 3227 nus
1185 3218 1194 3233 ,
1222 3194 1350 3237 ignoro.
1390 3192 1471 3227 Non
1493 3191 1538 3226 est
1560 3204 1602 3226 ex
1623 3192 1689 3226 illis
1699 3217 1709 3233 ‚
1736 3193 1792 3237 qui
1802 3192 1992 3235 Encyclicis

1115 3254 1227 3278 contra
1240 3242 1357 3276 Arium
1371 3242 1503 3276 Litteris
1515 3241 1774 3286 subscripserunt·
1801 3243 1854 3278 Ex
1865 3253 1931 3286 quo
1946 3243 1991 3277 vi-

1114 3294 1169 3328 des
1181 3303 1295 3327 omnes
1308 3303 1376 3325 non
1389 3291 1604 3336 subscripsisse.

1163 3344 1243 3376 Haec
1256 3342 1285 3375 S.
1299 3341 1478 3375 Alexandri
1491 3341 1707 3384 Constantia,
1735 3343 1770 3377 ὃ(
1786 3342 1869 3377 felix
1881 3352 1989 3377 rerum

1116 3391 1268 3427 successus
1280 3391 1416 3432 Arium,
1429 3403 1466 3426 ac
1473 3391 1545 3449 ejus
1554 3390 1717 3428 Patronos
1728 3393 1908 3437 Episcopos
1919 3392 1989 3436 egit

1117 3444 1149 3476 in
1170 3441 1301 3475 rabiem.
1338 3442 1431 3475 Hinc
1452 3443 1562 3476 evenit
1584 3442 1674 3486 quod
1702 3442 1812 3477 scribit
1834 3442 1988 3476 Hermias
2006 3433 2097 3464 Πῖλῐ

1384 3491 1440 3527 Ubi
1459 3495 1530 3528 veto
1549 3504 1598 3527 res
1622 3493 1813 3527 Alexandria
1832 3503 1889 3574 pedt
1912 3489 1984 3525 Atii
2003 3482 2064 3512 C'ap
2077 3484 2122 3509 ¹4«

1610 3541 1643 3579 V
1884 3548 1995 3573 amna
