2346 3776
632 90 1071 140 D1SSERTAT10
1122 85 1562 140 PRochJAtts.
1966 113 2011 149 19

196 176 285 220 sterio
295 173 488 217 abstrudam,
516 173 699 213 Hermopolis
711 170 890 214 Episcopum
899 170 1073 214 designavit.

67 229 129 264 Lib.
141 233 167 261 8.
205 227 308 277 Qod
318 227 420 270 ipsum
436 221 548 256 scribit
566 222 714 264 praefatus
734 221 951 255 Zozomenus
979 221 1074 255 Plura

67 280 132 310 ⁶³?-
143 282 155 301 1
163 282 187 301 ²·
204 280 280 312 sunt
289 271 469 310 istiusmodi
478 271 637 315 exempla.
650 272 694 305 Et
704 270 745 305 de
755 273 864 306 sancto
875 269 1075 311 Athanasio,

101 349 160 381 b²
204 329 242 362 in
251 327 339 362 suam
349 321 464 357 sedem
475 333 531 365 per
541 321 762 356 Sardicensem
774 320 944 365 Synodum
955 322 1076 356 restitu-

65 349 170 429 ἐξότ’
143 402 186 429 19
202 387 244 412 to
242 397 262 415 ,
284 371 383 407 habet
407 373 583 406 Socrates:
615 371 797 413 Athana-stus
818 370 1008 413 Hierosolyma
1020 381 1076 413 per

201 422 344 466 Pelufium
354 422 436 456 νθέῖα
446 421 663 455 Alexandriam
674 427 732 457 iter
742 427 851 462 carpit,
873 422 907 455 ζῆ*
920 420 1076 465 insingulis

198 472 397 513 civitatibus,
422 474 467 506 ad
474 484 550 515 quas
562 470 752 517 adventabat
763 495 775 512 ‚
797 473 916 511 docuit,
935 469 1078 513 hortatus-

184 535 256 568 que
245 522 322 564 est,
348 531 384 556 ut
394 527 520 562 Arianos
532 514 706 557 devitarent
715 547 730 563 ,
752 519 854 564 eosque
873 523 1078 563 amplec‘ieren-

195 583 250 608 tur
259 597 270 613 ‚
295 572 448 615 quifidem
457 574 661 616 confiterentur
673 570 947 615 Confiebstantialis.
970 576 1007 605 In
1018 576 1079 614 qui-

194 621 322 666 busdam
332 622 468 665 Ecclefiis
478 622 728 665 Ministrosstiam
749 632 838 657 creat.
868 621 999 665 Utique
1018 623 1078 655 or-

181 671 365 712 thodoxos
378 673 569 717 Episcopos.
594 673 632 708 Iu
644 672 771 708 cunstis
780 696 791 712 ,
817 683 897 716 quas
907 670 1077 710 transibat,

195 722 346 767 AEgypti
357 722 547 759 civitatibus
553 733 643 767 ,quae
652 732 712 759 aut
723 721 877 759 carebant
888 721 1078 767 Episcopis‚

193 781 252 807 tut
261 771 426 807 habebant
437 771 601 808 Arianos.

243 821 372 856 Verum
381 819 433 856 his
453 822 586 858 obstant
607 822 703 858 verba
714 820 863 871 proxime
889 821 1076 866 sequentia

193 872 293 914 Atque
302 869 358 911 ista
376 877 453 916 origo
473 882 539 905 erat
558 875 683 907 alterius
698 874 743 908 illi
765 873 884 915 objecvae
902 878 1079 905 criminatio-

193 926 269 961 nis,
294 922 394 963 quod
383 933 416 954 m
426 923 532 957 alienis
542 922 678 967 Ecclefiis
699 924 849 965 Ministros
871 924 1077 956 ordinaverat.

191 969 362 1005 Videntur
369 972 513 1013 asserere,
525 973 615 1017 quod
626 974 686 1008 ista
695 973 877 1010 Ordinatio
890 985 959 1006 non
971 972 1012 1006 ad
1022 971 1078 1005 Pa-

191 1018 370 1056 triarcham
382 1020 602 1058 Athanasium
614 1025 802 1068 spectaverit
814 1049 825 1065 ,
837 1024 891 1058 sed
903 1023 944 1058 ad
954 1021 1078 1055 Metro-

56 1069 117 1102 Lib.
128 1070 156 1111 3'⁴
191 1070 320 1115 politas.
347 1072 545 1115 Respondeo
557 1072 624 1108 haec
637 1075 759 1117 exponi
773 1074 814 1108 ab
824 1073 965 1109 Hermia
974 1071 1077 1115 zozo—

55 1118 119 1150 c³P⁸
130 1124 176 1145 20·
190 1132 312 1156 meno:
340 1121 541 1164 Athanafius‚
553 1124 617 1156 cum
628 1125 749 1166 veniffiet
758 1130 791 1156 tn
801 1126 986 1167 AEgyptum‚
997 1129 1077 1162 quot-

189 1180 262 1214 quot
283 1171 376 1204 sec‘iae
399 1176 523 1205 Ariane
544 1174 663 1206 deditos
674 1172 859 1216 cognofiebat
879 1171 1076 1216 Episcopus,

192 1232 243 1255 eos
254 1220 429 1261 abdicavit,
456 1233 579 1263 quorum
589 1225 659 1254 vero
666 1221 760 1262 fidem
779 1221 911 1253 babebat
929 1219 1078 1268 explorate

192 1276 340 1314 cgnitum
351 1271 384 1304 Θ
394 1270 577 1310 probatam,
603 1271 663 1302 illis
681 1268 878 1310 Eccleffitrum
898 1269 1077 1303 concredidit

191 1318 490 1358 administrationem.
518 1321 640 1351 Dicitur
646 1321 738 1359 porr&
747 1327 805 1360 per
816 1319 895 1351 alias
904 1330 1016 1361 quoque
1026 1330 1078 1352 na-

189 1371 286 1402 tiones
297 1367 396 1400 eodem
406 1375 534 1409 tempore
543 1373 602 1401 iter
615 1367 738 1408 faciens
749 1392 760 1408 ‚
779 1367 810 1410 fi
827 1380 904 1411 quas
918 1368 1003 1410 forte
1022 1371 1053 1401 E
1055 1380 1076 1400 c-

190 1415 290 1459 clefias
302 1417 342 1449 ab
352 1420 474 1450 ArianIs
486 1426 639 1459 occupatas
661 1417 822 1458 offenderet
833 1443 844 1458 ,
869 1420 968 1452 eodem
997 1420 1078 1451 modo

191 1477 259 1500 cum
273 1467 334 1500 illis
344 1468 435 1512 egiffe.
462 1471 567 1510 Itaque
584 1467 663 1507 istud
681 1469 799 1501 demum
822 1475 849 1500 ei
872 1475 1006 1501 criminis
1024 1469 1080 1501 loco

191 1517 360 1558 obJ'ecerunt
374 1530 380 1549 :
409 1515 619 1560 ‚Quodfiilicet
630 1522 663 1550 in
675 1517 797 1551 urbibus
809 1517 887 1551 nibil
896 1519 939 1550 ad
944 1515 977 1561 J}
985 1522 1079 1560 perti-

190 1566 333 1601 nentibus
357 1566 504 1607 Ministros
526 1565 661 1608 Ecclefiae
682 1567 831 1608 instituere
852 1570 984 1601 auderet.
1025 1568 1078 1600 De

191 1618 304 1651 fausto
316 1617 462 1651 Eusebio
484 1617 698 1652 Samosatensi
722 1618 888 1662 Episcopo
906 1642 916 1658 ‚
945 1629 1001 1661 per
1012 1616 1080 1651 Va-

190 1666 318 1701 lentem
329 1667 565 1711 Imperatorem
586 1667 732 1713 relegato
753 1693 764 1709 ‚
789 1667 902 1702 scribit
919 1668 954 1701 in
967 1667 1079 1702 Eccle-

54 1733 117 1764 ΠΙ),
129 1744 156 1769 4-
191 1716 317 1752 siastica
329 1717 479 1752 Historia
490 1716 726 1753 Theodoretus
738 1730 745 1750 :
773 1716 920 1761 Eusebius
930 1719 1079 1761 cum-mu(-

52 1781 118 1812 φρ,
132 1784 176 1803 12,
192 1775 244 1800 tas
257 1765 399 1807 Ecclefias
411 1767 579 1813 Pastori-bus
590 1767 712 1801 orbatas
741 1768 924 1811 intellexisset
936 1793 946 1809 ,
973 1766 1078 1802 habitu

192 1817 328 1848 Militari
348 1818 473 1849 indutus
485 1840 497 1856 ‚
521 1819 556 1850 (tt
575 1824 670 1858 capite
686 1821 778 1850 Tiara
798 1827 896 1858 operto
907 1842 918 1857 ,
945 1820 1057 1856 syriam
1068 1843 1078 1857 ‚

192 1864 382 1898 Pboeniciam
402 1890 413 1906 ,
440 1867 475 1899 (ν
494 1865 675 1906 ΡαΙςΙῖὶηανη
689 1873 870 1910 peragravit
893 1890 903 1905 ‚
938 1870 995 1907 quo
1015 1874 1080 1899 tum

192 1913 384 1952 Presbmros
395 1915 431 1947 cb·
441 1918 587 1947 Diaconos
598 1925 712 1948 crearet
721 1940 732 1955 ,
759 1925 824 1949 tum
833 1916 898 1949 alia
909 1914 1079 1955 Ecclesiasti-

190 1974 228 1999 cae
235 1963 328 1997 obiret
337 1964 435 2005 officia.
464 1962 590 2007 Quodfi
603 1965 722 2006 quando
749 1970 781 1997 in
801 1968 866 2006 Epi
862 1963 963 2006 scopos
978 1964 1079 2007 secum

192 2013 330 2047 doc‘lrina
340 2011 550 2056 consentientes
563 2014 713 2048 incidebat
724 2039 735 2055 ‚
762 2026 809 2047 eos
830 2013 963 2055 Ecclefiis
979 2038 989 2053 ,
1011 2026 1079 2055 quae

189 2063 334 2097 carebant
348 2062 516 2104 Pastonbus
530 2089 540 2104 ‚
547 2064 697 2106 praefecit.
725 2063 814 2098 Istud
825 2064 931 2108 ipsum
943 2088 953 2103 ‚
968 2063 1078 2097 verum

189 2112 228 2147 in
239 2113 427 2157 Episcopali
439 2112 647 2154 habiuufecit
657 2125 796 2159 magnus
808 2112 1079 2148 Athanafiutha-

190 2173 257 2206 que
268 2163 453 2198 Eusebiana
465 2164 562 2197 factio
574 2164 680 2207 ipsum
690 2189 700 2204 ,
713 2175 782 2198 non
794 2163 883 2207 quod
897 2162 1078 2208 AEgyptia-

184 2211 240 2247 'cis
253 2237 263 2252 ‚
275 2213 329 2247 sed
341 2212 432 2256 quod
443 2212 584 2248 aliarum
595 2215 749 2259 gentium
762 2212 937 2248 Cathedris
948 2212 1078 2247 ordina-

190 2273 242 2297 ret
254 2263 444 2307 Episcopo&
453 2262 605 2307 culpavit.
632 2263 798 2311 roirca
810 2264 911 2297 etiam
932 2261 1012 2296 hinc
1031 2261 1078 2294 lu-

191 2314 383 2348 cetcunstas
396 2313 604 2357 Episcopales
612 2325 666 2357 per
690 2313 882 2359 AEgyptum
901 2313 1078 2347 Consecra-

190 2364 301 2398 tiones
311 2362 496 2407 plenissimo
506 2363 575 2406 jure
588 2364 734 2408 spestasse
745 2364 785 2398 ad
795 2361 1026 2397 patriarcham.

227 2411 433 2456 Ampliffime
444 2412 540 2456 hujus
549 2414 723 2448 Potestatis
734 2414 875 2448 radicem
885 2413 987 2456 aliqui
1001 2410 1076 2446 hau-

193 2464 285 2496 riunt
295 2474 336 2496 ex
347 2462 579 2498 Alexandrinis
592 2464 657 2497 Eut
660 2462 750 2506 ychii
762 2461 953 2497 Patriarchae
963 2462 1076 2496 Anna-

196 2511 300 2546 libus:
328 2513 484 2546 Sciendum
506 2512 543 2556 ιβ
555 2538 564 2553 ,
589 2513 628 2546 ab
649 2518 764 2546 Aniano
784 2538 793 2554 ,
820 2524 907 2554 quem
930 2511 1075 2551 constituit

197 2564 318 2596 Marcus
330 2562 526 2607 Evangeltfla
538 2562 748 2596 Patriarcham
760 2577 772 2602 5
795 2562 885 2605 usque
894 2565 939 2595 ad
944 2570 1075 2604 tempora

197 2615 342 2647 Demetrii
354 2612 542 2646 Patriarchae
554 2613 663 2646 ibidem
674 2638 684 2653 ‚
710 2619 737 2646 is
750 2611 1000 2653 Patfiarchafuit
1013 2614 1075 2645 Ale-

198 2663 367 2695 xandrinus
378 2664 550 2697 undecimus
561 2688 571 2704 ‚
597 2664 710 2696 nullum
716 2662 804 2705 fuisse
816 2670 848 2695 in
860 2666 986 2706 AEgypti
1003 2665 1074 2694 Pro-

198 2717 308 2744 vinciis
319 2711 503 2755 Episcopum.
531 2718 598 2747 Nec
619 2713 808 2746 Patriarchae
831 2722 902 2746 ante
923 2724 988 2745 eum
998 2723 1073 2744 crea-

197 2770 271 2794 runt
278 2759 443 2803 Epist-opos.
456 2766 510 2796 Ille
519 2772 620 2796 autem
624 2762 732 2803 sallus
746 2762 928 2796 Patriarcba
939 2772 1000 2795 tres
1012 2773 1074 2794 con-

193 2811 294 2852 stituit
304 2807 472 2854 Episcopos.
501 2817 547 2846 Et
549 2819 668 2854 primus
672 2812 739 2853 fuit
749 2812 796 2845 bic
815 2812 996 2846 Patriarcba
1014 2813 1075 2845 Ale-

199 2862 372 2894 xandrinus
385 2885 395 2900 ‚
406 2868 456 2903 qui
468 2865 497 2894 E
495 2861 626 2908 pifiopos
630 2862 716 2904 fecit.
727 2865 842 2895 Mortuo
854 2867 1003 2896 Demetrio
1008 2861 1075 2905 suf—

192 2910 295 2952 fellus
303 2909 341 2950 est
355 2912 495 2944 Heraclas
509 2912 689 2961 patriarcba
702 2913 988 2955 Alexandrinus,qui
999 2915 1029 2944 E
1026 2919 1071 2954 pi

193 2959 295 3004 scopos
308 2960 451 3000 constituit
461 2966 577 3004 viginti.
590 2963 655 2998 Isto
666 2963 765 3007 igitur
775 2972 922 3007 ternpore
934 2962 1076 2995 Alexan-

198 3010 276 3044 driae
286 3010 466 3053 Episcopus
480 3021 546 3044 erat
558 3024 627 3046 non
644 3012 877 3047 tantummodo
889 3010 1073 3047 Patriarcha

181 3060 304 3103 xtotius
314 3059 460 3104 AEgypti
473 3084 482 3099 ,
509 3062 561 3094 sed
575 3062 825 3097 &immediatus
838 3062 1074 3105 Metropolita,

198 3109 349 3152 adeoque
367 3111 399 3144 &
418 3111 570 3143 omnium
593 3111 825 3155 Episcoporum
848 3113 1072 3147 Consecrator

200 3159 287 3207 Qis
300 3159 484 3202 post-modo
495 3160 756 3203 Metropoliticas
774 3162 870 3197 Sedes
889 3162 1053 3196 induxerit
1065 3185 1074 3201 ‚

202 3209 379 3252 ignoratur.
388 3209 521 3245 Interim
533 3209 666 3243 induetae
676 3212 748 3244 sunt
760 3212 845 3246 salvo
857 3214 930 3256 Jure
941 3212 1077 3246 Patriar-

204 3257 291 3292 chae:
317 3260 366 3293 Ea
378 3260 450 3304 lege
462 3284 473 3299 ‚
501 3270 536 3293 ut
549 3259 603 3294 hic
616 3261 649 3294 ὅ(
660 3262 793 3294 cunstos
804 3262 1034 3306 Metropolitas
1043 3263 1076 3296 &

202 3319 318 3343 omnes
332 3310 476 3353 ipsorum
489 3310 713 3355 Suffraganeos
724 3322 867 3355 pergeret
881 3324 943 3346 con
949 3314 1075 3346 sectare.

204 3356 362 3407 Namvsub
373 3358 433 3394 hac
444 3361 533 3405 Lege
543 3361 643 3394 etiam
656 3371 794 3404 magnus
815 3361 902 3405 Papa
923 3362 993 3395 Leo
1013 3375 1078 3396 ere-

209 3405 258 3438 xit
265 3406 477 3452 Metropolim
490 3411 725 3445 Ravennatem.
754 3411 878 3445 Eadem
901 3424 977 3446 cum
990 3414 1076 3458 Lege

206 3465 325 3491 omnes
335 3469 388 3500 per
399 3470 568 3503 utramque
579 3461 724 3496 Siciliam
736 3462 769 3496 ἀ
791 3462 871 3499 alias
889 3462 990 3498 Italiae
1000 3462 1077 3500 Pro-

312 3507 423 3549 Differt.
437 3505 686 3546 Proaem.'Tom.1.

1137 170 1261 206 vincias
1272 170 1462 215 prodierunt
1472 168 1562 202 variae
1571 169 1783 211 Metropoles.
1817 169 2015 214 Respondet>

1138 219 1296 265 Eutychii
1308 220 1457 253 Annales
1470 218 1615 254 laborare
1634 217 1836 261 quibusdam.
1866 222 1908 253 Et
1930 221 2016 255 inter

1137 269 1203 305 haec
1214 273 1276 305 esse
1289 270 1373 305 istud
1385 268 1559 303 exordium
1581 268 1863 312 AEgyptiacorum
1884 271 2016 312 Episco-

1137 331 1272 362 patuum
1285 334 1292 353 ε
1321 319 1426 354 Nulla
1437 316 1527 353 enim
1540 318 1760 355 Ecclesiastica
1771 317 1946 351 Provincia
1959 331 2017 352 un-

1136 382 1233 412 quam
1246 370 1362 404 habuit
1373 369 1479 403 solum
1499 369 1564 402 sine
1582 367 1798 413 Suffraganeis
1824 368 2018 409 Metropoli-

1137 430 1204 454 tam
1217 445 1226 460 ‚
1253 421 1311 453 nisi
1322 431 1386 453 una
1393 417 1565 454 Thracum
1578 417 1713 461 Schytia
1722 442 1734 458 ‚
1745 415 1870 455 habens
1881 417 2017 450 unicum

1139 470 1246 504 Tomi
1259 470 1469 513 Episcopum.
1498 469 1542 503 Et
1552 470 1586 501 in
1596 467 1865 504 NomovCanone
1879 464 2019 502 Photius
2037 483 2060 502 1.
2084 472 2130 503 202v

1139 520 1220 554 reste
1232 519 1370 554 advertit
1380 518 1414 553 id
1426 518 1488 553 esse
1499 528 1614 554 contra
1629 519 1794 554 Canones.
1821 515 2020 551 Adversatur

1140 569 1338 614 Apostolico
1350 569 1484 605 Canoni
1497 592 1507 608 ‚
1519 579 1561 601 ex
1572 579 1639 610 quo
1650 569 1777 603 sanstus
1789 567 1910 602 Paulus
1920 566 2020 606 Tito,

1139 622 1156 654 a
1180 621 1212 654 se
1233 620 1269 653 in
1289 618 1493 654 Cretensium
1521 617 1774 661 Metropolitam
1799 618 1986 651 consecrato
2010 640 2021 657 ‚
2087 616 2090 619 ’

1141 669 1274 705 mandat
1283 677 1320 703 ut
1328 681 1383 713 per
1394 678 1510 703 omnes
1520 666 1669 703 civitates
1691 667 1782 700 const
1788 667 1870 700 ituat
1887 666 2024 711 Presby-

1140 731 1249 760 teros‚
1276 720 1310 754 id
1319 721 1387 759 est,
1413 715 1603 762 Episcopos
1630 716 1836 764 Qomodo
1829 717 1931 760 igitur
1950 715 2024 760 quis

1139 771 1204 804 sine
1220 769 1369 815 Collegis
1392 769 1479 805 solus
1506 767 1660 812 potuisset
1686 768 1749 801 esse
1776 765 2023 801 vastiffirnarum

1140 821 1338 854 Dioeceseon
1358 817 1544 853 Patriarcha
1569 819 1582 852 ἓ
1617 816 1801 874 Qomodo
1828 814 2022 860 singularem

1141 869 1228 903 hunc
1239 881 1363 903 morem
1377 870 1502 903 sanstus
1526 866 1672 902 Petrus
1663 879 1696 901 in
1720 865 1894 910 Discipulo
1904 866 2022 899 Marco

1140 919 1359 953 dissimulasset
1374 921 1386 952 ?
1411 916 1530 962 Longe
1539 917 1629 952 aliud
1640 917 1801 951 insinuat
1793 927 1828 949 ιη
1849 914 1905 949 lib.
1919 915 1960 949 de
1973 915 2023 947 sui

1141 968 1360 1004 Antecefforis
1371 968 1528 1011 Dionysii
1538 968 1697 1002 sententia
1710 965 1966 1001 Si‘ffithanafius:
1986 969 2023 998 In

1142 1021 1291 1062 Pentapoli
1301 1021 1322 1051 5
1322 1023 1465 1060 upert'or1s
1479 1017 1578 1055 Libyae
1591 1019 1715 1060 quidam
1736 1021 1767 1050 E
1763 1014 1949 1059 pifioporum
1954 1013 2026 1058 sen-v

1142 1077 1252 1102 tentias
1274 1069 1395 1102 Sabellii
1417 1066 1669 1109 amplectebantur
1690 1091 1700 1107 ,
1726 1077 1904 1107 tantumque
1925 1076 2023 1099 eorum

1140 1128 1302 1152 commenta
1312 1119 1509 1152 invaluerant
1518 1140 1528 1156 ,
1554 1125 1590 1150 ut
1597 1119 1722 1150 ulterius
1735 1122 1790 1150 vix
1802 1117 1900 1149 Filius
1914 1118 1970 1147 Dei
1989 1121 2022 1150 in

1141 1181 1237 1202 eorum
1248 1168 1382 1210 Ecclefi'is
1390 1169 1620 1210 praedicaretur.
1648 1170 1693 1200 Re
1714 1172 1830 1209 cognita
1851 1162 1996 1204 Dionysius
2010 1188 2022 1204 ,

1142 1220 1184 1251 td
1191 1222 1274 1259 cujus
1288 1230 1390 1252 curam
1402 1216 1463 1258 istae
1473 1220 1505 1250 E
1506 1215 1607 1258 cclsfiae
1611 1215 1806 1259 pertinebant
1810 1240 1820 1255 ‚
1834 1218 1960 1258 Legatos
1973 1219 2025 1246 mi-

1141 1267 1172 1303 st
1183 1293 1193 1307 ‚
1219 1275 1270 1311 qui
1281 1268 1413 1301 auctores
1426 1267 1534 1300 harum
1544 1278 1644 1300 rerum
1652 1267 1691 1299 ab
1704 1267 1764 1299 illis
1780 1270 1894 1307 pravis
1918 1270 2025 1310 opinio-

1142 1318 1228 1351 nibus
1241 1318 1435 1352 retraberent.
1468 1316 1582 1350 Palem
1591 1318 1730 1350 affirmat
1739 1327 1808 1349 non
1822 1314 2002 1348 Sabellium
2015 1338 2025 1353 ,

1144 1368 1193 1402 sed
1220 1368 1335 1411 Libyae
1354 1368 1537 1411 Episcopos
1560 1375 1641 1400 tunc
1664 1366 1757 1399 fuiffe
1774 1365 1906 1399 istarum
1918 1375 2025 1398 rerum

1140 1421 1292 1453 auctores.
1321 1417 1424 1464 Qod
1436 1427 1555 1459 nempe
1567 1415 1726 1450 Sabellius
1737 1416 1813 1448 esset
1832 1414 2002 1448 defunctus
2015 1437 2026 1452 ‚

1140 1469 1172 1502 <Sc
1187 1467 1368 1511 superstites
1379 1476 1435 1500 aut
1446 1466 1638 1499 successores
1651 1464 1809 1507 Episcopi
1819 1464 2024 1506 impietatem

1141 1517 1374 1552 resorbuissent.
1402 1515 1583 1557 Dionysius
1594 1514 1665 1558 post
1679 1513 1858 1547 Heraclam
1880 1513 2025 1557 sueceffit

1142 1566 1326 1606 Demetrio,
1337 1567 1371 1600 &
1380 1565 1617 1600 Sabellius-fuit
1629 1563 1853 1598 ptolomaidis
1863 1564 1897 1597 in
1909 1562 2025 1597 Penta-

1141 1618 1287 1661 politana
1298 1615 1406 1660 Lybia
1421 1615 1609 1659 Episcopus.
1638 1615 1719 1662 Qo
1727 1623 1876 1658 tempore
1887 1614 2006 1648 vixerit
2015 1639 2026 1654 ‚

1142 1669 1323 1713 ignoratur.
1351 1666 1447 1700 Certe
1461 1664 1610 1699 laudatus
1622 1663 1793 1698 Athanasii
1814 1663 1906 1698 locus
1916 1663 2024 1698 afferit

1142 1719 1246 1762 ipsum
1257 1716 1351 1751 fuisse
1362 1715 1528 1759 Dionysio
1552 1715 1652 1758 longe
1672 1714 1832 1749 seniorem
1845 1738 1858 1754 ,
1883 1713 2025 1757 ideoque

1141 1770 1174 1802 &
1185 1769 1329 1812 priorem
1336 1766 1517 1801 Demetrio.
1530 1763 1684 1799 Affirmat
1699 1763 1756 1798 sub
1768 1764 1934 1807 Dionysio
1946 1764 2025 1797 fuis-

1142 1820 1189 1859 se,
1215 1819 1247 1852 δε
1259 1817 1393 1862 quidem
1403 1828 1445 1852 ex
1458 1816 1593 1859 antiqua
1604 1815 1816 1850 institutione
1826 1838 1837 1854 ,
1863 1814 1969 1858 plures
1988 1813 2022 1847 in

1141 1878 1277 1910 utraque
1288 1866 1397 1908 Libya
1407 1877 1476 1900 non
1487 1865 1724 1900 tantummodo
1736 1863 2022 1904 provinciales,sed

1140 1917 1240 1950 etiam
1252 1915 1487 1958 Metropolitas
1499 1915 1838 1958 Episcopos‚ideoque
1852 1915 2026 1958 Episcopa-

1141 1978 1211 2000 tum
1223 1965 1293 1999 istic
1304 1965 1367 1999 esse
1379 1964 1554 1999 Demetrio
1576 1963 1677 2009 longe
1695 1964 1924 2006 antiquiorem.
1953 1965 2025 1997 No-

1141 2015 1239 2049 tanda
1250 2016 1326 2048 sunt
1338 2013 1507 2047 Athanasii
1519 2013 1636 2049 verba:
1666 2016 1716 2046 Ad
1737 2015 1822 2054 cujus
1840 2026 1942 2047 curam
1964 2014 2025 2054 istae

1141 2063 1275 2105 Eccleli‘ae
1283 2063 1487 2105 pertinebant.
1516 2061 1595 2097 Alte
1606 2064 1749 2098 clamant
1767 2064 1802 2096 in
1822 2073 1958 2108 utraque
1970 2066 2026 2099 Li·

1141 2116 1203 2158 bya
1216 2126 1282 2147 non
1295 2113 1465 2147 dumtaxat
1478 2113 1702 2147 provinciales
1713 2139 1723 2154 ‚
1744 2113 1798 2148 sed
1812 2114 1844 2147 &
1856 2114 2025 2158 Metropo-

1141 2164 1215 2198 litas
1227 2164 1289 2208 Epi
1295 2165 1409 2207 scopos
1420 2164 1482 2197 esse
1494 2163 1645 2198 vetustos.
1661 2164 1735 2198 Nec
1747 2164 1838 2198 enim
1849 2165 2024 2207 Episcopa-

1140 2215 1203 2249 lem
1214 2224 1270 2249 aut
1294 2213 1576 2256 Metropoliticam
1586 2238 1596 2254 ,
1623 2213 1676 2247 sed
1699 2213 1869 2248 manifeste
1890 2215 2024 2248 laudant

1139 2262 1393 2299 patriarchalem
1404 2264 1475 2297 istic
1487 2275 1599 2297 curam
1613 2262 1832 2299 Alexandrini
1847 2265 1998 2307 Episcopi
2013 2289 2022 2303 ‚

1138 2314 1287 2359 adeoque
1301 2315 1492 2358 supponunt
1502 2312 1574 2347 istic
1588 2324 1630 2347 ex
1642 2315 1782 2357 antiquo
1808 2314 1901 2348 fuisse
1918 2315 2020 2358 ,etiam

1138 2364 1379 2408 Metropolitas.
1407 2363 1541 2398 Sanetus
1550 2362 1741 2397 Philastrius
1752 2364 1934 2407 Episcopus
1956 2363 2022 2397 Bri-

1139 2415 1256 2448 xiensis
1267 2415 1404 2448 affirmat
1426 2412 1709 2447 Patri-Paffianam
1734 2411 1873 2448 haerefim
1891 2414 2022 2457 coepisl‘e

1136 2466 1154 2498 ὸ,
1167 2464 1282 2499 Noeto
1296 2488 1307 2504 ,
1332 2462 1373 2497 ab
1394 2463 1466 2506 ipso
1485 2462 1526 2497 ad
1545 2462 1722 2497 Sabelliutn
1736 2487 1746 2503 ‚
1772 2465 1791 2498 a
1812 2462 1956 2498 Sabellio
1979 2463 2021 2497 ad

1137 2514 1295 2549 Praxeatn
1307 2513 1444 2557 serpsisse
1455 2524 1491 2547 ac
1506 2513 1779 2557 Hermogenem..
1797 2511 1846 2547 At
1857 2514 1935 2547 vero
1948 2514 2022 2547 Pra-

1137 2576 1210 2598 xeas
1221 2565 1285 2598 fuit
1298 2563 1511 2598 Tertulliano
1525 2572 1718 2597 co—aetaneus
1727 2588 1736 2603 ,
1763 2562 1903 2607 ideoque
1915 2563 2022 2598 Sabel-

1136 2615 1197 2649 lius
1208 2616 1270 2648 fuit
1282 2612 1381 2659 longe
1393 2614 1500 2647 senior
1512 2613 1791 2660 Demetrio.Qid
1803 2625 1886 2656 opus
1898 2614 2023 2648 multis?

1137 2665 1325 2709 Antiquum
1335 2675 1433 2708 atque
1444 2662 1671 2697 authenticum
1681 2688 1691 2703 ‚
1705 2663 1745 2696 ab
1757 2662 1947 2697 Abrahamo
1961 2664 2023 2696 Ec-

1135 2714 1274 2749 chelensi
1297 2715 1491 2748 translatum
1512 2714 1545 2747 &
1558 2713 1730 2758 vulgatum
1742 2738 1752 2752 ‚
1782 2713 2022 2747 Alexandrino-

1136 2777 1206 2798 rum
1213 2762 1475 2801 Patriarcharum
1499 2762 1694 2797 Chronicon
1718 2763 1833 2797 diserte
1851 2762 1958 2796 scribit
1979 2762 2021 2796 de

1137 2817 1244 2849 sanilo
1254 2815 1389 2849 Marco:
1417 2814 1557 2857 Egressus
1570 2813 1607 2853 est
1621 2838 1630 2853 ‚
1658 2815 1692 2847 ἐν
1715 2813 1791 2845 abiit
1810 2813 2019 2854 Pentapolim,

1135 2866 1184 2898 ubi
1205 2865 1310 2907 mansit
1332 2865 1470 2903 biennio,
1496 2866 1702 2902 adnuntians,
1725 2864 1759 2896 &⁶
1779 2861 1947 2904 consecrans
1958 2863 2018 2895 illis

1135 2917 1314 2949 sacerdotes.
1344 2915 1387 2948 Et
1399 2915 1525 2947 sanstus
1537 2911 1616 2947 Ado
1628 2911 1902 2954 Archiepiscopus
1915 2911 2020 2945 Vien-

1139 2966 1239 2999 nensis
1253 2964 1384 2999 scribit
1376 2976 1410 2998 ιη
1424 2965 1484 2997 suo
1494 2962 1760 3005 Martyrologio:
1787 2961 1913 2994 santius
1937 2965 2055 3024 Μαν-Α

1136 3028 1186 3049 cus
1211 3013 1405 3059 Evangelista
1427 3014 1582 3046 ordinavit
1598 3010 1661 3052 post
1678 3008 1713 3053 se
1725 3012 1919 3044 Alexandria·
1940 2997 2055 3064 Epi-A

1134 3065 1250 3108 scopum
1270 3069 1427 3097 Anianum.
1466 3064 1540 3095 Aliis
1564 3072 1675 3103 quoque
1694 3061 1777 3104 longe
1806 3062 1924 3103 lateque
1955 3065 2016 3094 Ec-

1136 3114 1223 3156 clefiis
1234 3113 1417 3156 Episcopus,
1446 3111 1655 3150 Presbytetos,
1682 3113 1828 3151 Diaconos
1841 3112 1932 3144 dedit.
1953 3111 1998 3144 P
1988 3123 2016 3144 ’r

1137 3176 1250 3199 omnes
1264 3162 1472 3207 AEgyptiacae
1482 3160 1623 3202 Diecesis
1630 3159 1925 3195 ProvinciasHinc
1937 3159 2015 3195 Ado

1139 3215 1242 3259 pergit
1256 3214 1289 3246 in
1302 3212 1403 3246 Libro
1414 3211 1454 3245 de
1466 3209 1708 3245 Festivitatibus
1718 3212 1920 3245 Sanctorum:
1935 3215 2015 3243 Mar-

1138 3277 1187 3298 cus
1210 3263 1353 3304 constituit
1377 3264 1410 3295 (5·
1429 3261 1615 3303 confirmavit
1634 3259 1776 3301 Ecclestaes
1793 3269 1851 3301 per
1870 3260 1990 3299 Libyam
2003 3285 2012 3298 ‚

1141 3319 1352 3347 Marmaricam
1365 3335 1375 3351 ,
1394 3315 1610 3344 ammoniacam
1623 3335 1633 3351 ,
1657 3312 1845 3352 Pentapolim
1855 3335 1867 3351 ‚
1887 3312 2015 3343 Alexan-

1140 3367 1238 3397 driam
1260 3387 1270 3402 ‚
1315 3371 1405 3404 atque
1444 3363 1610 3404 AEgyptum
1644 3359 1828 3403 Universum.
1876 3360 2015 3394 Istorum

1143 3415 1379 3456 Episcoporum
1392 3410 1494 3445 Unus
1506 3411 1569 3445 fuit
1583 3411 1708 3444 sancius
1719 3410 1860 3451 Lucius,
1886 3410 1927 3444 de
1948 3421 2015 3453 quo

1144 3463 1229 3500 idem
1251 3461 1347 3498 Ado:
1376 3463 1491 3496 Beatus
1515 3464 1624 3495 Lucius
1639 3460 1810 3543 gyrenenfis
1829 3462 1914 3503 apud
1934 3464 2016 3497 Cyre·
2032 3467 2134 3503 Msjffl,

1713 3521 1736 3545 2.

2061 2994 2124 3030 pril-

1959 3520 2015 3542 nen
