2346 3776
609 92 1055 144 DrssERTA‘rlo

162 183 248 213 riore.
277 179 414 211 Donavit
422 178 501 210 enim
511 170 648 216 cbristus
660 169 887 214 Ecclefiaesuae,
911 179 946 204 ut
956 182 1048 205 unum

157 236 218 274 per
230 238 326 260 omnes
337 227 515 263 redimeret,
541 233 609 264 quae
630 224 752 254 Domini
769 225 803 266 J
813 224 844 253 Ε
857 223 878 254 S
888 224 918 253 U
939 228 1048 257 meruit

161 279 351 317 adventum,
376 283 411 308 ut
424 281 484 315 per
502 283 595 305 unum
616 282 716 305 omnes
739 272 964 306 redimerentur.
991 277 1048 306 Hic

158 325 266 374 Jimfics
288 324 378 359 Pauli
396 321 435 363 est
447 347 458 363 ‚
483 332 571 365 quem
591 321 688 355 verba
709 319 901 365 obscuriorem
914 320 1046 363 faciunt.

168 375 385 418 Confideremus
392 370 489 415 ipsum
499 370 623 414 Apostoli
632 373 800 406 Sermonem
810 384 818 404 :
845 374 1027 416 Expurgate
1038 396 1049 413 ,

164 431 283 469 inquit,
308 432 399 456 vetus
403 421 615 464 fermentum,
640 431 675 455 ut
682 420 751 463 fitis
774 432 854 455 nova
874 419 1049 464 conspersio,

157 475 233 519 ficut
244 472 311 514 estis
332 478 437 512 azymi.
475 472 570 515 ,Quod
593 481 656 507 tota
666 470 795 514 Ecclesia
809 468 957 514 sust-ipius
976 484 1049 506 onus

162 528 325 568 peccatoris·
337 546 349 563 ,
374 528 423 558 eui
432 523 668 564 compatiendum
679 523 714 556 ὀ·
720 521 793 563 fletu
810 545 822 561 ,
848 521 883 555 Θ
898 527 1029 556 oratione
1039 546 1051 562 ,

165 576 201 609 o·
210 573 308 606 dolore
316 571 373 613 est:
387 575 434 605 Et
446 571 683 615 quafifermento
691 573 757 612 eius
763 569 799 614 s'e
809 579 904 604 totam
915 570 1049 615 consper·

159 634 238 669 gat,
263 631 298 655 ut
305 630 363 665 per
373 620 529 665 universos
541 633 598 663 ea,
625 633 694 665 quae
698 619 772 664 fiant
777 618 932 666 superflua
943 628 976 655 in
997 622 1053 655 ali-

165 684 223 716 quo
236 678 452 714 poenitentiam
475 682 583 717 agente
594 697 606 713 ,
631 676 749 705 viritim
767 668 977 713 mifiricordt'ae
998 679 1053 704 aut

164 723 362 765 compaffionis
382 724 468 759 velut
491 724 634 757 collativa
643 722 776 765 quadam
787 721 973 754 admixtione
978 728 1053 763 pur-

95 798 102 807 .
126 796 133 805 .
161 782 284 817 gontur.
309 772 425 818 Pergit
445 772 483 818 in
499 771 642 807 secundo
663 768 767 807 Libro
777 769 819 805 ad
830 769 1053 805 Poenitentem

168 822 296 867 lapsum
318 836 331 855 .-
354 824 388 855 .53
408 819 443 855 te'
456 832 511 865 per
536 821 784 856 Confeffionem
809 821 953 855 detuleris
972 818 1054 864 ipse,

168 871 226 914 σε]
241 880 374 905 mortuus
389 870 492 912 fueris
514 896 525 912 ‚
551 869 723 914 revivifies.
762 874 872 904 Veniat
894 871 940 904 ad
957 881 1056 903 monu-

167 930 303 957 mentum
311 930 395 954 tuum
406 919 544 959 christus
554 945 565 962 ,
590 922 626 955 ό·
632 919 662 962 [ἰ
668 921 782 954 viderit
788 920 861 961 flere
866 927 924 962 pro
934 929 965 954 te
976 924 1057 953 Mar-

167 971 257 1007 eham
269 994 280 1010 ‚
306 970 373 1003 boni
378 969 542 1012 foeminam
554 969 710 1010 Ministerii
719 995 731 1011 ,
753 970 826 1011 flere
836 974 970 1003 Mariam
982 995 992 1011 ‚
1001 981 1058 1012 que

166 1022 287 1058 attente
295 1019 439 1054 audiebat
449 1021 579 1054 Verbum
590 1024 670 1060 Dei,
690 1019 765 1062 ficut
780 1018 890 1063 sanda
910 1019 1056 1061 Ecclesia,

168 1082 239 1114 quae
248 1077 393 1113 optimam
397 1079 519 1112 partem
526 1069 577 1110 ffii
590 1072 676 1114 elegit
686 1083 701 1112 ;
722 1070 889 1104 movebitur
900 1068 1058 1113 misericor-

168 1122 226 1155 dia
249 1145 260 1162 ‚
284 1132 351 1154 cum
370 1122 486 1155 viderit
505 1126 538 1153 in
560 1129 611 1154 tuo
636 1121 716 1153 obitu
735 1120 899 1158 lachrymas
917 1122 1058 1163 plurimo-

169 1181 262 1211 rum,
289 1172 427 1205 &dicen
457 1170 507 1204 ubi
514 1169 649 1212 posuistis
661 1181 728 1204 eum
747 1171 762 1203 .>
797 1170 927 1210 Hocest,
951 1175 984 1203 in
1004 1179 1061 1212 quo

170 1219 386 1261 Reorumstatu
399 1219 439 1261 est
450 1243 463 1259 ,
487 1225 521 1253 in
532 1230 589 1262 quo
611 1222 826 1254 Poenitentium
842 1222 957 1254 Ordine
968 1221 985 1252 ,ἓ
1010 1215 1060 1252 Vi-

170 1271 262 1307 deam
280 1281 368 1313 quem
390 1269 468 1308 fletis
480 1293 492 1308 ,
511 1268 543 1310 fi
558 1269 714 1307 lachrymis
733 1267 800 1310 ficis
817 1266 880 1311 ipse
887 1266 1057 1310 semoveat.

175 1322 302 1353 Videam
306 1318 338 1360 fi
335 1321 408 1358 jam
412 1326 534 1359 peccato
543 1323 592 1358 ei,
617 1319 704 1357 cujus
725 1322 818 1351 venia
832 1316 988 1361 poscItur,
1012 1319 1061 1352 de·

169 1368 300 1413 funcffus
311 1367 358 1407 est.
386 1371 474 1401 Dicet
478 1366 587 1409 plebs:
615 1370 711 1407 Veni,
738 1368 865 1402 &vide
894 1369 984 1412 ,Quid
999 1367 1060 1408 est,

172 1418 274 1452 veni?
300 1417 352 1451 boe
370 1417 427 1457 est,
452 1422 560 1450 veniat
574 1425 763 1459 peccatorum
792 1419 927 1459 remiffio,
955 1425 1061 1452 veniat

173 1467 384 1509 defunc-Verum
405 1471 497 1508 vita,
522 1477 702 1501 mortuorum
725 1465 897 1510 refiarrefflo
919 1491 930 1507 ,
957 1473 1062 1502 veniat

174 1519 211 1552 Θ
232 1523 265 1551 in
286 1517 364 1551 bunc
379 1525 561 1560 peccatorem
581 1519 717 1561 Regnum
748 1525 842 1550 tuum.
880 1521 987 1551 Veniet
1006 1523 1061 1550 ita·

174 1577 233 1610 que
245 1592 256 1609 ,
282 1569 318 1602 ὑ
338 1568 437 1601 levari
457 1562 588 1609 lapidem
599 1567 721 1608 jubebit
738 1591 750 1607 ,
791 1577 878 1610 quem
897 1567 1061 1602 cervicibus

167 1624 337 1664 peccatoris
360 1615 480 1661 Lapsus
503 1615 652 1661 impoficit.
690 1617 736 1651 Et
768 1617 804 1650 in
831 1617 901 1651 alio
919 1615 1062 1660 ejusdem

35 1676 158 1719 ⁶²9⁴*
175 1667 273 1705 Libri
295 1668 423 1711 capite:
451 1668 542 1700 Fleat
559 1675 617 1709 pro
629 1676 659 1701 te
669 1670 771 1700 Mater
785 1666 935 1708 Ecclesia,
962 1668 1064 1701 <ocul-

164 1726 250 1762 pam
259 1727 346 1751 tuam
355 1717 508 1756 lachrymis
519 1719 605 1751 lavet
627 1731 638 1751 .-
666 1718 775 1751 Videat
795 1726 825 1751 te
846 1716 983 1757 Christus
993 1729 1063 1751 mae-

176 1776 294 1801 rentem
315 1791 327 1808 ,
351 1777 385 1800 ut
408 1768 512 1807 dicat,
538 1767 619 1801 beati
641 1766 761 1808 tristes,
787 1773 859 1811 quia
880 1766 1063 1812 gaudebitis.

177 1821 292 1858 Amat,
318 1826 353 1850 ut
359 1824 418 1858 pro
430 1828 487 1849 uno
495 1817 582 1849 multi
591 1821 705 1860 rogent.
732 1819 867 1858 Denique
879 1823 912 1850 in
922 1820 1064 1861 Evange-

175 1869 218 1903 lio
242 1875 339 1900 motus
363 1867 468 1899 vidua·
486 1865 664 1906 lachrymis,
689 1873 762 1908 quia
764 1867 891 1908 plurimi
898 1874 956 1908 pro
964 1877 1001 1899 ea
1014 1865 1067 1906 fle-

178 1916 255 1951 bant
265 1940 277 1956 ,
297 1915 397 1958 flium
408 1917 476 1957 ejus
485 1913 683 1959 resuscitavit.
711 1916 782 1951 Ideo
799 1916 888 1949 citius
905 1916 1067 1949 exaudivit

174 1970 207 2015 J
219 1969 251 1999 Ε
263 1967 284 1999 5
293 1967 350 1999 vs
376 1967 503 1998 Petrum
511 1974 547 1999 ut
558 1967 672 1998 Dorcas
682 1962 848 2009 resurgeret
857 1990 869 2006 ‚
893 1971 967 2008 quia
987 1967 1067 1999 Pau-

174 2025 266 2062 peres
287 2024 411 2049 mortem
429 2016 563 2049 mulieris
590 2012 828 2059 ingemiscebant.
867 2013 994 2049 Eadem
1026 2013 1068 2049 de

178 2065 288 2101 caussa
306 2064 440 2099 Flentes
462 2064 621 2100 omnibus
644 2064 709 2098 Dei
731 2063 848 2099 Charis
864 2063 1069 2110 adgenicula-

181 2115 302 2151 bantur
312 2139 323 2156 ,
348 2125 386 2149 ut
396 2113 432 2149 hi
443 2115 508 2149 suis
518 2113 666 2159 precibus
681 2115 825 2158 ipsorum
837 2114 1068 2158 poenitentiam

179 2165 382 2209 adjuvarent.
421 2164 525 2213 Qod
547 2165 652 2209 ipsum
672 2164 706 2198 in
718 2162 784 2198 hoc
800 2164 971 2211 posteriori
992 2164 1068 2198 loco

180 2216 282 2252 etiam
305 2215 432 2250 notavit
458 2217 584 2250 sanstus
607 2214 807 2248 Ambrofius.
852 2213 998 2248 Proinde
1019 2214 1069 2248 uti

185 2264 399 2301 Cathedrales
418 2266 451 2299 &
471 2263 680 2300 parochiales
699 2288 710 2305 ,
746 2265 792 2298 ita
814 2265 848 2299 ἀ
868 2263 1048 2309 Regulares
1060 2288 1073 2304 ,

180 2327 253 2361 quae
275 2314 442 2349 Fidelium
466 2314 696 2349 Confeffiones
715 2314 855 2348 audiunt
876 2338 887 2354 ,
924 2314 1072 2348 Ecelefiae

182 2365 374 2410 obligantur
396 2376 456 2409 pro
466 2365 535 2399 istis
545 2364 806 2400 Consistentibus
816 2364 1027 2408 quotidianas
1036 2364 1070 2398 ἀ

183 2417 346 2450 ferventes
364 2426 474 2458 preces
495 2415 649 2456 fundere,
674 2425 772 2458 atque
794 2415 838 2448 ita
859 2415 1002 2457 ipsorum
1022 2414 1070 2448 in-

184 2466 295 2499 firmas
312 2464 553 2500 Satisfaffiones
574 2465 741 2508 supplere,
768 2464 941 2507 adjuvare,
967 2463 1072 2507 exple-

185 2526 230 2549 re.
259 2514 315 2548 Est
327 2525 396 2548 non
408 2514 578 2549 modicum
590 2514 798 2558 adjutorium.
826 2515 870 2548 Et
891 2513 1071 2548 novissimis

186 2564 240 2601 his
249 2563 452 2608 temporibus
465 2589 476 2604 ,
502 2575 573 2607 quae
582 2564 749 2607 Populum
766 2563 805 2598 ad
818 2563 930 2607 plenas
940 2564 1071 2598 Satisfa-

186 2615 312 2649 {kiones
325 2625 394 2648 non
407 2614 604 2658 permittunt
616 2613 796 2658 compelli,
805 2613 1011 2659 singulariter·
1018 2624 1073 2648 ne-

188 2665 367 2700 cessarium.

240 2712 344 2748 Aliud
354 2713 531 2748 subfidium
545 2737 556 2753 ,
573 2712 663 2757 quod
675 2714 813 2748 infirmis
825 2714 1008 2757 Lapsorum
1019 2713 1072 2748 Sa-

188 2763 430 2799 tisfastionibus
445 2763 563 2807 adjecit
582 2765 707 2798 sanstus
726 2763 840 2798 Petrus
859 2788 870 2803 ,
895 2765 940 2798 est
962 2764 998 2798 in
1019 2762 1072 2798 his

189 2814 315 2848 verbis:
343 2817 468 2846 Cumiis
482 2837 493 2854 ,
518 2820 570 2856 qui
579 2815 859 2858 lugent&moerent
865 2821 923 2855 pro
931 2820 994 2855 iis,
1020 2820 1074 2856 qui

187 2870 224 2900 in
236 2869 396 2897 certamine
407 2861 560 2906 villtsunt
568 2865 588 2895 ἃ
600 2864 723 2907 maligni
734 2863 851 2896 Diaboli
873 2864 991 2897 viribus
1004 2888 1015 2905 ‚
1038 2862 1070 2905 li·

189 2925 232 2948 ve
246 2921 305 2956 pro
327 2907 510 2946 Parentibus
529 2937 541 2953 ,
566 2914 618 2947 vel
639 2913 802 2946 Fratribus
822 2938 832 2953 ,
857 2915 911 2947 vel
930 2914 1072 2955 Liberis,

191 2966 255 2998 una
275 2963 371 2997 dolore
391 2964 426 2996 (9⁶
446 2961 567 3002 tristitia
592 2963 666 3004 affici
687 2988 698 3004 ‚
735 2969 882 2997 neminem
905 2965 1073 3006 quidquam

188 3014 313 3057 penitus
334 3014 427 3047 laedit.
465 3014 579 3046 Scimus
598 3018 676 3045 enim
695 3018 786 3047 etiam
802 3021 927 3055 propter
946 3015 1072 3047 aliorum

182 3063 281 3109 >fidem
302 3061 443 3106 quosdam
462 3062 513 3105 effe
535 3065 591 3095 Dei
610 3061 771 3096 bonitatem
789 3064 926 3106 affec-utos
947 3088 958 3104 ,
986 3064 1020 3097 Θ
1039 3069 1072 3096 in

188 3121 376 3157 peccatorum
395 3113 548 3151 remiffione
560 3136 570 3151 ‚
597 3113 631 3144 (⁸5
642 3118 767 3153 corpoeis
773 3111 928 3156 sanitate,
955 3114 1071 3147 &mor-

194 3172 310 3196 tuorum
318 3161 533 3206 resurrec‘lione.
559 3161 724 3196 stantium
743 3162 777 3196 &
799 3162 1004 3208 integrorum
1021 3163 1074 3197 Fi-

194 3211 319 3247 delium
340 3224 399 3256 pro
420 3210 616 3245 Parentibus
637 3235 649 3251 ,
675 3210 768 3244 Filiis
788 3236 798 3252 ‚
825 3212 1009 3253 Fratribus,
1034 3224 1077 3247 ae

194 3261 268 3296 aliis
277 3262 390 3296 amicis
410 3261 520 3305 Lapfis
542 3260 782 3295 interceffiones
792 3262 929 3296 affirmat
950 3261 992 3296 ab
1013 3262 1074 3297 Ec-

194 3310 290 3346 clefia
309 3323 379 3346 non
401 3311 601 3355 spernendas.
636 3311 736 3344 Hanc
758 3311 954 3354 spretionem
965 3311 1075 3347 adver-

194 3361 258 3397 sari
269 3361 400 3396 Divinas
414 3361 629 3400 Clementiae,
655 3372 726 3405 quae
747 3360 843 3395 variis
854 3371 984 3405 propter
992 3362 1075 3397 fimi-

195 3409 243 3445 les
264 3410 502 3446 interceffiones
517 3411 623 3445 reddit
643 3411 814 3445 sanitatem
823 3412 990 3455 corporis,
1016 3423 1075 3446 no-

195 3471 272 3496 vam
280 3459 299 3494 ὲ
308 3469 414 3497 morte
422 3461 523 3495 vitam
533 3485 545 3501 ,
565 3472 605 3496 ac
617 3461 698 3496 item
707 3461 849 3507 ipsorum
860 3460 1076 3500 peccatorum

298 3510 415 3557 Difftrt.
427 3513 552 3548 Prooem.
565 3514 644 3548 Tom.
654 3515 681 3548 1·

1104 88 1527 142 Pnoemmms.
1920 116 1992 157 „3

1110 171 1344 212 remlffionem,
1368 170 1531 215 Exempla
1540 167 1576 205 in
1593 168 1800 216 Evangelio,
1825 169 1994 218 Apostoli-

1109 223 1156 256 cis
1167 221 1307 262 Literis,
1331 232 1370 256 ac
1382 220 1456 255 aliis
1475 219 1674 256 authenticis
1694 221 1825 263 Scriptis
1843 226 1918 259 sunt
1935 224 1994 260 ob-

1109 272 1171 307 via.
1198 272 1244 306 Et
1259 271 1481 306 Dominicum
1501 270 1676 306 confilium
1687 279 1785 314 atque
1802 273 1996 310 mandatum

1108 322 1173 356 est:
1202 325 1308 355 Facite
1317 321 1405 356 vobis
1415 327 1526 355 amicos
1547 322 1586 355 de
1605 324 1778 354 Mammona
1797 326 1996 364 iniquitatis,

1109 381 1144 406 ut
1152 373 1217 405 cum
1229 371 1398 413 defeceritis
1411 395 1423 411 ‚
1447 377 1595 413 recipiant
1606 383 1662 406 vos
1673 377 1706 405 in
1718 379 1834 405 aeterna
1844 370 1995 404 Taberna-

1108 423 1182 456 oula.
1209 422 1311 455 Hanc
1323 421 1547 457 Clementiam
1558 420 1754 456 nos-imitari
1772 419 1908 454 mandat
1930 421 1998 455 san·

1109 472 1176 506 stus
1187 469 1302 505 Petrus
1313 495 1323 510 ‚
1350 471 1384 506 &
1393 472 1601 515 permittere,
1625 481 1663 506 ut
1685 472 1869 515 Lapsorum
1885 469 1999 504 Poeni-

1110 521 1214 556 tentia
1225 517 1282 565 per
1293 520 1372 555 talia
1383 521 1486 556 etiam
1497 521 1762 556 interceffionum
1787 519 1936 554 subfidia
1945 519 2001 555 ad·

1111 572 1245 615 juvetur.
1272 571 1355 605 Non
1367 570 1409 605 de
1431 569 1599 613 humana,
1625 571 1681 605 sed
1702 571 1744 605 de
1755 571 1881 607 Divina
1901 570 2000 605 inter·

1112 620 1429 664 ceffioneloquitur:
1456 621 1512 655 De
1521 621 1596 655 fufis
1607 620 1648 655 ad
1666 621 1778 654 Deum
1801 632 1859 663 pro
1879 620 2000 665 Lapsu-

1115 683 1188 706 rum
1200 671 1385 706 amicorum
1395 671 1688 707 Reconciliatione
1697 669 1856 716 precibus.

1197 853 1257 915 C
1291 850 1363 916 A
1399 854 1471 918 N
1505 855 1569 919 O
1603 855 1675 919 N
1744 851 1912 920 XII·

1123 968 1252 1103 I1s
1297 973 1453 1041 enim,
1499 975 1579 1039 qui
1613 974 1844 1040 pecuniam
1874 970 2007 1022 dede-

1217 1055 1318 1088 runt
1342 1076 1356 1100 ,
1392 1056 1441 1091 ut
1476 1042 1556 1108 ipfi
1580 1047 1700 1091 omni
1725 1061 1777 1092 ex
1802 1058 1926 1111 parte
1950 1040 2011 1090 ab

1118 1110 1237 1156 omni
1276 1110 1446 1158 malitia
1490 1112 1794 1179 imperturbati
1840 1111 1974 1161 effent
1994 1147 2010 1174 ‚

1119 1180 1283 1228 crimen
1308 1179 1477 1230 intendi
1490 1198 1579 1230 non
1592 1181 1746 1249 potest.
1783 1185 2011 1231 Damnum

1120 1251 1262 1309 enim,
1297 1253 1340 1299 &
1362 1255 1568 1315 jacturam
1592 1255 1873 1320 pecuniarum
1893 1251 2013 1301 susti-

1123 1334 1307 1370 nuerunt
1332 1355 1346 1380 ,
1382 1320 1437 1371 ne
1463 1321 1543 1389 ipsi
1568 1324 1722 1373 animat
1746 1321 2013 1374 detrimento

1123 1388 1392 1439 afficerentur
1404 1427 1420 1450 ,
1454 1393 1525 1441 vel
1553 1391 1688 1461 ipsam
1713 1395 1848 1442 etiam
1861 1391 2013 1460 perde·

1123 1475 1244 1519 rent,
1279 1459 1401 1526 quod
1415 1461 1489 1509 alii
1503 1477 1684 1530 propter
1707 1477 1834 1531 turpe
1846 1463 2015 1512 lucrum

1123 1547 1213 1578 non
1226 1529 1420 1579 fecerunt
1434 1550 1447 1579 ι
1486 1533 1703 1601 Qamvis
1716 1534 1935 1582 Dominus
1948 1531 2017 1581 di-

1123 1615 1222 1658 cat3
1258 1597 1367 1666 quid
1390 1603 1508 1649 enim
1521 1601 1742 1650 hominem
1753 1602 1924 1668 juvabit
1935 1640 1948 1662 ‚
1983 1602 2017 1651 fi

1125 1668 1369 1719 universum
1395 1669 1610 1720 Mundum
1636 1673 1824 1722 lucratus
1863 1672 2018 1734 fuerit,

1126 1742 1279 1790 animae
1303 1755 1448 1791 autem
1474 1740 1742 1792 detrimento
1763 1742 1893 1792 fuerit
1916 1740 2020 1792 affe-

1126 1815 1243 1869 etuS,
1278 1810 1349 1860 vel
1374 1827 1470 1860 eam
1495 1813 1630 1861 etiam
1655 1810 1929 1882 perdiderit?
1961 1816 2019 1861 Et

1129 1877 1289 1939 rursus,
1325 1897 1414 1929 non
1437 1882 1616 1948 potestis
1652 1887 1757 1932 Deo
1790 1881 1946 1932 servire
1977 1886 2022 1931 δε

1118 1956 1394 2001 Mammonae
1418 1969 1429 1997 :
1469 1955 1520 1999 In
1557 1952 1644 1999 illis
1670 1955 1786 2001 enim
1808 1969 2022 2021 apparue-

1130 2034 1230 2070 runt
1243 2021 1322 2085 qui
1336 2024 1438 2069 Deo
1451 2018 1682 2081 servirent,
1717 2023 1880 2082 exofiS,
1916 2041 2020 2072 con-

1127 2090 1311 2138 culcatis
1336 2126 1351 2150 ‚
1399 2085 1749 2158 contemptisque
1786 2095 1983 2160 pecuniis
2007 2129 2021 2153 ‚

1128 2163 1172 2209 &
1197 2162 1246 2208 in⁴
1267 2176 1322 2208 eo
1345 2161 1700 2229 compleverunt,
1736 2161 1858 2230 quod
1891 2161 2022 2231 scrip-

1130 2245 1224 2278 tum
1249 2229 1335 2278 est:
1373 2233 1567 2281 Pretium
1593 2230 1906 2299 redemptionis
1929 2236 2023 2281 ani-

1130 2318 1212 2352 mae
1235 2299 1449 2362 hominis,
1475 2303 1662 2370 propriae
1683 2300 1862 2352 divitiae.
1899 2306 2023 2352 Nam

1131 2374 1173 2421 &
1199 2373 1245 2419 in
1280 2370 1459 2421 Aecibus
1496 2389 1676 2439 quoque
1714 2372 2024 2440 Apostolorum

1132 2441 1314 2502 legimus
1338 2478 1352 2502 ,
1386 2459 1461 2490 eos
1486 2443 1565 2508 qui
1590 2460 1672 2510 pro
1696 2443 1833 2492 Paulo
1869 2447 1913 2492 δε
1937 2443 2026 2492 Sila

1132 2507 1439 2560 Theffalonicae
1474 2510 1531 2560 ad
1569 2511 1846 2575 Magistratus
1881 2513 2025 2563 trahe-

1133 2579 1289 2629 bantur
1313 2617 1326 2641 ‚
1361 2599 1461 2630 curn
1498 2583 1649 2632 multis
1683 2583 1878 2650 pecuniis
1905 2581 2026 2632 fuisse

1132 2648 1336 2699 dimiffos.
1386 2650 1619 2719 Postquam
1644 2655 1762 2715 enim
1786 2651 1901 2721 ipsos
1923 2670 2025 2721 pro-

1133 2736 1229 2788 pter
1253 2738 1411 2771 nomen
1447 2722 1635 2772 multum
1670 2720 1907 2772 onerassent
1931 2758 1944 2782 ,
1979 2726 2024 2772 &c

1134 2790 1458 2840 multitudinem
1484 2791 1843 2858 Magistratusque
1854 2807 2023 2859 pertur-

1132 2859 1318 2922 bassent,
1354 2861 1411 2910 ab
1424 2861 1613 2928 Jasone,
1648 2864 1818 2929 inquit,
1854 2866 1897 2910 &
1921 2863 2023 2911 reli-

1132 2933 1232 2997 quis
1258 2931 1567 2983 Satis-datione
1602 2946 1810 2999 accepta,
1843 2948 1918 2982 eos
1952 2930 2024 2982 di-

1132 2999 1350 3051 miserunt.
1385 3005 1575 3052 Fratrem
1599 3017 1744 3051 autem
1771 3006 1899 3051 noCtu
1919 3019 2022 3072 pro-

1134 3071 1251 3120 tinus
1277 3073 1458 3121 Paulum
1494 3077 1538 3123 &
1574 3072 1705 3122 Silam
1742 3070 1947 3123 miserunt
1970 3075 2020 3123 in

1133 3147 1353 3190 Berraeam.

1284 3264 1855 3313 SCHOLION.

1229 3360 1450 3397 Onstantinus
1459 3360 1731 3404 Harmenopuius
1740 3362 1796 3398 dat
1808 3362 1943 3398 Canoni
1953 3362 2019 3398 hoe

1246 3410 1495 3455 Compendium
1508 3425 1519 3445 .-
1547 3413 1614 3455 .Qut
1628 3419 1774 3455 pecunias
1786 3415 1936 3448 dederunt
1948 3437 1959 3453 ,
1984 3422 2019 3447 ut

1135 3467 1290 3499 tormentis
1301 3468 1487 3506 eriperentur
1496 3485 1511 3504 ,
1534 3462 1622 3506 culpa
1634 3475 1748 3549 ἕκτης
1761 3476 1771 3508 ;
1795 3464 1861 3499 cum
1877 3468 2019 3507 pecunia-

1929 3522 1997 3551 rum
2004 3535 2017 3554 2
