2346 3776
555 150 561 153 -
619 113 1090 165 DrssnRTATm·

167 205 248 239 suco
268 203 425 247 sperantes
443 206 600 243 purgare,
626 197 765 232 affirmat
787 194 1007 232 effe&cssaecos
1019 197 1053 232 δε

168 249 302 288 deliros.

223 301 376 338 Eundem
399 299 513 333 fimum
536 297 671 333 nervose
702 296 860 332 subvertit
886 296 920 330 &
939 295 1054 331 abster-

170 354 225 399 git
245 354 279 386 in
299 347 539 394 quadragefima
560 358 649 382 nona
663 347 826 382 Oratione
839 347 964 380 {anctus
975 348 1055 381 Gre-

172 403 287 449 gorius
307 399 544 434 Nazianzenus.
571 398 698 431 Evertit
711 395 943 440 blasphemiam
956 421 966 436 ,
992 408 1055 441 qua

170 452 273 487 Arius
292 449 420 486 dixerat
454 448 567 482 Deum
606 447 756 482 Verbum
792 446 854 480 effe
880 448 1054 490 perfectam

170 501 375 536 ereaturam.
413 497 629 532 Demonstrat
648 496 795 532 fabulam
818 495 875 530 fibi
898 497 955 539 ipli
983 509 1054 531 non

169 548 350 591 cohaerere3
385 547 429 583 eo
447 547 538 593 quod
561 547 660 582 Arius
682 545 868 582 addiderit:
907 551 980 580 Non
1004 559 1055 579 nos

167 608 295 644 propter
317 598 445 633 Verbum
456 623 468 639 ‚
480 595 548 642 Ted
564 597 692 632 Verbum
708 598 759 641 effe
780 605 915 629 creatum
932 604 1056 639 propter

170 662 234 685 ms.
272 649 413 694 Egregie
434 647 500 682 hoc
524 647 783 683 demonstrat-in
810 647 907 680 tertia
929 647 1057 681 decima

167 700 338 735 Oratione
361 714 373 733 .·
411 702 458 731 An
479 708 512 733 te
528 699 610 732 illud
619 697 726 741 fugit,
751 696 816 730 cum
837 699 956 736 Deum,
983 697 1057 729 Filii

172 750 210 783 (θ’
229 753 360 792 Spiritus
380 773 395 789 ,
429 749 513 782 velut
533 757 738 782 creaturarum
760 771 771 787 ,
797 749 982 788 Principium
997 745 1058 786 sta-

170 806 236 833 tuis
258 824 270 840 ‚
307 810 359 832 nec
376 801 560 839 Principium
581 800 601 830 ἂ
624 807 655 830 te
673 796 810 830 honorari
830 821 842 837 ,
875 798 910 830 &
931 808 999 839 quae
1021 807 1058 829 ex

171 861 206 883 eo
227 857 354 882 manant
367 871 378 886 ,
403 854 565 893 ignominia
587 849 662 889 affici
673 847 691 878 ἕ
725 847 808 880 Illud
824 870 836 887 ‚
862 852 934 889 quia
952 847 1058 879 vilium

172 900 210 933 ό·
229 904 400 942 exiguarum
422 921 434 936 ,
469 908 505 930 ac
527 902 649 931 Deitate
667 898 856 941 indignorum
875 899 1060 938 Principium

171 947 324 988 constituis
345 959 355 989 ;
394 951 467 981 Haec
486 971 498 987 ,
536 954 609 991 quia
625 955 732 988 parva
750 972 762 988 ‚
797 958 849 980 nec
870 956 972 981 creata
992 955 1060 979 tan-

170 998 240 1032 tum
257 1022 268 1038 ,
300 995 360 1039 sed
380 1003 509 1030 omnium
524 1004 618 1031 etiam
638 1008 707 1039 quae
730 1005 833 1031 creata
851 995 925 1039 sunt
949 1020 960 1037 ‚
997 1007 1058 1029 con-

170 1044 359 1089 iemptiffima
380 1048 415 1080 6*
439 1047 547 1088 abjecit·
565 1060 625 1082 ema
642 1046 739 1088 facis.
775 1048 928 1091 siquidem
956 1045 1058 1078 horum

171 1098 270 1140 caussa
290 1123 301 1138 ,
335 1098 372 1131 δ’
391 1098 555 1140 aliquando
572 1098 693 1132 condita
705 1093 780 1140 sunt
804 1108 901 1138 ,non
919 1095 1001 1140 secus
1023 1105 1058 1127 ac

169 1146 368 1188 instrumenta
397 1147 436 1179 ab
467 1148 585 1189 Artifice
606 1171 618 1186 ‚
653 1157 722 1189 quae
740 1156 812 1180 ante
840 1146 975 1189 Artifices
1001 1155 1057 1177 non

172 1206 286 1236 erant,
310 1208 362 1230 nec
382 1198 462 1229 alitis
485 1196 676 1240 exstitiffinn
703 1196 763 1237 nist
778 1198 859 1239 quod
875 1208 973 1229 eorum
993 1202 1058 1236 ope-

156 1240 216 1280 ‘ra
237 1250 320 1279 Deus
345 1257 444 1280 creare
463 1247 593 1289 voluffit
614 1270 625 1285 ,
645 1247 775 1286 perinde
794 1246 932 1278 videlicet
951 1256 987 1277 ac
1005 1249 1059 1278 Vo-.

172 1298 278 1330 luntas
305 1295 372 1338 ipsa
398 1306 585 1337 nequaquam
600 1293 754 1336 sufficeret.
791 1295 958 1337 ,Quidquid
980 1300 1058 1327 enim

173 1347 258 1379 alius
278 1350 322 1377 rei
341 1345 436 1387 cauffa
448 1342 571 1385 fac‘lum
591 1342 629 1385 est
639 1367 651 1383 ‚
676 1342 822 1384 abjecistis
843 1343 882 1384 est
898 1352 1058 1386 eapropter.

169 1395 255 1438 quod
268 1392 391 1436 fadum
408 1392 453 1434 est.
481 1393 529 1426 Et
550 1392 585 1427 in
604 1393 764 1437 trigesima
775 1393 915 1428 secunda
926 1395 1056 1429 Oratio-

169 1455 236 1479 ne:
262 1446 344 1487 Ergo
364 1455 415 1477 nec
434 1444 597 1486 quidquam
614 1442 718 1476 borum
728 1449 821 1476 trium
831 1443 1032 1485 Creaturaest
1044 1468 1055 1483 ,

167 1500 226 1529 nec
247 1518 259 1534 ‚
295 1494 376 1536 quod
394 1492 433 1533 est
457 1494 587 1527 deterius
611 1517 622 1534 ,
650 1501 775 1535 propter
794 1505 840 1527 me
858 1503 990 1527 creatum
1008 1492 1054 1534 est.

170 1545 310 1586 Alioquin
333 1554 389 1576 non
410 1544 495 1576 modo
514 1547 665 1577 Creatura
685 1544 752 1586 esset
775 1567 786 1583 ,
817 1538 877 1587 fid
897 1549 987 1576 etiam
1007 1555 1056 1576 no-

170 1593 220 1628 bis
239 1593 380 1635 abjectior
402 1602 493 1636 atque
511 1599 719 1636 contemptior:
747 1598 834 1626 Nam
845 1593 877 1635 fi
889 1606 938 1637 ego
948 1595 992 1627 ad
996 1595 1058 1638 gio-

171 1650 254 1679 rlam
275 1646 333 1677 Dei
359 1645 494 1677 conditus
514 1641 583 1686 sum
608 1667 618 1683 ‚
658 1642 708 1676 boc
730 1653 829 1677 autem
846 1651 968 1685 propter
988 1656 1056 1683 me,

155 1697 308 1735 *Forceps
329 1696 414 1726 enim'
422 1701 546 1735 propter
568 1704 707 1733 carrum,
734 1703 788 1727 aut
808 1696 882 1727 Sera
889 1701 998 1736 proper
1002 1697 1057 1735 ja-

169 1755 269 1777 ’tuam
287 1744 409 1785 efficitur
421 1767 432 1782 ‚
453 1742 589 1786 sequitur
604 1742 761 1785 pusello,
786 1753 820 1777 ut
839 1744 942 1786 cauffae
963 1742 1056 1787 respe-

170 1792 224 1825 aa
237 1791 294 1833 fim
309 1791 456 1834 superior..
487 1795 611 1835 ,Quanto
634 1799 712 1826 enim
732 1798 816 1826 Deus
835 1793 924 1827 rebus
946 1800 1055 1827 creatis

167 1841 213 1883 est
224 1840 379 1885 sublimior
390 1866 400 1881 ,
426 1844 513 1875 tanti
531 1842 566 1876 id
582 1843 663 1884 quod
670 1852 735 1875 mea
744 1843 840 1886 cauffa
850 1852 983 1876 creatum
993 1843 1031 1882 est
1045 1867 1055 1883 ‚

168 1903 240 1932 one,
266 1897 319 1934 qui
335 1899 458 1933 propter
477 1894 575 1924 Deum
593 1891 713 1932 eff'ee‘lus
731 1890 822 1935 sum,
849 1893 942 1926 vilius
962 1892 1000 1934 est
1010 1902 1055 1926 at-

169 1952 230 1986 que
248 1940 413 1986 ignobilius.

223 1990 339 2026 Aliam
364 1991 493 2035 insuper
518 1990 679 2026 sceleratae
703 1991 835 2027 Fabulae
859 1991 929 2027 non
953 1992 1057 2027 cohae-

164 2041 312 2076 rentiam
337 2050 431 2075 notat
452 2041 488 2075 in
511 2042 605 2076 tertia
625 2041 796 2077 adversum
819 2041 962 2077 Arianos
974 2045 1055 2079 Ora-

156 2091 267 2126 'tione
284 2092 412 2125 sanstus
432 2089 638 2126 Athanafius.
669 2091 912 2136 Blasphemiam
937 2117 947 2133 ‚
985 2104 1056 2137 quae

162 2142 238 2177 Dei
259 2139 409 2177 Verbum
420 2140 461 2175 ad
471 2141 609 2176 creanda
621 2143 736 2176 omnia
755 2143 872 2177 adserit
891 2152 1050 2184 creatum,

162 2191 309 2235 *exponit
322 2216 332 2232 ‚
357 2192 454 2235 eique
471 2192 611 2235 opponit
633 2193 774 2230 Domini
799 2194 834 2226 in
845 2194 945 2227 santii
959 2191 1055 2236 Joan-

167 2241 224 2277 :nis
244 2241 430 2285 Evangelio
448 2241 585 2276 verbum
610 2254 618 2274 ε
650 2242 875 2290 Qaecumque
895 2243 991 2277 Pater
1012 2245 1055 2277 fa-

163 2291 215 2326 cit
233 2315 244 2331 ‚
281 2290 349 2325 haec
366 2291 398 2324 δε
418 2291 524 2325 Filius
545 2291 690 2326 fimiliter
711 2293 809 2333 facit,
835 2303 933 2336 atque
951 2295 1055 2337 prose-

166 2340 297 2386 quitur:
323 2343 357 2376 δι’
378 2349 478 2375 autem
499 2353 567 2384 quae
591 2344 686 2376 Pater
708 2351 868 2385 operatur,
894 2345 997 2376 eadem
1019 2345 1054 2377 er

163 2389 271 2429 >Filius
292 2398 432 2433 operatur
444 2415 455 2431 ,
481 2393 515 2425 &²
536 2403 604 2434 quae
627 2394 726 2426 Filius
737 2402 838 2434 creat,
865 2391 980 2435 casum
993 2396 1052 2426 Pa-

166 2446 230 2475 tris
251 2452 395 2476 creaturae
408 2465 419 2481 ,
446 2442 480 2475 &
498 2451 599 2475 tamen
620 2444 734 2476 Filium
754 2450 805 2476 vis
824 2441 934 2486 censeri
947 2446 1050 2476 Patris

168 2494 256 2532 opus
278 2491 314 2524 (τ
335 2493 536 2532 creaturam,
558 2490 694 2534 sequitur
715 2503 750 2526 ut
770 2502 824 2526 aut
843 2491 1051 2536 ipsese-ipsum

165 2547 305 2582 operetur
326 2541 360 2573 Θ
379 2549 455 2573 creet
467 2564 478 2580 ‚
503 2544 742 2583 quandoquidem
764 2554 831 2584 quae
851 2545 942 2576 Pater
953 2551 1052 2584 opera-

165 2599 221 2624 ·tur
232 2613 244 2629 ,
259 2601 305 2623 *ea
320 2587 393 2632 fient
417 2591 450 2623 cb·
475 2591 549 2623 Filii
569 2599 658 2633 opera
671 2616 680 2631 ‚
708 2594 788 2634 quod
805 2591 967 2636 absurdum
980 2592 1049 2634 fue-

165 2646 214 2673 rit
234 2648 324 2683 atque
345 2639 526 2681 impollibile:
554 2645 615 2674 Aut
633 2651 667 2674 ut
689 2643 761 2675 dum
776 2645 1048 2684 creat&operatur

170 2697 262 2730 opera
283 2691 407 2734 Patris,
433 2687 496 2732 ipse
517 2701 574 2723 non
586 2691 687 2732 fuerit
709 2696 792 2734 Opus
812 2702 867 2725 aut
878 2696 1048 2733 ereatura,

153 2741 208 2787 'ire‘
227 2737 289 2781 ipse
310 2750 408 2771 rerum
429 2739 528 2773 auffor
549 2742 584 2774 6·
613 2740 703 2784 causa
732 2741 866 2782 effec‘lrix
901 2749 934 2775 in
959 2743 1046 2777 rebus

168 2789 313 2823 creandis
337 2795 503 2829 reperiatur
524 2791 561 2823 id
583 2792 691 2833 efficere
726 2794 806 2834 quod
828 2792 961 2833 effec‘lum
987 2793 1046 2834 est,

168 2848 224 2872 aut
239 2839 340 2880 potius
359 2849 416 2870 non
429 2840 506 2882 posse
526 2841 657 2882 efficere?
682 2843 834 2885 ‚Quomodo
845 2849 923 2875 enim
934 2868 944 2883 ,
964 2842 995 2884 fi
1002 2842 1046 2887 se-

165 2889 296 2922 cundum
319 2899 373 2920 vos
404 2899 442 2921 ex
464 2900 520 2921 non
537 2890 671 2924 Entibus
693 2891 805 2931 exstitit
825 2916 836 2932 ‚
868 2901 974 2934 potens
1008 2894 1046 2934 est

167 2949 227 2972 non
248 2941 347 2971 Emia
360 2962 369 2976 ,
396 2946 429 2970 ut
447 2941 545 2972 Entia
560 2939 641 2982 fine,
666 2943 787 2975 condere
808 2951 899 2984 atque
923 2942 1046 2977 archite-

168 2987 269 3022 ἄκη.)
296 2988 390 3031 ,Quod
399 2986 447 3028 fi,
473 2995 613 3030 quamvis
633 2994 781 3024 Creatura
793 2990 834 3033 fit
854 3016 864 3031 ‚
889 3003 1044 3026 creaturas

168 3046 272 3071 tamen
292 3049 357 3070 eum
378 3038 500 3070 condere
520 3039 597 3071 velis
613 3063 624 3079 ,
649 3041 728 3074 idem
748 3047 780 3073 in
803 3042 935 3075 omnibus
957 3043 1043 3076 rebus

169 3093 277 3132 creptis
298 3087 521 3130 intelligendum
542 3094 600 3121 erit
610 3113 620 3128 ,
647 3098 681 3121 ut
699 3091 734 3124 Θ
752 3089 826 3134 ipsae
830 3090 866 3134 se
875 3103 974 3125 creare
980 3092 1045 3135 posl

165 3135 232 3178 fint.
259 3138 354 3181 ,Quod
363 3135 394 3178 fi
410 3138 446 3169 id
463 3139 483 3169 ἃ
502 3137 589 3170 vobis
612 3140 811 3179 admittatur,
837 3148 888 3183 qui
908 3140 977 3184 usus
987 3149 1044 3176 erit

170 3186 281 3227 Verbi,
307 3187 371 3219 cum
385 3188 489 3227 poffint
508 3187 656 3228 Inferiora
670 3191 691 3220 ἆ
702 3191 905 3230 Superioribus
909 3199 1045 3233 procrea-

167 3241 208 3269 ri.
235 3239 292 3269 Aut
311 3238 450 3279 quomodo
463 3236 580 3280 fingula
598 3262 609 3278 ‚
645 3249 710 3271 cum
725 3238 833 3280 fierent
850 3246 883 3273 in
898 3247 983 3274 initio
1003 3254 1045 3275 re-

169 3295 238 3318 rum
259 3309 270 3325 ,
294 3287 398 3319 audire
412 3288 569 3328 potuiffent
589 3299 688 3321 vocem
711 3291 769 3322 Dei
787 3313 797 3328 ,
825 3289 894 3329 Esto
916 3292 950 3324 (9
971 3293 1046 3333 Effi-

167 3339 266 3374 aare,
284 3334 315 3376 fi
333 3347 364 3370 eo
382 3337 466 3368 modo
485 3338 679 3385 conderenfur
690 3339 707 3370 ,Ρ
732 3340 793 3372 Sed
801 3350 894 3381 neque
899 3338 1044 3382 firiptum

167 3382 227 3423 est,
253 3394 344 3426 neque
366 3384 404 3425 est
418 3386 549 3427 poffibile.
578 3390 693 3420 Eorum
710 3395 789 3421 enim
810 3412 820 3428 ‚
856 3401 925 3431 quae
945 3402 1044 3424 crean-

169 3441 221 3466 tur
231 3457 242 3474 ‚
268 3435 379 3467 nullum
400 3435 438 3475 est
453 3434 503 3478 fici
522 3435 612 3479 causa
627 3439 759 3480 efficiens.
789 3443 897 3471 Omnia
899 3438 1043 3482 siquidem

164 3491 223 3527 per
244 3482 371 3517 Verbum
393 3483 495 3523 effeela
507 3484 589 3528 sunt.
616 3491 724 3534 Neque
744 3489 821 3527 illud
832 3488 935 3534 fuiffi’t
944 3499 1043 3535 opera-

270 3532 387 3578 Differt.
398 3535 521 3572 Prooem.
533 3538 613 3573 Tom.
621 3540 646 3573 Ι.

1115 110 1539 165 PRoOEMIALis.
1949 124 1996 175 83

1115 205 1179 230 tum
1199 202 1295 230 omnia
1316 220 1328 237 ,
1355 195 1387 238 fi
1404 194 1499 239 ipsum
1518 207 1557 230 ex
1575 197 1705 236 Operum
1729 204 1783 229 aut
1808 195 1994 230 conditarum

1114 258 1213 280 rerum
1229 258 1348 281 numero
1363 245 1474 289 fuiffet.
1503 250 1610 287 Neque
1630 249 1709 276 enim
1729 245 1782 277 vel
1799 249 1900 288 Angeli
1909 247 1996 289 quide
2009 254 2024 289 κ·-
2052 271 2057 276 f

1114 302 1205 339 quam
1216 308 1315 330 creare
1321 296 1448 339 poffunt‚
1460 307 1524 328 cum
1535 297 1569 330 ὦ·
1577 293 1692 336 ipfifint
1700 302 1845 327 creaturae
1856 307 1870 335 ‚·
1892 307 1997 336 quam-

1114 353 1164 380 vis
1187 353 1219 379 in
1240 344 1393 390 diversam
1406 344 1590 388 sententiam
1612 344 1790 387 Valentinus
1803 368 1814 384 ,
1840 346 1996 385 Marcion,

1115 397 1149 430 δ’
1169 395 1316 438 Bafilides
1335 404 1408 430 eant
1420 419 1430 435 ‚
1458 397 1492 428 Θ
1512 407 1566 428 vos
1590 396 1652 428 unxi
1674 406 1740 427 cum
1760 393 1825 434 eis,
1849 403 1884 427 ut
1906 392 1997 435 Adse-

1114 447 1175 479 cias
1198 447 1281 479 decet
1301 447 1562 480 &AEmulatores.
1591 444 1692 477 Arius
1703 444 1818 478 docuit
1830 443 1898 498 tria.
1927 442 1999 476 Pri-

1115 495 1171 530 mo
1183 520 1194 536 ‚
1220 496 1332 530 Deum
1355 494 1502 529 Verbum
1513 497 1576 529 effe
1587 495 1777 529 ereaturam
1788 518 1798 534 ,
1825 492 1997 527 conditam

1116 546 1134 580 ὲ.
1155 546 1261 580 Patre.
1287 544 1421 580 Deinde
1442 556 1559 579 omnes
1584 544 1724 587 reliquas
1747 554 1906 578 creaturas
1931 542 1996 577 effe

1116 595 1266 630 conditas
1284 596 1302 630 a
1325 596 1400 630 Deo
1422 594 1544 629 Verbo.
1582 593 1704 628 Tertio
1722 618 1732 633 ,
1758 595 1872 628 omnia
1890 592 1998 627 Patris

1117 648 1226 689 Opera
1247 646 1318 680 fieri
1337 645 1435 680 etiam
1455 644 1580 679 aFilio.
1610 644 1744 678 Sanetus
1758 643 1835 677 vero
1848 642 1998 678 Athana-

1117 696 1177 730 ssus
1197 696 1334 730 affirmat
1355 694 1421 730 haec
1439 693 1499 729 fibi
1519 693 1639 729 mutuo
1656 704 1725 727 non
1735 692 1901 728 cohaerere.
1929 693 2001 727 Pri-

1120 745 1197 785 mo,
1223 746 1314 790 quod
1335 745 1412 780 inde
1430 747 1581 790 sequatur
1603 743 1716 778 Deum
1737 742 1887 777 Verbum
1907 742 2000 777 effe&

1120 797 1293 839 semetipso
1314 797 1462 838 sastum;
1491 794 1582 840 quod
1601 793 1648 828 est
1660 792 1863 837 impoffibile.
1890 790 1999 840 Qod

1119 845 1224 887 ipsum
1245 846 1279 879 in
1301 847 1410 889 primo
1431 847 1524 889 super
1544 845 1643 879 saneti
1665 843 1802 887 Joannis
1814 842 2003 887 Evangelio

1119 894 1276 928 Trastatu
1297 896 1434 930 affirmat
1454 897 1580 930 sanstus
1602 893 1816 939 Augustinus.
1853 891 2002 927 Athana·

1119 945 1181 978 fius
1202 945 1283 979 item
1309 946 1448 980 affirmat
1478 944 1610 979 creandi
1634 945 1788 978 virtutem
1821 943 1885 977 effe
1904 942 2002 977 omni

1119 995 1229 1028 omnis
1247 1003 1399 1029 creaturae
1424 996 1572 1038 potentia
1597 995 1793 1038 superiorem
1813 1018 1824 1034 ,
1859 992 2004 1037 ideoque

1119 1045 1230 1078 Deum
1242 1044 1404 1084 Verbum,
1413 1045 1437 1078 fi
1449 1054 1594 1078 creatum
1606 1044 1656 1083 fit,
1668 1056 1736 1078 non
1749 1044 1837 1087 posse
1847 1044 1910 1078 effe
1920 1043 2004 1077 alio·

1118 1105 1189 1127 rum
1200 1095 1356 1128 omnium
1366 1095 1557 1129 Creatorem
1570 1107 1577 1126 :
1606 1093 1725 1127 Arium
1736 1093 1803 1127 labi
1815 1094 1851 1127 in
1860 1104 2004 1128 errorem

1119 1143 1267 1178 Basilidis
1277 1169 1288 1185 ,
1301 1143 1476 1179 Valentini
1488 1169 1499 1185 ‚
1510 1156 1548 1178 ac
1560 1143 1746 1177 Marcionis
1757 1167 1767 1182 ,
1784 1142 2002 1187 garrientium

1117 1204 1312 1236 corporeum
1329 1194 1500 1229 Mundum
1527 1194 1590 1228 elie
1609 1203 1754 1228 creatum
1773 1192 1813 1226 ab
1826 1191 1976 1238 Angelis.

1168 1243 1298 1278 Eodem
1320 1254 1516 1290 argumento
1538 1245 1664 1278 sanstus
1684 1242 1883 1277 Athanasius
1899 1243 2004 1277 utitur

1120 1293 1152 1325 in
1174 1294 1323 1337 Epistola
1345 1294 1386 1328 ad
1408 1294 1587 1329 Africanos
1611 1292 1788 1334 Antistites
1809 1306 1816 1325 :
1843 1298 1920 1325 Cum
1942 1296 2004 1326 Pa-

1118 1351 1180 1376 tres
1204 1348 1321 1378 Nicaeae
1344 1345 1496 1387 docuiffent
1519 1349 1578 1378 Dei
1598 1344 1727 1377 Verbum
1747 1354 1798 1376 nec
1815 1344 1865 1387 effi:
1878 1347 2003 1376 Creata-

1118 1405 1207 1433 ram,
1234 1406 1287 1428 nec
1305 1395 1469 1428 Faeiuram
1494 1406 1503 1436 3
1537 1394 1581 1434 isti
1602 1403 1706 1426 contra
1728 1418 1739 1434 ,
1776 1388 1886 1426 Ariar'n'⁸
1897 1399 2003 1435 potius

1118 1445 1208 1485 qucim
1233 1443 1395 1483 Christiani
1417 1468 1427 1484 ‚
1462 1452 1495 1477 in
1512 1443 1579 1487 suis
1601 1445 1722 1481 synodis
1745 1442 1809 1483 ausi
1825 1441 1899 1485 sunt
1918 1443 2002 1476 illum

1118 1494 1213 1527 dicere
1231 1494 1399 1527 Fac‘luram
1411 1517 1422 1533 ,
1448 1495 1484 1527 (ν
1505 1494 1556 1536 effe
1576 1504 1669 1525 unum
1688 1494 1705 1526 ὲ
1722 1498 1868 1525 creaturis
1891 1517 1902 1533 ‚
1928 1503 2003 1535 qua-

1118 1555 1183 1576 rum
1200 1542 1297 1586 ipsum
1317 1544 1445 1577 Verbum
1467 1542 1505 1583 est
1528 1542 1639 1585 opifex
1661 1544 1697 1577 ὁ·
1716 1543 1868 1575 Conditor.
1910 1547 2002 1584 Atqui

1111 1591 1141 1634 fi
1155 1593 1282 1627 Verbum
1295 1618 1304 1634 ‚
1327 1602 1384 1635 per
1405 1595 1485 1636 quod
1495 1593 1589 1635 fac‘la
1602 1591 1677 1635 fiant
1696 1598 1794 1625 omnia
1814 1617 1824 1632 ,
1851 1594 1886 1626 (Ἰ
1906 1590 2003 1635 ipsum

1117 1655 1231 1685 quoque
1241 1643 1344 1685 fuerit
1363 1654 1502 1677 creatura
1523 1667 1533 1683 ‚
1565 1641 1703 1686 sequitur
1724 1651 1758 1675 ut
1776 1643 1854 1676 illud
1866 1640 1997 1685 seipsum

1117 1699 1275 1726 creaverit.
1313 1695 1374 1727 Sed
1393 1700 1445 1736 qui
1462 1719 1473 1734 ,
1511 1691 1609 1736 quaeso
1628 1718 1639 1734 ‚
1676 1694 1712 1725 id
1731 1718 1741 1732 ‚
1773 1694 1854 1734 quod
1861 1701 2002 1732 creatur,

1116 1754 1216 1776 creare
1238 1768 1250 1783 ,
1275 1753 1329 1777 aut
1348 1746 1428 1786 quod
1447 1745 1582 1777 conditur
1603 1767 1615 1783 ,
1640 1743 1763 1776 condere
1776 1749 1887 1784 poterit
1901 1744 1916 1773 ἒ
1950 1745 2004 1775 Ve-

1118 1794 1182 1825 rum
1203 1795 1240 1827 ne
1266 1794 1320 1827 vei
1330 1793 1369 1836 fic
1390 1795 1509 1837 quidem
1515 1795 1631 1836 pudore
1641 1794 1829 1827 deterrentur
1844 1817 1854 1832 ,
1880 1795 1937 1835 qui
1947 1798 2004 1824 mi-

1118 1844 1173 1875 nus
1193 1855 1229 1876 ea
1251 1845 1375 1884 dicant,
1403 1845 1437 1877 ob
1454 1849 1523 1886 quae
1543 1843 1650 1885 ubique*
1668 1844 1754 1884 apud
1772 1854 1871 1876 omnes
1894 1851 2002 1875 morta-

1117 1890 1239 1934 lessunt
1250 1899 1282 1925 in
1292 1895 1356 1926 odio
1367 1894 1384 1925 3
1419 1894 1502 1927 Haec
1515 1893 1628 1927 omnia
1642 1892 1760 1926 eaedem
1773 1893 1890 1926 Literae
1900 1893 2002 1926 etiam

1119 1942 1201 1976 infra
1223 1952 1362 1988 urgent,
1390 1943 1486 1977 latius
1506 1944 1541 1978 δε
1562 1953 1743 1987 exponunt.
1770 1941 1873 1989 Qod
1894 1954 1935 1976 ex
1955 1944 2004 1975 ni-

1118 1991 1188 2026 hilo
1209 1992 1341 2027 creandi
1363 1993 1479 2027 Virtus
1500 1994 1536 2026 fit
1563 1994 1710 2037 proprius
1741 1994 2004 2036 Omnipotenrioe.

1119 2041 1315 2082 Charaster‚
1340 2042 1488 2086 adeoque
1511 2043 1682 2087 singularis
1701 2042 1832 2076 Divinae
1852 2042 2004 2085 Majesta-

1116 2092 1142 2125 ti
1164 2116 1175 2132 ‚
1210 2091 1256 2126 est
1291 2093 1457 2127 unanimis
1484 2094 1518 2126 δε
1544 2102 1632 2126 certa
1659 2093 1820 2126 Doctrina
1841 2092 2000 2127 Ecclefiae.

1118 2141 1254 2177 Unicus
1287 2143 1441 2188 refragati
1470 2141 1598 2177 videtur
1619 2143 1654 2175 in
1690 2141 1793 2177 Libro
1823 2141 1866 2176 de
1892 2142 2001 2177 Carne

1116 2190 1238 2227 Christi
1263 2194 1441 2237 Septimius
1476 2193 1713 2227 Tertullianus.
1753 2191 1960 2236 Affumptam
1982 2194 2001 2227 a

1116 2242 1237 2286 Spiritu
1259 2244 1376 2278 Sane'ko
1397 2242 1597 2278 columbam
1612 2267 1623 2282 ‚
1643 2242 1918 2287 &quandoquea
1931 2244 2002 2278 san·
2019 2272 2057 2302 Cr

1114 2293 1171 2326 <stis
1195 2292 1335 2337 Angelis
1357 2295 1515 2336 assumpta
1536 2304 1674 2337 corpora
1694 2294 1833 2327 affirmat
1845 2293 1937 2328 fuiffe
1950 2304 2000 2327 ve·
2045 2279 2088 2309 “¹''
2109 2280 2136 2308 3·

1115 2345 1227 2377 raciter
1245 2344 1279 2377 &
1303 2343 1552 2386 solidecarnea;
1579 2354 1677 2387 atque
1689 2344 1914 2386 prosequitur:
1940 2345 2002 2376 Sed

1114 2399 1244 2435 qumis,
1269 2401 1373 2435 corpus
1397 2393 1550 2426 Columbae
1569 2393 1620 2426 ubi
1634 2391 1674 2434 fit
1695 2417 1706 2433 ,
1731 2391 1881 2435 resumpto
1899 2395 1995 2435 Spiri-

1113 2452 1146 2476 tu
1168 2449 1200 2475 in
1223 2444 1336 2478 Coelum
1348 2443 1364 2475 ,2
1391 2442 1497 2486 AEque
1517 2445 1552 2477 (θ’
1572 2443 1744 2487 Angelorum
1756 2443 1773 2475 ἒ
1809 2444 1930 2476 Eadem
1949 2455 1998 2476 ra-

1113 2499 1191 2526 tione
1210 2499 1407 2536 interceptum
1427 2492 1465 2532 est
1487 2517 1498 2533 ,
1535 2504 1595 2535 qua
1616 2494 1650 2527 <9
1671 2494 1787 2526 editum
1804 2492 1922 2534 fuerat.
1964 2496 1998 2525 51

1112 2543 1232 2586 vidisses
1254 2554 1318 2575 cum
1335 2544 1374 2576 de
1397 2542 1487 2575 nihilo
1501 2542 1730 2585 proferebatur,
1752 2540 1849 2585 ftiffes
1872 2554 1938 2575 cum
1963 2549 1996 2576 in

1112 2592 1236 2626 nihilum
1251 2591 1480 2636 subducebatur.
1508 2593 1662 2627 Affirmat
1679 2593 1774 2626 fuisse
1786 2593 1940 2635 producta
1953 2604 1996 2626 ex

1113 2642 1241 2683 nihilo,
1267 2654 1306 2677 ac
1327 2643 1459 2687 expleto
1480 2642 1604 2678 Officio
1628 2644 1662 2676 in
1688 2641 1831 2684 nihilum
1857 2642 1996 2676 rediisse:

1113 2694 1230 2727 Creata
1240 2692 1280 2727 ab
1292 2693 1363 2737 ipsis
1372 2692 1472 2727 etiam
1485 2692 1721 2727 assumentibus
1733 2692 1881 2736 Angelis.
1900 2692 1994 2726 Hinc

1110 2744 1233 2787 pergit:
1259 2742 1383 2783 Constat
1404 2744 1528 2788 Angelos
1551 2754 1671 2775 carnem
1691 2754 1749 2775 non
1764 2748 1921 2783 propriam
1937 2753 1992 2785 ge-

1101 2792 1184 2836 staffi’
1198 2817 1208 2832 ,
1233 2801 1333 2834 utpote
1354 2798 1496 2826 Naturas
1517 2792 1695 2833 Substantiae
1707 2790 1867 2835 spiritalis.
1894 2795 1992 2834 Igitur

1107 2845 1170 2876 cum
1181 2844 1308 2876 relatum
1320 2841 1420 2884 no'nfit
1433 2868 1442 2883 ‚
1468 2837 1547 2875 unde
1563 2840 1748 2884 sumpserint
1765 2852 1883 2874 carnem
1902 2865 1912 2880 ‚
1948 2853 1993 2875 re-

1105 2894 1251 2935 linquitur
1272 2893 1430 2926 intellec‘iui
1450 2892 1540 2933 nostro
1551 2904 1609 2925 non
1618 2892 1755 2924 dubitare
1766 2915 1777 2931 ‚
1802 2889 1853 2923 hoc
1863 2891 1914 2933 effi*
1921 2899 1989 2932 pro·
2007 2880 2108 2918 0³95·

1101 2950 1205 2984 prium
1228 2943 1373 2986 Angelicae
1395 2942 1550 2983 Potestatis
1571 2954 1608 2975 ex
1631 2941 1712 2974 nulla
1730 2946 1858 2973 materia
1877 2948 1983 2982 corpus

1099 2991 1153 3034 sibi
1171 2990 1296 3035 sumere.
1324 2993 1368 3026 Et
1393 2993 1464 3035 post
1485 2991 1630 3036 quaedam
1652 3002 1659 3022 z
1688 2993 1839 3024 Caeterum
1858 2997 1911 3033 qui
1933 3002 1990 3024 va-

1104 3045 1165 3075 lent
1175 3042 1280 3083 facere
1293 3040 1469 3085 semetipsis
1494 3042 1574 3084 quod
1590 3049 1701 3073 natura
1727 3051 1784 3073 non
1800 3038 1875 3083 sunt
1897 3064 1909 3080 ,
1934 3052 1987 3074 cur

1105 3104 1160 3125 non
1185 3093 1307 3125 valeant
1326 3098 1416 3124 etiam
1432 3103 1470 3124 ex
1493 3091 1575 3123 nulla
1586 3088 1754 3132 substantia
1766 3089 1872 3131 facere
1900 3086 1918 3126 ?
1955 3093 1988 3124 Si

1102 3143 1179 3184 fiunt
1199 3143 1280 3183 quod
1297 3153 1354 3174 non
1369 3140 1462 3183 sunt,
1487 3151 1538 3172 eur
1560 3151 1618 3172 non
1639 3151 1678 3173 ex
1697 3151 1729 3173 eo
1742 3139 1825 3182 fiant
1835 3140 1920 3183 quod
1926 3152 1987 3173 non

1103 3191 1140 3231 est
1151 3193 1163 3224 ,²
1201 3192 1295 3233 ‚Quod
1313 3200 1414 3223 autem
1436 3201 1493 3222 non
1509 3188 1570 3229 est,
1595 3200 1660 3223 cum
1677 3189 1737 3231 fit,
1763 3201 1801 3224 ex
1825 3190 1915 3223 nihilo
1935 3190 1982 3230 est.

1105 3245 1266 3282 Propterea
1276 3251 1327 3273 nec
1339 3245 1498 3281 requiritur
1509 3263 1519 3278 ,
1544 3250 1596 3272 nec
1605 3238 1763 3278 ostenditur
1772 3264 1782 3280 ,
1806 3242 1882 3282 quid
1886 3240 1986 3282 postea

1096 3290 1259 3334 sallumfit
1270 3289 1436 3330 corporibus
1450 3290 1572 3323 illorum.
1609 3291 1704 3332 ,Quod
1721 3291 1758 3323 de
1778 3289 1883 3323 Nihilo
1896 3289 1985 3330 fuit,

1105 3340 1245 3374 Nihilum
1260 3339 1382 3380 sallum
1399 3337 1444 3379 est.
1472 3339 1590 3382 Possunt
1611 3338 1706 3372 Nihil
1724 3338 1820 3382 ipsum
1840 3349 1986 3373 converte-

1103 3402 1135 3424 re
1156 3396 1188 3422 in
1215 3401 1355 3428 carnem,
1388 3395 1439 3431 qui
1465 3387 1636 3432 semetipfiis
1652 3397 1816 3431 potuerunt
1838 3399 1988 3423 converte-

1104 3452 1137 3473 re
1157 3446 1189 3472 in
1209 3450 1335 3472 carnem.
1363 3440 1437 3472 Plus
1455 3439 1494 3480 est
1515 3449 1659 3472 naturam
1678 3441 1832 3473 demutare
1848 3464 1858 3479 ‚
1894 3440 1986 3481 quam
1999 3451 2120 3489 Cap-²3·

1101 3489 1206 3531 fizcere
1226 3494 1391 3525 materiam.
1419 3489 1476 3526 Est
1494 3488 1665 3534 singularis
1683 3489 1889 3536 &paradoxa
1900 3512 1911 3528 ‚
1937 3488 1988 3569 ῗῑὶ

1560 3539 1589 3574 L
1638 3550 1662 3577 2
1878 3538 1911 3574 ὅ(
1923 3547 1943 3581 Ρ
1957 3550 1992 3574 u-
