2346 3776
28 987 30 989 ’
52 974 174 1027 capii.

16 1321 19 1324 .
45 1296 126 1333 Cap.

48 1341 119 1371 ¹137.

50 2095 112 2128 Lib.
125 2104 167 2129 17.

51 2138 126 2175 Cap.
142 2138 167 2164 6.

52 2327 153 2361 Haeres-

53 2376 99 2400 οδ.
111 2379 136 2401 c.
149 2380 172 2399 1.

63 3130 121 3161 Lib.
135 3142 176 3162 Ic.

0 3205 1 3216 γ
62 3180 124 3210 cap.
136 3182 159 3200 2.

661 142 1095 190 DlssERTATro
1141 141 1566 187 PRocffiMIALIS.
1987 167 2010 203 ς

190 227 270 273 ,90st
281 226 525 266 Hermogenem
534 214 776 254 Rhinocorurae
795 242 806 259 ,
827 218 862 252 δε
873 217 954 252 alios
967 215 1072 259 plures

196 271 416 315 provixiales
426 269 626 314 Episcopos:
651 269 786 304 Etenim
807 278 933 303 certum
943 266 987 302 est
1003 271 1079 301 om·'

196 339 255 365 nes
262 323 333 365 istic
343 322 379 357 δε
387 320 620 365 Metropolitas
638 320 672 354 &
690 318 914 354 provinciales
921 318 1012 360 juxta
1024 329 1072 352 ac-

245 371 250 374 ’
299 370 554 408 consecrationis
564 379 691 404 aetatem
702 369 815 404 sedisse
829 381 867 403 ac
880 367 938 403 sub
944 368 1082 412 scripfif»

187 424 235 463 se.
263 423 354 458 Nam
365 421 436 466 post
446 421 571 456 dictum
587 421 836 464 Hermogenem
858 418 941 454 sedit
953 430 990 452 ac
1002 417 1072 452 sub·

190 474 313 518 scripsit
332 473 435 508 etiam
455 470 614 506 Eusebius
633 469 752 504 Pelusii
772 469 952 514 Episcopus
964 493 974 510 ‚
1000 479 1073 513 pro-

189 525 279 572 prius
286 523 355 567 ejus
365 521 593 566 Metropolita.

235 574 322 608 Haec
334 572 628 607 Ecclefiasticarum
634 569 885 606 provinciarum
908 568 993 603 intra
1002 567 1073 602 uni-

189 635 264 660 cam
280 623 413 658 civilem
434 622 661 668 multiplicitas
683 621 790 667 viguit
810 621 914 656 etiam
942 620 978 653 in
999 618 1072 651 aliis

190 674 339 719 AEgypti
349 671 542 709 Provinciis.
565 671 700 707 Etenim
720 671 762 706 de
774 669 954 705 Thebaide
963 667 1072 703 scribit

186 723 392 760 Ammianus
402 723 616 758 Marcellinus
627 736 638 756 :
657 721 788 755 Thebais
799 723 912 756 multas
935 726 1015 752 inter
1029 730 1075 750 ur-

189 774 243 811 bes
256 775 394 808 clariores
403 774 472 807 aliis
486 772 684 815 Hermopolim
693 771 783 806 babet
795 796 806 811 ,
831 773 866 805 Θ
876 775 990 812 Copton
1002 793 1012 807 ‚
1037 769 1072 801 (⁴5

188 827 351 860 Antinoum
362 847 373 863 ,
382 834 474 866 quam
485 825 637 856 Adrianus
650 829 683 856 in
693 822 830 856 bonorem
841 825 960 855 Antinoi
969 822 998 851 E
996 817 1070 859 phe-

187 871 276 917 bisai
282 874 425 906 condidit.
452 871 596 907 Videtur
607 874 738 907 asserere
752 897 763 913 ‚
783 871 875 917 quod
889 871 1076 911 Hermopo-

186 922 232 957 lis
241 923 340 958 fuerit
350 923 443 958 istius
456 921 639 957 Provinciae
662 922 871 966 Metropolis.
901 917 1074 968 Qudquid

185 972 248 1013 fit,
269 972 312 1008 de
334 971 493 1008 Antinoo
506 972 617 1008 scribit
628 973 664 1007 in
675 973 830 1008 Lausiaca
842 970 991 1005 Historia
1002 967 1073 1002 Pal-

188 1022 297 1060 ladius
307 1023 487 1068 Episcopus
497 1023 802 1066 Helenopolitanus
813 1034 822 1054 2
843 1023 980 1055 Vidimus
991 1025 1024 1052 in
1026 1015 1073 1060 so-

186 1074 316 1108 Iltudine
327 1078 449 1108 Antinoi
462 1098 473 1115 ,
483 1085 554 1117 quae
563 1073 602 1114 est
612 1076 784 1116 Metropolis
795 1071 966 1105 Thebaidis.
988 1067 1069 1100 Eam

187 1124 299 1168 primae
319 1123 515 1160 Thebaidos
546 1124 769 1167 Metropolim
784 1121 896 1156 statuit
918 1116 1070 1156 Ecclesia-

186 1185 261 1209 rum
283 1174 418 1209 Notitia
438 1174 605 1217 publicata
625 1184 681 1217 per
703 1174 854 1207 Leonem
876 1169 1068 1213 Sapientem.

184 1224 267 1259 Fuit
277 1224 392 1257 cIVitas
405 1222 488 1258 adeo
498 1221 632 1256 illustris
645 1246 656 1261 ‚
664 1233 701 1255 ut
710 1220 880 1254 Palladius
891 1218 989 1254 addat
1004 1229 1012 1249 ι
1033 1220 1069 1250 In

184 1279 316 1308 civitate
337 1277 458 1305 Antinoi
468 1269 745 1315 simtfoeminarum
766 1267 945 1307 Monasteria
967 1264 1070 1300 duode-

186 1329 253 1356 cim.
264 1322 309 1357 Et
321 1320 453 1364 quidem
465 1318 551 1353 adeo
559 1319 732 1353 numerosa
747 1343 758 1358 ,
771 1328 809 1352 ut
820 1318 917 1351 unius
928 1316 1070 1359 Prefeffi

183 1370 310 1408 Amma
331 1369 455 1404 Talida
465 1368 526 1404 sub
538 1369 570 1402 se
580 1367 713 1402 haberet
728 1366 892 1412 sexaginta
908 1365 1071 1410 adolefien-

182 1423 276 1455 sulas.
295 1419 334 1457 Id
345 1419 390 1454 est
404 1419 568 1454 Novitias.
593 1418 637 1452 Et
645 1419 722 1462 quis
730 1419 852 1453 nesciat
860 1416 1072 1452 Thebaidem

183 1469 253 1505 dici
273 1469 293 1507 a
314 1467 479 1505 Thebana
488 1469 623 1504 civitate
635 1494 646 1510 ‚
667 1467 808 1512 ideoque
817 1467 904 1502 hanc
916 1467 979 1501 effi:
991 1467 1072 1501 anti-

182 1520 370 1563 quiffimam
389 1519 458 1563 ejus
478 1519 724 1564 Metropolim?
750 1519 794 1553 Et
819 1517 909 1563 quod
921 1517 1023 1551 etiam
1035 1517 1070 1550 in

182 1570 251 1614 ipsa
262 1568 410 1604 Romani
420 1569 566 1613 judicem
578 1595 589 1611 ‚
616 1570 673 1605 seu
691 1568 860 1603 Praesidem
879 1567 1045 1612 posuerint
1059 1591 1070 1607 ‚

181 1619 332 1664 adeoque
341 1618 445 1664 ipsam
458 1620 626 1655 sanxerint
638 1630 829 1665 permanere
839 1617 1071 1661 Metropolim,

183 1669 284 1704 nobis
302 1671 394 1714 supra
422 1670 511 1705 dixit
531 1671 659 1705 sanstus
681 1670 921 1713 Hieronymus.
958 1668 1010 1702 Sic
1030 1666 1071 1701 de

181 1719 250 1763 ipsa
257 1719 299 1754 ad
308 1718 452 1766 Augusti
463 1719 595 1755 Caesaris
604 1720 647 1755 de
658 1719 815 1755 Antonio
835 1719 870 1753 δε
893 1717 1070 1760 Cleopatra
1080 1752 1082 1755 ,

182 1770 354 1804 victoriam
365 1770 476 1804 scribit
486 1771 523 1804 in
542 1769 716 1805 Chronico
736 1769 948 1805 Caesaraeenfis
971 1767 1071 1801 Euse-

184 1818 234 1853 bii
246 1830 253 1850 ε
274 1818 383 1855 Tbebae
394 1822 521 1861 AEgypti
530 1818 620 1861 usque
631 1819 776 1862 adsblum
786 1822 906 1862 dirutas.
920 1817 977 1851 .At
989 1817 1081 1851 Stra-¹

185 1867 231 1902 bo
252 1867 346 1901 addit
367 1881 375 1899 :
402 1867 467 1907 Post
479 1869 622 1908 Apollinis
634 1868 737 1901 urbem
750 1866 827 1910 sunt
847 1867 978 1906 Thebae,
1004 1877 1071 1907 quae

183 1927 262 1951 nunc
283 1914 429 1958 Diospolis
453 1925 584 1948 vocatur.
612 1915 1005 1960 Raeedificataigiturfuit
1017 1915 1071 1954 ‚dt

181 1964 343 2010 appellata
354 1976 476 2010 magna
487 1965 667 2008 Diospolis.
696 1965 740 1999 Et
759 1965 840 1998 hinc
859 1965 901 1998 ad
912 1964 1070 1998 Constan-

181 2017 223 2051 tii
231 2016 410 2060 Imperium
419 2015 519 2049 etiam
527 2013 728 2049 Ammianus
744 2013 962 2049 Marcellinus
981 2007 1071 2046 The-

185 2065 242 2100 bas
253 2074 349 2100 ornat
359 2064 472 2099 multis
481 2066 644 2100 encomiis
653 2066 687 2099 &
698 2065 851 2110 adjungit
863 2077 870 2096 :
899 2065 998 2105 Cujus
1019 2074 1068 2097 vo-

183 2115 287 2149 cabulo
300 2117 462 2149 Provincia
472 2127 550 2148 nunc
561 2114 650 2158 usque
661 2114 790 2149 Thebais
809 2115 990 2157 appellatur.
1015 2113 1071 2146 Et-

183 2166 252 2206 iam
261 2165 463 2209 Lycopolim
484 2165 578 2200 fuisse
599 2166 635 2199 in
655 2163 831 2200 Thebaide
851 2163 1069 2207 Metropolim

185 2215 445 2250 Ecclesiasticam
456 2215 758 2250 lucideaffirmatin
781 2214 922 2249 Panario
947 2215 1071 2248 sandius

186 2264 392 2310 Epiphanius
405 2290 415 2305 ,
435 2265 577 2300 scribens
600 2265 641 2300 de
651 2266 719 2308 ejus
732 2265 896 2310 Episcopo
909 2263 1050 2299 Meletio
1063 2277 1070 2295 ι

188 2319 279 2358 Atqui
290 2317 339 2349 ille
349 2317 470 2358 quidem
488 2322 606 2350 caeteris
626 2318 752 2360 AEgypti
775 2314 931 2358 Episcopis
948 2315 1072 2347 antecel-

185 2367 251 2399 lens
262 2389 274 2406 ,
293 2364 458 2409 secundum
469 2367 490 2397 ἃ
502 2369 592 2399 Petro
601 2363 809 2400 Alexandriae
829 2363 1016 2399 Patriarcha
1027 2365 1072 2396 di-

181 2422 312 2459 gnitatis
321 2417 413 2453 locum
423 2415 573 2449 obtinebat
585 2440 595 2456 ,
609 2424 711 2458 utpote
723 2417 805 2449 illius
816 2417 937 2456 adiutor
951 2439 960 2455 ,
968 2413 1026 2458 sed
1035 2419 1071 2447 ei-

186 2466 255 2499 dem
263 2475 363 2500 tamen
369 2465 520 2508 subJ'eHus
532 2490 543 2506 ,
575 2464 768 2509 &adipsum
779 2468 817 2500 de
828 2464 917 2507 caufis
931 2463 1069 2505 Ecclesia-

179 2513 261 2555 sticis
281 2511 422 2557 referins.
444 2516 526 2550 Haec
538 2515 708 2550 clariffime
719 2517 753 2550 <Sc
765 2515 915 2550 altissime
926 2515 1069 2549 clamant

185 2564 361 2600 Meletium
385 2565 477 2599 fuiffe
497 2565 759 2609 Metropolitam.
787 2565 891 2613 Qiod
914 2565 1020 2608 ipsum
1034 2576 1068 2598 ae-

185 2614 274 2657 quali
283 2626 364 2650 voce
375 2615 514 2656 clamat,
541 2628 578 2651 ac
600 2618 685 2650 infra
706 2614 943 2650 demonstrabit
957 2614 1069 2649 abillo

185 2663 334 2699 adversus
345 2664 599 2700 patriarchalem
623 2666 740 2701 Sedem
757 2675 914 2701 attentata
923 2665 1067 2699 audacia.

185 2712 329 2748 Proinde
337 2715 401 2749 sola
411 2714 562 2750 Thebais
571 2715 696 2762 dudum
707 2725 783 2751 ante
802 2716 936 2751 secundi
956 2714 1069 2749 Theo-

184 2762 265 2796 dofii
276 2762 451 2806 Imperium
461 2764 576 2800 habuit
599 2765 662 2801 tres
688 2766 924 2801 Ecclesiasticas
941 2765 1069 2800 Metro-

185 2813 297 2855 poles:
325 2812 481 2856 Thebas,
506 2815 715 2857 Antinoum,
728 2828 765 2850 ac
784 2816 995 2860 Lycopolim.
1024 2816 1066 2849 Et

186 2862 282 2905 poffit
291 2861 436 2898 habuisse
447 2866 559 2908 plures.
588 2866 722 2900 Etenim
734 2867 823 2901 edita
843 2878 898 2910 per
918 2867 1068 2900 Leonem

187 2912 374 2956 Sapientem
388 2914 604 2950 Ecclefiastica
614 2917 747 2951 Notitia
767 2916 905 2959 secunde
923 2915 1068 2950 Thebai-

187 2961 292 3006 dipro
314 2963 497 3007 Metropoli
519 2966 653 3011 affignat
673 2966 927 3002 Ptolemaidem.
957 2967 1068 3000 Etiam

184 3010 274 3046 hanc
286 3014 378 3047 fuisse
402 3023 569 3056 potentem
591 3017 760 3052 civitatem
780 3016 980 3051 demonstrat
1001 3016 1069 3059 ejus

190 3062 224 3096 in
235 3063 427 3098 Romanum
437 3064 614 3107 Imperium
625 3076 782 3102 attentata
795 3067 931 3101 rebellio
943 3091 953 3107 ,
968 3077 1066 3110 quam

191 3123 349 3147 memorat
361 3113 483 3149 Comes
494 3114 658 3148 Zozimus.
685 3117 758 3151 Nec
771 3117 830 3151 ista
852 3118 987 3150 mireris.
1010 3117 1067 3150 Et-

191 3163 281 3197 enim
294 3161 464 3198 Thebaidi
479 3165 572 3198 fuisse
596 3174 754 3200 trecentas
776 3167 944 3211 sexaginta
956 3168 1011 3200 sex
1026 3167 1068 3200 ci-

193 3213 305 3247 vitates
325 3213 510 3247 audivimus
531 3215 625 3258 supra
655 3215 673 3248 a
696 3216 877 3251 Guilielmo
899 3215 1068 3259 Archiepi-

194 3263 290 3306 scopo
313 3263 509 3307 Tyriorum.
538 3264 649 3298 Etiam
683 3265 917 3308 Hermopolim
934 3291 944 3307 ,
969 3277 1065 3310 quam

195 3312 346 3348 Antinoo
371 3314 527 3357 praeponit
550 3339 561 3355 ‚
587 3314 680 3349 fuisse
702 3315 920 3358 Metropolim
940 3316 1067 3350 fortiter

197 3361 304 3397 suadet
315 3364 487 3398 audioritas
498 3363 672 3399 Ammiani
696 3363 895 3399 Marcellini.
915 3366 998 3413 Qae
1011 3366 1068 3398 Ec-

194 3410 435 3447 clefiasticarum
447 3414 695 3449 Provinciarum
719 3427 779 3459 prae
800 3414 951 3448 civilibus
968 3415 1067 3458 plura—

196 3459 270 3493 litas
290 3462 352 3496 fuit
374 3464 472 3498 etiam
495 3466 530 3498 in
553 3465 831 3510 Augustamnicis.
859 3465 948 3498 Nam
966 3463 1066 3508 prima

196 3509 359 3545 Pelufium
370 3534 382 3552 2
402 3514 539 3559 secunda
552 3514 810 3560 Augustamnica
820 3514 1064 3560 proMetropoli

1141 216 1257 252 habuit
1266 217 1505 262 Leontopolim
1516 243 1528 259 ,
1538 253 1543 260 ,
1555 218 1590 252 &
1600 225 1711 252 tamen
1733 218 1774 254 de
1784 221 1839 256 fita
1859 222 1931 258 istic
1951 222 2021 257 Ta-

1143 266 1223 312 phni
1234 267 1345 302 scribit
1356 267 1505 303 laudatus
1517 268 1734 305 Guilielmus:
1757 271 1889 311 Taphm's
1908 279 2021 306 eximia

1141 320 1209 352 olim
1220 319 1389 360 Metropolis
1402 343 1412 358 ‚
1434 330 1511 357 nunc
1530 328 1630 352 autem
1641 320 1807 361 parviffimi
1826 322 1958 360 adinstar
1976 334 2021 356 re-

1140 369 1232 401 dac‘la
1253 370 1362 411 oppidi.
1401 368 1572 404 Studiosus
1605 370 1809 414 antiquitatis
1847 369 2024 415 indagator

1141 419 1248 452 forsan
1257 418 1407 453 ostendat
1419 419 1558 453 eandem
1577 421 1718 454 formam
1737 419 1874 465 viguisse
1890 418 1927 454 in
1948 421 2022 465 ipsis

1141 466 1300 513 Augustis
1311 468 1503 503 Provinciis.

1134 546 1136 548 .
1176 518 1221 551 Et
1231 517 1290 561 hec
1300 519 1413 552 omnia
1424 520 1518 562 supra
1539 520 1746 555 confirmavit
1769 532 1909 566 magnus
1915 518 2023 555 Atha-

1141 568 1249 602 nasius.
1264 569 1400 602 Etenim
1412 567 1556 603 Arianos
1563 571 1671 614 arguit
1683 595 1694 610 ‚
1706 571 1796 615 quod
1803 570 2022 606 orthodoxos

1140 617 1287 663 AEgypti
1298 618 1480 663 Episcopos
1491 620 1608 654 contra
1628 620 1837 664 Imperatoris
1861 621 2022 656 Constan-

1139 667 1177 701 tii
1190 668 1303 703 Edicta
1313 669 1529 715 relegaverint
1539 669 1622 704 ultra
1633 680 1696 705 tres
1704 671 1722 703 a
1733 672 1788 704 sua
1802 672 1935 705 civitate
1945 670 2024 705 Pro·

1140 719 1263 753 vincias
1274 743 1285 759 ‚
1293 718 1433 763 ideoque
1443 720 1478 755 in
1490 730 1639 765 quartam
1652 719 1693 755 ab
1701 720 1766 754 illa.
1789 720 1832 754 Et
1844 732 1903 764 pro
1913 732 2022 754 exem-

1140 768 1194 811 plo
1205 769 1342 804 adduxit
1355 769 1537 815 Episcopos
1547 770 1709 815 relegatos
1731 770 1750 804 ὲ
1772 769 1885 813 Libya
1907 770 1943 803 in
1954 781 2022 804 ma-

1139 829 1239 862 gnam
1250 819 1363 854 Oasim
1372 845 1384 861 ,
1411 821 1445 855 ὅ(
1464 820 1483 854 ὲ
1501 819 1677 858 Thebaide
1696 821 1732 854 in
1753 819 2020 854 Ammoniacam.

1138 868 1264 912 Magna
1274 870 1367 904 Oasis
1377 871 1422 904 est
1432 869 1618 906 Thebaidis
1630 871 1743 905 civitas
1758 895 1768 910 ,
1778 871 1811 904 &
1825 870 2022 905 Ammonia-

1138 929 1174 951 ca
1185 918 1277 962 regio
1284 918 1329 952 est
1342 931 1411 963 pars
1422 920 1649 966 Pentapoleos.
1673 921 1718 956 Et
1726 919 1881 955 Thebais
1891 932 1928 954 ac
1937 920 2023 954 Pen-

1139 968 1257 1011 tapolis
1276 970 1351 1002 sunt
1374 970 1526 1014 regiones
1545 972 1765 1005 conterminae.
1792 972 1837 1006 Et
1850 969 2025 1005 Athanasii.

1139 1028 1284 1061 tempore
1294 1019 1405 1053 omnis
1417 1018 1568 1053 Thebais
1578 1031 1645 1054 erat
1658 1022 1756 1055 unica
1767 1021 1874 1054 civilis
1884 1020 2025 1054 Provin-

1138 1068 1198 1102 cia.
1207 1067 1351 1103 Proinde
1360 1070 1379 1102 ἐ
1389 1068 1563 1113 Pentapoli
1572 1070 1607 1102 in
1615 1068 1897 1110 Thebaidem,aut
1904 1069 1922 1102 ὲ
1929 1068 2024 1103 The-

1139 1116 1234 1152 baide
1247 1117 1282 1151 in
1293 1117 1506 1173 Pentapolim
1515 1119 1651 1164 relegati
1675 1119 1830 1163 Episcopi
1852 1131 1922 1153 non
1933 1129 2025 1163 pote-

1138 1177 1210 1200 rant
1220 1169 1283 1202 effe
1294 1170 1429 1214 relegati
1442 1170 1526 1204 ultra
1538 1179 1602 1203 tres
1613 1170 1632 1203 a
1653 1170 1708 1202 sua
1728 1170 1863 1203 civitate
1887 1168 2024 1202 Provin-

1138 1216 1216 1257 cias,
1226 1219 1284 1251 nifi
1297 1219 1332 1253 in
1341 1220 1410 1253 istis
1422 1221 1529 1253 unicis
1539 1219 1819 1254 civilibusfuerint
1829 1219 1935 1263 plures
1946 1218 2025 1252 Pro-

1139 1267 1250 1301 vinciae
1261 1268 1497 1304 Ecclesiasticae.
1514 1269 1558 1303 Et
1568 1269 1664 1312 poffit
1677 1267 1731 1303 hic
1743 1269 1871 1304 latuisse
1882 1268 2026 1303 Ariano-

1140 1329 1211 1351 rum
1221 1317 1494 1362 dolus.Principis
1505 1319 1695 1353 Constantii
1707 1318 1965 1362 Ediaum‚quod
1978 1319 2024 1352 lo-

1139 1367 1296 1410 quebatur
1307 1368 1348 1402 de
1359 1369 1591 1403 Ecclesiasticis
1603 1393 1614 1409 ‚
1634 1369 1753 1411 poffint
1765 1369 1816 1402 isti
1827 1369 2024 1403 intellexisse

1138 1417 1178 1452 de
1186 1417 1371 1452 Provinciis
1383 1418 1546 1453 civilibus.
1561 1418 1673 1453 Etiam
1685 1417 1793 1460 Syena
1804 1418 1850 1451 est
1861 1417 1977 1451 civitas
1985 1430 2023 1452 ac

1140 1468 1271 1502 Nomus
1291 1466 1490 1503 Thebaidis.
1519 1466 1623 1501 Porro
1645 1479 1687 1501 an
1709 1466 1932 1501 Ammoniaca
1943 1493 1953 1508 ,
1981 1467 2023 1501 ab

1139 1518 1313 1552 Ammonii
1327 1519 1416 1561 Jovis
1427 1518 1498 1553 istic
1509 1518 1568 1552 sito
1579 1518 1703 1561 templo
1715 1518 1749 1552 <Sc
1761 1518 1898 1553 oraculo
1909 1517 2022 1551 sortita

1139 1580 1260 1603 nomen
1272 1594 1283 1610 ,
1297 1570 1394 1604 fuerit
1407 1568 1630 1603 Ecclesiastica
1642 1568 1832 1608 Provincia,
1843 1569 1964 1613 ignoro
1975 1568 2023 1601 us-

1137 1630 1199 1662 que
1209 1617 1273 1652 huc
1284 1643 1295 1660 ,
1307 1620 1388 1653 &ex
1402 1619 1548 1654 adduciis
1560 1617 1735 1653 Athanasii
1749 1631 1786 1653 ac
1797 1617 1966 1662 Epiphani
1976 1626 2024 1651 te-

1137 1669 1299 1703 stimoniis
1314 1681 1383 1704 non
1395 1672 1501 1713 potest
1513 1669 1631 1704 evinci.
1654 1669 1744 1703 Nam
1756 1669 1847 1704 Oafis
1858 1669 1892 1702 &
1904 1668 2023 1710 Syena,

1137 1719 1282 1763 itemque
1303 1729 1444 1763 utraque
1465 1720 1626 1754 Mareotis
1636 1743 1646 1760 ‚
1672 1730 1751 1763 quas
1771 1718 1889 1754 eodem
1909 1727 2023 1752 tenore

1137 1779 1323 1803 memorant
1334 1794 1345 1809 ‚
1371 1781 1441 1804 non
1451 1770 1584 1804 fuerunt
1595 1769 1786 1803 Provinciae.

1184 1819 1353 1853 Mareotes
1362 1819 1407 1853 est
1419 1817 1751 1864 ager.Duplex.Alius
1765 1816 1865 1862 prope
1877 1815 2022 1852 Alexan-

1137 1867 1242 1901 driam
1254 1892 1265 1908 ‚
1279 1868 1363 1902 alius
1376 1869 1412 1902 in
1423 1868 1511 1903 arida
1525 1868 1645 1911 Libya.
1673 1868 1821 1902 Priorem
1838 1893 1848 1908 ,
1860 1868 1953 1911 cujus
1963 1879 2024 1901 no-

1136 1916 1208 1949 titia
1218 1918 1279 1950 erit
1293 1917 1390 1950 nobis
1402 1919 1573 1951 necessaria
1584 1916 1620 1950 in
1631 1917 1853 1960 sequentibus,
1866 1917 2022 1952 describit

1137 1967 1171 1999 in
1183 1967 1253 2000 secu
1259 1965 1323 2000 nda
1336 1966 1505 2011 Apologia
1517 1967 1650 2000 Sanstus
1661 1964 1864 2002 Athanasius:
1875 1971 2023 2001 Mareotes

1135 2015 1173 2055 est
1184 2027 1254 2059 ager
1266 2017 1459 2048 Alexandrtae
1475 2039 1485 2054 ‚
1505 2022 1603 2057 quoin
1615 2016 1671 2048 loco
1681 2027 1847 2058 numquam
1857 2015 2021 2059 Epifhopus

1127 2064 1196 2106 fuit
1207 2088 1218 2104 ‚
1243 2068 1301 2097 imo
1323 2066 1360 2098 ne*
1381 2063 1609 2107 chorepiscopus
1634 2067 1753 2107 quidem
1767 2090 1777 2106 ,
1799 2064 1857 2108 sed
1872 2065 2021 2109 universae

1135 2116 1201 2156 ejus
1207 2116 1260 2148 loci
1271 2113 1404 2156 Ecclefiae
1416 2114 1564 2158 Episcopo
1577 2116 1780 2148 Alexandrino
1784 2114 1943 2159 subjacent
1953 2141 1963 2155 ‚
1975 2122 2020 2149 ita

1135 2174 1238 2198 tamen
1249 2189 1260 2205 ‚
1271 2174 1304 2198 ut
1308 2164 1415 2208 singuli
1426 2167 1502 2209 Pagi
1507 2163 1578 2207 suos
1592 2165 1779 2204 Presbyteros
1790 2165 1928 2199 habeant.
1941 2168 2019 2200 Sunt

1125 2224 1235 2259 ‚autem
1247 2218 1324 2258 Pagi
1335 2214 1379 2255 isti
1389 2222 1515 2248 maximi
1527 2217 1624 2248 decem
1637 2227 1756 2248 numero
1769 2240 1779 2255 ,
1801 2225 1853 2248 aut
1863 2218 2018 2258 aliquanto

1131 2266 1244 2307 plures.
1274 2265 1375 2309 Pagus
1395 2275 1494 2298 autem
1508 2289 1517 2304 ‚
1545 2265 1595 2298 ubi
1615 2265 1734 2298 habitat
1752 2264 1881 2308 Ifihyras
1895 2290 1905 2305 ‚
1932 2273 2018 2304 miniss

1135 2327 1201 2348 mus
1214 2314 1252 2356 est
1266 2339 1275 2355 ‚
1286 2316 1319 2348 (⁸2⁸
1328 2316 1559 2356 paucifflmorum
1569 2314 1727 2347 hominum.
1756 2317 1839 2348 Adeo
1849 2325 1882 2348 ut
1895 2328 1951 2347 non
1961 2315 2016 2356 ibi,

1130 2364 1189 2408 sed
1198 2372 1229 2399 in
1234 2371 1372 2407 proximo
1384 2367 1465 2407 Pago
1467 2364 1507 2406 fit
1519 2364 1672 2403 constituta
1693 2364 1828 2406 Ecclesia.
1854 2364 1961 2397 Nihilo
1971 2374 2016 2398 ta-

1135 2427 1202 2449 men
1212 2416 1310 2447 minus
1321 2414 1466 2447 bominem
1479 2439 1489 2454 ,
1516 2421 1566 2456 qui
1580 2416 1617 2447 n&
1630 2414 1783 2453 Presbyter
1798 2417 1917 2457 quidem
1928 2425 1994 2448 erat
2005 2440 2016 2455 ,

1134 2465 1226 2507 hujus
1240 2468 1318 2508 Pagi
1330 2488 1340 2504 ‚
1362 2473 1478 2506 praeter
1503 2466 1652 2506 Majorum
1673 2466 1865 2497 traditionem
1885 2489 1897 2504 ,
1922 2463 2017 2507 Eust-

1134 2515 1216 2548 biani
1237 2519 1268 2547 E
1266 2513 1418 2557 pisi-opum
1431 2513 1543 2557 scilicet
1565 2515 1803 2556 appellaverunt.
1832 2513 1958 2548 Eadem
1980 2515 2016 2548 in

1134 2566 1287 2610 apologia
1297 2574 1385 2599 extat
1392 2564 1527 2608 epistola
1538 2588 1550 2604 ,
1575 2563 1617 2598 ad
1637 2563 1788 2597 Flavium
1810 2563 2016 2608 Philagrium

1135 2615 1349 2660 Augustalem
1374 2615 1565 2649 Praefectum
1589 2614 1705 2657 scripta
1736 2616 1755 2646 ἃ
1777 2615 1958 2653 Presbyteris
1981 2616 2015 2647 ὢ·

1135 2670 1277 2699 Diaconis
1302 2668 1470 2698 Mareoticis
1482 2676 1519 2697 ex
1530 2671 1643 2708 regione
1653 2665 1687 2698 (⁴5
1699 2668 1796 2696 Nomo
1808 2689 1818 2703 ‚
1845 2666 1929 2704 cujus
1940 2667 2015 2705 Epi-

1104 2740 1107 2743 .
1128 2715 1281 2759 scopatum
1297 2721 1377 2760 gerit
1388 2714 1653 2754 Reverendiffimus
1668 2713 1851 2755 Athanaſsus.
1881 2714 1933 2746 Ex
1944 2713 2015 2755 qui-

1134 2766 1192 2801 bus
1202 2766 1344 2801 dicimus
1367 2764 1467 2808 plura.
1496 2763 1630 2804 Primo,
1655 2764 1744 2808 quod
1764 2762 1829 2797 haec
1853 2763 2014 2796 Mareotis

1134 2816 1174 2850 ne
1194 2817 1274 2860 quid
1295 2817 1341 2850 ita
1357 2816 1454 2849 fuerit
1474 2815 1588 2848 civitas
1613 2824 1668 2847 aut
1690 2812 1889 2857 Episcopalis
1914 2811 2013 2847 Paro-

1132 2865 1229 2907 chia,
1254 2865 1308 2900 sed
1332 2876 1420 2899 mera
1441 2863 1658 2909 quorumdam
1684 2862 1847 2907 pagorum
1865 2873 2012 2896 commu-

1133 2917 1191 2951 nio
1202 2942 1212 2958 ,
1239 2928 1311 2960 quae
1323 2914 1503 2959 nequidem
1518 2912 1799 2956 Chorepiscopum
1810 2910 1926 2946 habuit
1938 2936 1948 2952 ‚
1975 2911 2011 2946 id

1132 2967 1176 3001 est
1188 2991 1199 3007 ,
1211 2966 1351 3000 ruralem
1364 2965 1540 2999 Decanum
1553 2962 1816 2997 Christianitatis.
1844 2961 2010 3003 Secundo,

1132 3016 1221 3061 quod
1235 3016 1406 3061 AEgyptus
1419 3013 1566 3048 habuerit
1580 3012 1848 3054 Chorepiscopos.
1878 3011 2009 3051 Tertio,

1132 3066 1221 3111 quod
1243 3075 1324 3099 tunc
1344 3077 1412 3099 non
1433 3064 1571 3108 singuli,
1599 3060 1653 3095 sed
1681 3061 1741 3095 soli
1766 3060 1904 3103 majores
1925 3060 2008 3106 Pagi

1132 3116 1287 3151 haberent
1300 3115 1474 3149 Ecclesiam
1486 3138 1496 3152 ,
1523 3124 1560 3146 ac
1577 3110 1806 3153 Presbyterum
1817 3120 1873 3144 aut
1887 3111 2009 3145 Diaco-

1133 3177 1219 3200 num.
1233 3164 1336 3211 Qiod
1347 3165 1451 3208 ipsum
1464 3172 1542 3195 tunc
1557 3161 1663 3205 viguit
1676 3161 1710 3194 in
1724 3160 1794 3195 aliis
1805 3160 2005 3205 regionibus.

1132 3217 1224 3250 Hinc
1236 3215 1327 3249 enirn
1337 3213 1502 3258 Pagorum
1523 3210 1729 3246 Domicellos
1741 3236 1751 3251 ,
1777 3221 1813 3244 ut
1832 3211 1868 3244 in
1890 3212 2007 3254 quovis

1131 3267 1223 3311 Pago
1235 3274 1384 3299 extruant
1398 3261 1572 3296 Ecclesiam
1584 3286 1594 3302 ‚
1608 3259 1756 3294 hortatur
1767 3261 1900 3294 Sanctus
1913 3260 2006 3302 Joan-

1133 3328 1188 3350 nes
1200 3314 1459 3356 Chrysostomus.
1485 3311 1614 3359 Qartd
1634 3311 1788 3345 discimus
1809 3309 2005 3344 horrendam

1133 3365 1321 3399 Eusebianae
1333 3361 1482 3396 factionis
1492 3360 1661 3395 audaciam
1678 3385 1688 3400 ,
1715 3372 1783 3404 quae
1793 3370 1828 3394 ut
1840 3360 1946 3393 Sandii
1960 3360 2006 3393 A-

1131 3415 1265 3449 thanasii
1276 3413 1547 3447 calumniatorem
1559 3409 1724 3454 lschyram
1737 3419 2005 3447 remuneraretur,

1131 3467 1165 3499 in
1187 3465 1301 3508 Pago,
1327 3463 1384 3506 qui
1406 3473 1587 3504 numquam
1610 3460 1809 3500 Ecclesiam,
1836 3459 2005 3501 Presbyte-

1130 3526 1202 3550 rum
1213 3539 1224 3556 ‚
1251 3523 1306 3549 aut
1317 3514 1509 3563 Diaconum
1521 3509 1674 3547 habuerat
1686 3535 1698 3553 ‚
1718 3511 1821 3546 erexit
1832 3510 2004 3553 Episcopa-

1920 3569 2001 3591 tum.
