2346 3776
557 110 888 174 ScHoLusl,
935 117 1014 157 ετ
1047 116 1236 159 Noa-rs
1280 116 1702 160 ιιιυετκᾼτϊ

216 195 263 232 tii¹
286 181 419 235 secundi
453 193 498 230 ad
533 190 684 228 Leonem
719 182 865 226 isaurum
887 214 894 221 .

255 236 351 286 'Alia
360 245 442 291 item
448 241 739 291 laicacommunio
750 241 795 276 est
808 238 904 284 plene
913 239 996 276 laica
1007 264 1019 281 ,
1031 237 1095 275 alia

167 296 170 298 ’
219 291 419 345 nonplqnea:
440 292 632 341 Plenela‘ica
642 292 688 328 est
700 316 712 333 ‚
723 289 984 338 quamlaudatus
994 289 1095 325 Trul-

44 725 86 762 Δ.
95 726 162 756 868.

48 993 85 1026 Α.
97 995 164 1029 869,

50 2397 148 2434 Δᾶ.7.

49 2436 196 2478 f-237·²38

58 3229 120 3266 L4'.
131 3231 213 3269 Ep.5.

219 346 444 397 lanusffianon
456 339 555 379 vot‘ff'at
566 344 740 391 perfeetam
750 352 792 393 ας
799 350 987 385 perpetuam
998 339 1097 384 depo-

1861 103 1964 176 ²87

1157 189 1430 246 communionem
1442 189 1669 237 Episcopalem
1682 218 1694 235 ,
1718 195 1754 231 in
1766 199 1878 236 ossava
1896 200 2036 246 Synodo

1158 239 1242 274 dixit
1251 239 1426 280 Mariam,
1453 240 1613 278 Romanae
1635 243 1784 283 Ecclesiae
1806 250 1979 288 Diaconus

1160 289 1323 345 Legatus:
1348 292 1484 334 Quando
1502 292 1563 331 istic
1573 304 1723 331 venerunt
1748 300 1895 340 Romam,
1920 312 1970 345 ego
1979 308 2035 335 mt-

1158 336 1322 380 niflraelam
1331 345 1364 373 in
1381 340 1511 384 Ecclefia
1522 346 1660 381 Romana
1671 343 1789 389 sanHae
1801 350 1859 384 Dei
1869 352 2037 386 Genetricis

218 392 402 451 (itionem,
427 406 498 440 quae
525 395 768 431 exaudieratum
793 390 981 431 Clericum,
1006 386 1095 427 &vi-
1159 392 1289 430 Marta,
1314 401 1383 432 que
1404 392 1515 425 dicitur
1535 396 1690 438 Praesepls
1716 420 1724 428 .
1750 397 1815 431 Illic
1835 409 1883 431 eos
1908 397 2037 441 suscepit

219 457 301 494 vum
317 445 352 480 ὅτ.
372 454 566 485 mortuum,
593 444 723 488 penitus
749 452 805 488 per
829 440 943 476 omnia
970 440 1095 474 tractari

218 490 354 544 mandat
365 491 403 531 ut
411 495 552 542 Laicum
563 518 575 535 ‚
596 495 699 539 usque
710 490 912 539 adslaicalem
925 488 1076 527 habitum
1084 514 1095 530 ,

218 540 269 580 uti
289 545 476 582 audivimus
498 545 540 581 de
552 544 712 583 Formosa
733 541 897 590 Episcopo
908 539 1095 576 portuensi.

217 591 347 631 Eodem
359 594 463 631 modo
475 595 682 637 Anastasiurn
693 590 923 635 Presbyterum
940 590 1098 637 Cardine·

217 640 285 691 lem
306 641 519 686 {Benedisto
543 645 642 682 tertio
662 641 1003 679 Pontificetrastatum
1027 639 1099 674 scri-

218 689 303 731 bunt
326 695 476 734 Annales
496 693 698 731 Francorum
724 691 929 728 Bertiniani.
956 689 1097 726 Addunt

218 745 260 781 de
271 739 461 782 Gunthario
482 746 649 790 Episcopo
667 741 861 782 Coloniensi
873 766 883 781 ,
909 752 965 785 per
989 739 1091 775 Nico-

217 790 461 841 laum-primum
472 795 595 841 dejesto
601 804 693 837 extra
704 803 839 835 omnem
851 790 1000 827 Eccleliae
1010 800 1100 823 com-

219 840 414 884 munionem
426 871 437 887 ,
458 845 498 880 ad
508 845 624 880 laicam
636 854 744 889 autem
753 841 887 878 tandem
899 840 1035 887 admisso
1043 850 1100 882 pet

219 896 406 932 Adrianum
417 895 617 936 secundum,
642 893 731 939 quod
744 893 829 926 inter
851 890 1015 927 Laicosin
1039 889 1100 923 Ec-

218 946 312 980 clesia
323 945 465 986 steterit,
491 956 529 979 ac
542 945 627 979 inter
648 942 780 978 eosdem
795 942 910 986 legerit
935 941 1025 976 suam
1037 950 1102 982 poe-

218 995 625 1041 nitentiaeprofesiionem,
655 992 802 1030 Romani
826 990 943 1037 Legati
958 991 993 1024 in
1014 991 1100 1034 osta-

219 1056 260 1080 va
270 1045 410 1091 Synodo
422 1070 433 1086 ‚
460 1045 541 1080 dum
551 1043 711 1079 Photium
734 1042 884 1077 Ecclesiae
909 1039 1100 1076 Constanti·

219 1096 422 1140 nopolitanae
434 1094 778 1138 Pseudo-Episcopum
788 1091 898 1141 vocati
908 1090 1101 1135 permittunt

218 1146 260 1182 ad
286 1146 469 1182 consessum
494 1144 707 1189 synodalem,
733 1142 908 1185 addidere:
935 1143 1022 1183 ΕΜ
1045 1144 1110 1173 ‘va-³

196 1197 319 1236 'dant‚
345 1195 403 1240 qui
414 1206 490 1232 eum
500 1195 627 1233 citent.
651 1194 720 1228 Soli
733 1193 822 1227 enim
845 1187 1023 1235 Episcopi,
1051 1189 1098 1223 uti

216 1245 260 1288 ad
282 1245 463 1284 Nicolaum
489 1245 632 1290 primum
657 1243 769 1279 scribit
794 1243 928 1277 Sanetus
954 1239 1102 1286 ignatius

217 1290 407 1332 patriarcha
420 1293 811 1338 Constantinopolitanus
820 1316 831 1332 ,
855 1291 946 1335 juxta
954 1288 1102 1324 Ecclesiae

272 1343 396 1381 nonem
415 1355 472 1389 per
483 1343 666 1388 Episcopos
685 1341 894 1381 citabantur,
920 1339 1102 1374 mandarat-

249 1438 251 1440 ·
291 1395 466 1444 norit-inus
476 1394 634 1439 Pontifex
644 1391 805 1438 Pbflkium
827 1403 896 1425 non
921 1390 977 1424 nisi
990 1390 1031 1438 ad
1040 1389 1100 1438 *lai-

217 1439 295 1480 cam
303 1442 579 1489 communionem
602 1442 751 1481 admitti.
783 1441 917 1475 Basilius
931 1439 1101 1484 Augustus

219 1487 528 1539 Phdt‘ii‘Episcopos
537 1493 617 1528 dicit
627 1487 792 1528 ineodem
803 1491 951 1525 consessu·
962 1489 1078 1524 latrare
1089 1513 1099 1529 ,

198 1549 204 1556 “
221 1546 230 1554 ”
265 1540 572 1587 983Ὦίὲ1ἱεοιιιίι
597 1542 773 1587 loquinon
793 1541 905 1585 posse,
928 1543 1001 1582 quia
1015 1542 1102 1577 Lem

198 1589 204 1597 ⁸
233 1603 311 1638 unsa
337 1595 472 1630 Sanstus
491 1591 641 1637 Cyrillus
662 1615 674 1635 ‚
700 1590 948 1627 Alexandrinus
971 1589 1104 1633 Episco-

217 1639 317 1691 pus,
342 1641 495 1680 Atticum
521 1641 937 1685 Constantinopolitanum
961 1639 1103 1683 graviter

218 1695 328 1740 arguit
340 1687 468 1738 ,Tqudd
477 1690 615 1736 joannis
626 1690 855 1736 Chrysostomi
864 1716 875 1732 ‚
906 1689 948 1723 ab
958 1700 1103 1723 avuncu-

219 1747 257 1793 lo
277 1744 518 1790 &antecessore
525 1743 586 1779 suo
594 1739 808 1799 Jbeophylo
828 1742 863 1775 in
885 1739 1003 1774 laicam
1014 1750 1113 1781 com-¹

219 1793 417 1830 munionem
437 1792 586 1827 damnati
606 1816 619 1835 ,
646 1803 769 1829 nomen
792 1788 1025 1826 Ecclesiasticis
1049 1789 1105 1835 de-

220 1845 410 1879 functorum
444 1843 683 1886 Episcoporum
722 1840 842 1875 tabulis
879 1840 1103 1883 inscripsisset,

220 1905 319 1938 atque
338 1894 383 1928 ita
403 1893 627 1937 praevaricatus
648 1892 725 1926 esset
748 1891 904 1925 Nicaenos
926 1889 1104 1929 Canones‚

219 1943 416 1984 mandantes
436 1941 707 1987 taliumnomina
722 1939 860 1976 inscribi
888 1939 964 1974 solis
991 1938 1106 1973 Laico-

220 2005 295 2029 turn
317 1992 456 2028 tabulis:
483 1992 597 2034 utique
622 1991 776 2035 quintum
792 1990 967 2024 Nicaenum
995 1988 1106 2023 Cano-

220 2055 300 2078 nem
319 2068 331 2085 ,
356 2052 524 2086 vetantem
562 2042 663 2086 recipi
700 2040 896 2075 damnatum
934 2040 1102 2079 alienum,

219 2093 371 2137 adeoque
391 2092 628 2138 mandantem-‚v
652 2101 692 2136 ut
715 2091 748 2124 in
761 2090 879 2125 laicam
899 2090 1104 2124 communio-

219 2154 298 2178 nem
320 2142 494 2189 damnatus
518 2142 701 2189 Episcopus
721 2141 821 2176 etiam
845 2140 916 2184 post
938 2150 1079 2173 mortem
1093 2164 1103 2180 ,

219 2204 291 2237 non
302 2203 339 2227 ut
349 2192 532 2236 Faeiscopus
543 2216 555 2233 ‚
566 2190 620 2226 sed
632 2200 668 2226 ut
681 2188 788 2236 merus
799 2191 918 2224 Laicus
928 2191 1081 2223 traetetur
1096 2213 1104 2220 .

218 2235 335 2290 Qare
355 2242 391 2276 in
412 2244 528 2285 oslava
559 2240 698 2284 Synodo
725 2239 807 2275 reste
843 2240 959 2274 dicunt
986 2239 1102 2283 Legati

221 2291 410 2337 Apostolici
422 2316 434 2334 ‚
459 2290 552 2336 quod
561 2291 776 2326 criminosum
791 2290 991 2334 Episcopum
1002 2289 1035 2322 in
1049 2289 1105 2322 lai-

219 2353 293 2377 cam
305 2342 579 2377 communionem
589 2341 728 2385 recipere
741 2353 807 2374 non
821 2341 859 2375 fit
870 2339 962 2375 aliud
976 2364 986 2380 ‚
1005 2339 1103 2382 quam

219 2393 403 2437 reciperem
422 2397 652 2428 communionem
659 2389 837 2434 saecularls,
865 2391 919 2424 seu
947 2399 1103 2432 tamquam

198 2460 206 2469 ι
216 2440 410 2487 saecularem.
439 2441 488 2476 At
514 2440 590 2475 vero
614 2441 810 2477 communio
823 2451 891 2474 non
915 2439 1011 2483 plene
1021 2439 1103 2473 laica

222 2491 268 2525 est
280 2514 291 2531 ‚
302 2503 371 2535 quae
379 2493 591 2526 exaustorato
603 2490 637 2526 &
648 2489 689 2525 ad
701 2490 821 2526 Laicos
836 2489 959 2532 abjecto
971 2488 1103 2523 Clerico

222 2590 352 2626 fiduum
364 2590 559 2634 vestigium,
580 2590 630 2624 lta
640 2588 823 2633 Trullanus
848 2588 1032 2622 Canonilli
1045 2612 1055 2628 ‚
1080 2588 1103 2622 si

223 2640 339 2685 sponte
349 2636 537 2684 poenituerit
552 2663 564 2680 ,
590 2639 747 2683 permittit
754 2639 940 2674 clericalem
953 2637 1102 2672 habitum

222 2691 260 2725 &
302 2691 471 2725 tonsuram
499 2701 509 2732 ;
546 2688 686 2723 secunda
744 2689 948 2724 Turonensis
996 2690 1103 2732 Syno-

223 2739 286 2775 dus
323 2739 433 2774 locum
466 2739 503 2776 in
539 2739 755 2777 psallentium
788 2738 894 2774 choro
930 2739 1014 2773 inter
1039 2738 1102 2773 Le·

223 2792 346 2824 stores.

273 2839 369 2873 Hinc
387 2838 592 2875 discutienda
611 2839 730 2883 opinio
751 2837 970 2884 quorumdam
991 2836 1101 2873 existi-

223 2889 388 2924 mantium
407 2888 525 2922 laicam
542 2890 814 2927 communionem
834 2888 876 2926 ab
897 2888 1101 2924 Eucharistia

224 2940 314 2981 dici,
341 2950 402 2973 nec
413 2938 506 2973 fuisse
516 2938 605 2972 aliud
617 2963 628 2978 ‚
654 2940 752 2983 quam
764 2940 832 2983 ejus
857 2939 1099 2982 perceptionem

224 2989 284 3025 sub
294 2989 389 3024 unica
403 2988 495 3032 panis
506 2989 609 3032 specie
618 3013 628 3030 ,
640 3000 696 3025 aut
707 2991 791 3024 certe
802 3000 878 3025 cum
890 2989 999 3026 Laicis
1010 2999 1100 3023 extra

225 3041 371 3079 faustum
383 3039 580 3080 sanstorum,
590 3039 643 3073 seu
653 3039 820 3076 sanstuarii
832 3038 1004 3075 cancellos,
1025 3037 1101 3073 Pro-

226 3089 297 3131 bari
317 3089 412 3134 possit
432 3100 473 3135 ex
483 3088 596 3125 litteris
616 3087 942 3134 SanstiGregoriiad
967 3088 1097 3123 Venan-

226 3139 309 3175 tium
331 3139 518 3174 Lunensem
539 3137 758 3182 Episcopum,
784 3137 1036 3181 mandantibus,
1065 3148 1101 3173 ut

224 3189 418 3224 Saturninus
427 3187 543 3223 insulae
553 3188 731 3233 Gorgoniae
738 3188 909 3232 Presbyter
918 3187 1081 3231 depositus
1088 3214 1097 3230 ‚

226 3237 361 3284 fuligno
372 3239 563 3286 poenituerit
574 3262 585 3279 ,
608 3244 688 3273 inter
713 3241 820 3272 Laicos
832 3243 959 3281 accipiat
977 3249 1100 3273 commu-

226 3293 359 3329 nionem.
386 3289 450 3323 Per
470 3289 742 3329 communionem
764 3298 910 3331 patenter
942 3287 1100 3333 intelligit

227 3335 491 3380 Eucharistiam,.
520 3338 564 3372 Et
583 3338 734 3376 adversus
757 3335 999 3383 Theophylum
1034 3337 1102 3374 leo,

228 3387 613 3426 nienfiem&Zachariam
624 3388 859 3427 Tauromeniae
884 3389 936 3425 Ex
946 3406 958 3412 -
969 3388 1102 3431 Episco-

231 3447 331 3481 pum,
357 3435 508 3474 homines
531 3438 738 3479 Photian0s‚
761 3439 950 3473 constanter
975 3436 1101 3473 adseve-

225 3496 336 3525 rantes
355 3486 420 3522 sese
440 3488 554 3526 Romae
575 3491 594 3527 a
614 3489 759 3527 Nicolao
784 3488 872 3536 Papa
897 3486 1049 3530 admissos
1067 3489 1100 3523 in

1153 437 1347 482 sanHiffimus
1369 442 1459 483 Papa
1485 446 1632 478 Nic-olaus
1652 454 1711 487 per
1732 442 1975 489 satissafflonem
2003 450 2040 483 lt-

1159 488 1228 525 bell}
1246 490 1282 525 6·
1299 490 1490 541 juramenti,
1508 491 1553 528 'so'
1571 506 1629 528 non
1650 497 1772 530 contulit
1798 503 1841 530 eis
1868 504 2040 532 communio-

1160 550 1227 572 nem
1249 544 1281 572 in
1300 540 1357 573 loco
1374 539 1604 584 Epifioporum.
1631 548 1664 578 51
1690 549 1763 580 vero
1774 549 2039 590 contradixerint,

1157 587 1330 631 ostendant,
1355 592 1438 637 quid
1456 603 1504 627 eos
1518 591 1679 641 susceperit
1700 601 1733 635 ‚in
1756 603 1983 636 communionem
2004 606 2040 636 ut

1159 636 1319 684 episcopos
1332 664 1340 674 .

1209 688 1454 734 Respondeo&
1474 692 1578 730 fateor
1602 694 1799 739 degradatos
1811 697 2040 742 Episcopos&

1162 738 1327 780 Geticos,
1354 740 1389 775 ὅ(
1408 741 1450 776 ad
1467 742 1601 788 plenam
1624 745 1743 779 laicam
1765 748 2041 784 communionem

1161 787 1333 830 admissos,
1361 790 1444 827 olim
1457 803 1608 828 unacum
1634 795 1745 831 Laicis
1755 806 1844 830 extra
1867 798 2042 832 sanctuarii

1161 838 1327 874 cancellos
1363 840 1577 878 Eucharistiae
1611 846 1868 884 communicasse
1893 871 1901 879 ·
1928 847 2042 886 Dico,

1164 890 1213 921 Ad
1229 889 1355 932 plenam
1376 915 1388 931 ‚
1414 893 1472 926 &a
1497 893 1568 939 Jam
1593 895 1684 929 enirn
1711 895 1783 934 dixi
1795 895 1875 931 laice
1894 908 2044 931 commu-

1161 939 1308 973 nicantes
1333 939 1483 977 Clericos
1508 943 1602 978 fuiffe
1638 946 1838 990 quandoque
1862 946 2042 981 dumtaxat

1162 988 1384 1028 Consistentes
1395 1014 1406 1031 ‚
1430 992 1484 1026 seu
1496 995 1779 1034 communicantes
1793 997 1868 1031 solis
1880 996 1946 1031 fine
1954 996 2046 1031 obla-

1162 1038 1255 1072 tione
1279 1040 1489 1076 orationibus
1512 1067 1524 1083 ,
1550 1043 1670 1086 quibus
1689 1046 1828 1089 proinde
1854 1058 1915 1080 nec
1941 1047 2039 1087 intra,

1165 1091 1223 1121 nec
1245 1098 1336 1124 extra
1358 1092 1524 1130 cancellos
1534 1092 1671 1128 dabatur
1682 1095 1905 1134 Eucharistia.
1933 1095 2045 1130 Daba-

1162 1148 1213 1171 tur
1232 1138 1276 1171 ad
1302 1138 1541 1178 perfectionem
1551 1142 1712 1180 admiffis.
1741 1146 1789 1179 At
1810 1145 1959 1187 nunquid
1986 1145 2046 1179 ille

1163 1188 1247 1221 inter
1270 1187 1388 1224 Laicos
1410 1190 1503 1228 locus
1513 1193 1576 1226 fuit
1596 1203 1665 1227 tota
1686 1193 1776 1233 laicae
1796 1195 2046 1229 communionis

1162 1235 1332 1276 humilitas
1355 1263 1367 1280 ,
1393 1240 1460 1276 sola
1486 1241 1578 1282 dedit
1614 1254 1738 1284 nomen
1772 1245 1863 1281 laicz
1897 1255 2046 1279 commu-

1168 1288 1302 1326 nionis?
1321 1287 1417 1325 Absit
1431 1315 1438 1322 .
1466 1291 1544 1325 Fuit
1554 1291 1661 1337 aliqua
1673 1293 1745 1338 ejus
1752 1295 1863 1341 portio
1875 1319 1886 1335 ,
1913 1295 1986 1330 aliis
1996 1295 2046 1329 su-

1163 1337 1216 1380 pra
1258 1339 1412 1382 expolitis
1445 1340 1686 1382 adnumeranda
1713 1369 1721 1377 .
1757 1344 1867 1379 Laicae
1898 1341 2047 1380 commu·

1164 1388 1273 1421 nionis
1292 1400 1415 1424 nomen
1428 1414 1440 1431 ,
1463 1402 1530 1425 non
1552 1391 1593 1426 ab
1608 1392 1812 1430 Eucharistia
1837 1393 2048 1439 desumptum

1164 1437 1209 1470 est
1232 1461 1244 1477 ,
1269 1437 1323 1471 sed
1344 1438 1361 1471 a
1382 1440 1604 1478 sacramentali
1627 1438 1916 1477 Reconciliationis
1939 1454 2047 1486 ,quc

1165 1485 1334 1521 Clericurh
1355 1489 1459 1532 gradu
1470 1500 1599 1529 motum
1623 1501 1658 1524 ut
1672 1492 1810 1527 Laicum
1823 1518 1833 1533 ,
1856 1503 1913 1526 aut
1925 1494 2049 1526 saecula-

1165 1548 1234 1570 rem
1256 1536 1445 1577 admitteret
1454 1539 1538 1580 intra
1549 1542 1824 1581 communionem
1834 1542 2026 1576 Sandiorum
2041 1568 2048 1576 .

1132 1632 1136 1635 Δ
1167 1587 1308 1621 Gravius
1333 1586 1466 1628 deviant
1491 1614 1502 1630 ,
1528 1591 1584 1634 qui
1621 1590 1738 1627 laicam
1777 1594 2051 1628 communionem

1167 1646 1282 1680 putant
1308 1629 1401 1674 fuisse
1421 1639 1479 1672 sub
1506 1640 1572 1674 sola
1594 1642 1686 1687 panis
1713 1642 1818 1685 specie
1841 1667 1849 1674 .
1878 1639 2052 1686 Ejusmodi

1168 1687 1388 1729 sumptionem
1416 1689 1538 1732 semper
1561 1690 1697 1733 quidem
1715 1715 1725 1731 ‚
1749 1693 1840 1726 vario
1866 1691 1946 1727 hinc
1974 1692 2054 1727 inde

1170 1737 1394 1773 fine&modo
1408 1762 1419 1778 ,
1445 1740 1572 1780 ufitavit
1585 1741 1750 1782 Ecclesia,
1778 1753 1948 1786 nunquam
1974 1741 2056 1778 vero

1171 1790 1203 1821 in
1218 1797 1347 1829 poenam
1361 1788 1536 1834 imposuit2
1564 1790 1887 1833 Nullodocumento
1900 1793 1935 1828 id
1955 1802 2055 1838 queat

1171 1837 1316 1871 ostendi.
1415 1838 1417 1840 ’

1220 1886 1441 1929 Necdesunt,
1468 1890 1523 1933 qui
1538 1891 1640 1924 velint
1667 1892 1849 1936 Episcopos
1875 1892 1916 1927 ad
1937 1893 2057 1927 laicam

1170 1938 1441 1976 communionem
1465 1940 1606 1985 abjestos
1629 1941 1711 1980 olim
1740 1941 1949 1976 Eucharistiae
1967 1954 2057 1977 com-

1170 1987 1444 2026 municasseintra
1459 1990 1581 2023 Altaris
1595 1992 1758 2026 cancellos
1770 2017 1777 2023 .
1806 1993 1940 2032 Etenim
1963 1992 2058 2028 Tha-

1170 2038 1288 2076 rafius,
1315 2037 1500 2073 Patriarcha
1513 2040 1930 2085 Constantinopolitanus·‚
1955 2044 1990 2077 in
2000 2054 2058 2078 ex·

1171 2085 1331 2124 stantibus
1359 2088 1428 2130 post
1466 2088 1635 2132 septimam
1662 2092 1834 2133 synodum
1863 2091 1978 2127 litteris
2012 2091 2058 2128 ad

1171 2136 1362 2175 Adrianum
1387 2138 1534 2177 Primum
1563 2139 1786 2182 Pontificem,
1812 2140 1947 2176 adducit
1975 2143 2060 2186 frag-

1171 2197 1320 2221 mentum
1343 2186 1361 2221 e
1399 2189 1466 2223 vita
1493 2190 1601 2229 Sanffi
1630 2191 1767 2235 Joannis
1804 2190 2054 2235 Chrysostomi,

1171 2237 1303 2281 ejusque
1313 2239 1380 2272 asta
1395 2238 1428 2271 in
1458 2237 1621 2282 Ephesino
1645 2239 1802 2278 Concilio
1812 2240 1928 2276 habito
1938 2251 2058 2278 contra

1171 2288 1350 2331 Episcopus
1379 2287 1539 2326 Asiaticos
1548 2314 1559 2330 ‚
1586 2288 1628 2324 ab
1640 2288 1818 2330 Antonino
1841 2290 2058 2336 Ephesiorum

1171 2337 1317 2373 Primate
1343 2338 1513 2374 ordinatos
1532 2351 1587 2382 per
1612 2340 1805 2378 simoniam.
1834 2344 1984 2384 Praeceplt
2010 2345 2057 2382 55-

1172 2389 1266 2421 nodus
1301 2399 1407 2423 aurum
1438 2390 1559 2430 quidem
1590 2396 1717 2431 recipere
1743 2403 1789 2429 eos
1815 2391 1854 2425 ab
1881 2390 2053 2426 haeredz‘bus

1171 2441 1313 2472 Antonini
1342 2462 1353 2478 ‚
1378 2445 1588 2474 communicare
1619 2450 1719 2478 autem
1743 2447 1830 2481 intra
1854 2443 1953 2477 altare
1978 2466 1990 2483 ,
2014 2444 2051 2477 <5

1168 2488 1218 2531 effi
1236 2493 1380 2530 privatos
1402 2486 1584 2531 sacerdotio.
1612 2489 1799 2535 Episcopis,
1826 2490 2056 2535 presbyteris,

1167 2549 1206 2572 ac
1241 2538 1405 2577 Diaconis
1439 2539 1479 2573 ad
1517 2539 1636 2576 Laicos
1662 2539 1795 2583 abjeffls
1823 2541 1954 2585 imponi
1980 2554 2053 2577 non

1169 2597 1296 2631 poterat
1331 2598 1447 2631 manus
1485 2589 1723 2631 poenitentialis
1748 2614 1760 2631 ‚
1787 2602 1854 2624 non
1882 2590 2052 2635 ipsorum,

1167 2637 1220 2675 sed
1247 2639 1340 2672 sacrae
1364 2637 1585 2672 ordinationis
1610 2641 1723 2679 causa,
1756 2652 1796 2674 ne
1822 2651 1916 2675 tanto
1943 2643 2052 2676 Sacra-

1166 2697 1280 2722 mento
1303 2712 1314 2729 ‚
1341 2688 1450 2731 inquit
1476 2687 1626 2723 adversus
1653 2689 1908 2723 Parmenianum
1937 2689 2056 2736 Augu-

1165 2737 1267 2774 stinus
1277 2763 1288 2781 ‚
1300 2738 1391 2774 fieret
1403 2738 1520 2781 injuria
1531 2764 1539 2770 .
1563 2738 1691 2772 Eodem
1703 2738 1773 2781 jure
1789 2739 1904 2773 volunt
1915 2740 2053 2782 quidam

1166 2787 1335 2833 Episcopis
1344 2787 1385 2824 ad
1413 2788 1531 2824 Laicos
1541 2787 1670 2832 abjectis
1682 2787 1918 2832 Eucharistiam
1939 2790 2052 2834 ,datam

1165 2838 1252 2875 intra
1277 2837 1461 2877 cancellos.
1961 2883 1965 2886 .

1215 2887 1415 2932 Respondco
1451 2885 1536 2921 hanc
1566 2888 1660 2922 fuisse
1684 2889 1823 2933 gratiam
1850 2887 2020 2932 specialem
2037 2915 2050 2935 ‚

1164 2938 1396 2984 quoddamque
1416 2938 1536 2976 amissa:
1547 2936 1720 2982 dignitatis
1747 2939 1899 2973 solatium
1922 2953 1933 2972 .·
1961 2940 2052 2983 Ejus·

1166 2988 1258 3023 modi
1268 2987 1429 3032 generalis
1440 2988 1558 3032 regulae
1570 2987 1698 3027 nullum
1710 2989 1755 3024 cst
1769 2988 2024 3024 fundamentum
2040 3014 2049 3025 .

1166 3038 1372 3073 Communio
1385 3036 1481 3080 plene
1490 3037 1571 3071 laica
1583 3046 1649 3072 erat
1662 3038 1786 3072 ablatio
1799 3041 1901 3072 totius
1912 3037 2048 3076 honoris

1166 3089 1196 3123 &
1208 3086 1537 3132 privilegiiclericalis
1549 3112 1559 3131 ‚
1575 3087 1675 3121 etiam
1688 3088 1721 3127 in
1738 3088 1908 3137 Episcopis
1920 3112 1932 3131 ‚
1957 3099 1994 3124 ut
2002 3090 2049 3133 sa-

1165 3139 1206 3172 tis
1230 3137 1369 3172 dicium.

1215 3189 1259 3222 Et
1280 3186 1359 3223 hinc
1379 3187 1481 3221 etiam
1501 3195 1609 3231 patet,
1633 3188 1715 3236 quid
1741 3189 1781 3222 fit
1804 3200 1846 3224 ne
1866 3188 2046 3227 Laicorum

1165 3238 1297 3283 quidem
1311 3235 1428 3273 habere
1439 3238 1730 3274 communionem.
1758 3238 1815 3273 Est
1838 3250 2043 3282 peccatorem

1165 3288 1220 3323 fibi
1246 3299 1284 3321 ac
1295 3288 1372 3323 Deo
1385 3287 1547 3331 relinqui,
1573 3287 1656 3321 tradi
1667 3287 1816 3326 Sathanae
1827 3289 1861 3323 in
1873 3289 2044 3324 interitum

1164 3337 1289 3377 carnis,
1315 3337 1334 3373 a
1357 3337 1580 3382 sacramentali
1601 3338 1889 3378 Reconciliationc
1911 3337 2043 3382 penitus

1165 3387 1294 3426 excludi
1314 3412 1326 3430 ,
1351 3386 1392 3421 ad
1412 3387 1592 3423 Ecclesiam
1625 3388 1662 3426 ἀ
1682 3389 1876 3427 δαηέὶοτυιτι
1896 3399 2042 3427 commu-

1166 3439 1301 3476 nionem
1329 3448 1390 3471 nec
1400 3447 1436 3470 ut
1449 3436 1635 3478 Clericum,
1661 3439 1916 3473 necutLaicurn
1926 3437 2042 3473 admit-

1165 3489 1211 3531 ti,
1237 3488 1356 3534 privari
1375 3487 1469 3524 omni
1481 3485 1608 3524 honore
1619 3512 1632 3530 ,
1658 3488 1692 3528 ,δε
1704 3488 1876 3537 privilegio
1895 3486 2041 3522 nominis

1896 3533 1991 3574 Chri-

2000 253 2036 290 δε
2053 273 2211 314 A04·fi214.'
