2346 3776
202 546 295 587 Epist.

185 601 243 627 „54-

328 105 373 157 96
772 84 1224 147 DissussTATm'

327 177 392 205 mre
414 172 575 211 eaeperiut,
601 167 739 204 tractabo
749 168 939 213 cumfingulis
953 171 1074 211 plenius
1086 193 1096 208 ‚
1123 178 1158 201 ut
1174 170 1209 202 de

324 232 358 254 eo
377 221 457 261 quod
480 217 658 263 consuluistis
680 244 690 259 ‚
704 218 817 262 figatur
840 221 926 262 apud
941 231 993 252 nos
1017 243 1027 259 ,
1055 220 1089 252 (5
1109 217 1206 262 rescri-

324 270 414 303 batur·
434 269 521 303 vobis
534 269 628 312 firma
647 272 804 304 Sententia
815 293 826 310 ,
851 271 1008 304 multorum
1019 270 1206 302 sacerdotum

324 318 433 365 consilio
450 321 628 362 ponderata.

375 371 452 405 Hac
474 369 515 403 de
534 380 567 403 re
589 369 763 412 Synodum
781 371 923 407 omnino
943 369 1022 404 fecit
1055 369 1209 413 promisso

327 431 477 464 tempore
488 420 612 455 sanctus
625 420 813 463 Cyprianus
822 444 833 461 ,
858 420 968 464 &jam
981 419 1049 454 dati
1060 418 1209 463 Suffragii

327 471 579 515 Praerogativam
602 469 750 513 probavit
771 470 827 505 illa
844 471 976 511 omnis,
1002 469 1211 506 &stabilivit.

326 522 434 558 Lucet
444 532 486 556 ex
497 520 643 564 sequenti
663 519 704 554 ad
729 522 873 558 sanctum
881 520 1005 565 Papam
1018 519 1210 554 Cornelium

329 570 500 615 Epistola:
526 572 734 605 statueramus
755 573 876 614 quidem
895 573 966 612 jam
983 571 1127 612 pridem,
1145 567 1213 610 fta-

329 631 378 657 ter
402 621 559 661 charissime
581 644 592 661 ,
622 627 805 663 participato
828 627 956 654 invicem
976 618 1120 661 nobiscum
1147 629 1211 651 con-

323 670 399 714 filio‚
409 673 444 705 ό·
458 678 510 714 qui
522 677 554 703 in
558 669 771 713 persecutionis
783 671 966 714 infestatione
973 668 1166 711 supplantati
1177 667 1214 700 ab

329 720 528 766 adversario,
554 720 797 764 &laepfifutffent
809 745 819 760 ,
838 718 1029 763 &sacrificiis
1044 716 1078 761 si·
1101 718 1213 751 illicitis

328 771 528 815 maculassent,
539 780 659 815 agerent
669 772 720 804 diu
728 775 940 812 paenitentiam
945 769 1082 810 plenam,
1093 766 1213 809 &fipe-

328 823 455 856 siculum
472 821 658 864 infirmitatis
679 828 795 865 urgeret
806 844 816 859 ,
829 827 940 860 ‘pacem
958 816 1016 860 sub
1040 818 1099 852 ic‘lu
1112 823 1213 850 mortis

326 877 502 913 acciperent.
529 875 596 905 Nec
608 877 685 903 enim
686 870 745 911 fas
757 878 824 901 erat
847 892 858 908 ,
877 877 932 903 aut
936 867 1134 911 permittebat
1156 870 1215 900 Pa-

327 930 419 956 terna
430 923 532 965 Pietas
546 922 580 954 <9⁶
592 924 710 952 Divina
721 920 900 960 Clementia,
920 917 1078 960 Ecclesiam
1095 915 1216 960 pulsan-

326 970 409 1006 tibus
420 971 537 1010 claudi,
564 971 598 1004 δ’
610 969 774 1006 dolentibus
785 981 820 1003 ac
832 968 1059 1011 deprecantibus
1078 970 1098 1000 5
1093 974 1147 1010 pei
1166 966 1217 1010 sa-

327 1023 440 1056 luraris
447 1019 610 1063 subsidium
621 1021 786 1063 denegari,
812 1028 845 1051 ut
852 1017 959 1064 saeculo
978 1019 1146 1052 recedentes
1153 1017 1216 1059 fine

326 1076 585 1105 communicatione
595 1071 629 1105 (tr
634 1078 710 1111 pace
721 1071 766 1102 ad
779 1072 934 1102 Dominum
958 1071 1180 1102 dimitterentur
1205 1093 1215 1108 ‚

327 1122 448 1164 quando
454 1118 626 1163 permiserit
637 1121 687 1153 ille
698 1144 709 1160 ‚
736 1125 787 1162 qui
800 1122 909 1163 Legem
920 1121 1004 1153 dedit
1015 1144 1026 1160 ,
1035 1128 1068 1152 ut
1078 1119 1172 1163 ligata
1184 1123 1216 1150 in

326 1177 418 1206 terris
431 1176 523 1203 etiam
533 1176 565 1203 in
575 1170 655 1205 caelis
666 1171 762 1214 ligata
772 1169 859 1211 effent
868 1193 879 1209 ,
900 1168 980 1212 solvi
989 1178 1091 1202 autem
1103 1168 1216 1211 pffent

327 1222 409 1260 illic,
435 1232 503 1262 quae
525 1219 572 1252 bic
586 1226 675 1261 prius
696 1225 729 1253 in
760 1218 888 1260 Ecclefia
910 1217 1112 1262 solverentur.
1158 1219 1218 1250 Sed

326 1276 408 1307 enim
418 1272 482 1303 cum
494 1271 652 1303 videamus
661 1271 740 1302 diem
751 1269 857 1301 rursus
868 1269 994 1302 alterius
1014 1266 1214 1310 Infestationis

327 1326 570 1364 appropinquare
591 1320 702 1363 caepiffe
726 1343 738 1359 ,
764 1318 876 1353 crebris
902 1320 937 1354 ἐν
960 1319 1078 1359 affiduis
1097 1317 1216 1359 ostenfio-

328 1371 418 1405 nibus
442 1371 654 1403 admoneamur
678 1394 690 1410 ,
715 1380 751 1406 ut
771 1370 815 1402 ad
831 1377 991 1412 certamen¹
1005 1392 1016 1409 ,
1043 1369 1124 1412 quod
1133 1368 1215 1402 nobis

329 1420 416 1462 bostis
453 1421 560 1454 indicit
584 1444 595 1460 ‚
633 1424 746 1452 armati
766 1420 800 1453 (a
824 1425 933 1460 parati
949 1417 1042 1460 fimus
1069 1443 1080 1458 ,
1099 1418 1216 1459 plebem

328 1477 424 1507 etiam
445 1470 528 1503 nobis
539 1471 577 1502 de
584 1473 703 1502 Divina
713 1469 1068 1513 dignatione-commissam
1079 1467 1215 1501 exhorta·

329 1520 459 1556 tionibus
481 1519 582 1561 nqllris
598 1527 742 1561 paremus
768 1543 779 1560 ‚
816 1520 850 1553 Θ
871 1531 971 1553 omnes
1003 1521 1119 1552 omnino
1142 1520 1214 1551 mili-

328 1581 377 1606 tes
399 1569 531 1612 Christi,
558 1575 610 1612 qui
630 1581 717 1603 arma
730 1568 930 1612 defiderant,
957 1570 991 1603 (5
1010 1568 1215 1609 praeliumfla-

324 1628 430 1667 gitant
450 1645 462 1662 ‚
489 1622 573 1653 intra
597 1623 715 1653 Domini
735 1618 842 1660 Castra
859 1621 1026 1663 colligamus
1039 1643 1050 1659 ,
1076 1618 1216 1657 necefflta-

328 1683 359 1707 te
378 1680 494 1715 cogente
516 1668 678 1713 censuimus
700 1675 743 1702 eis
766 1694 776 1710 ‚
805 1675 856 1712 qui
877 1670 915 1703 de
940 1667 1069 1709 Etlefia
1094 1671 1216 1700 Domini

329 1734 387 1756 non
397 1722 565 1764 recefferu-nt
578 1743 588 1760 ‚
595 1719 862 1763 sedpoenitentiam
874 1730 973 1763 agere,
985 1719 1192 1752 &lamentari
1207 1742 1216 1757 ,

328 1774 364 1807 ό·
384 1776 543 1804 Dominum
561 1772 714 1813 deprecari
738 1773 758 1802 ἃ
770 1775 870 1812 primo
882 1767 1001 1813 Lapfits
1019 1765 1070 1811 fici
1091 1768 1140 1801 die
1160 1778 1216 1800 non

330 1821 501 1862 destiterunt
514 1845 526 1861 ,
547 1829 653 1863 pacem
674 1821 810 1853 dandam
829 1820 881 1862 effe
909 1843 920 1859 ‚
947 1820 982 1851 ό·
1007 1828 1055 1850 eos
1076 1817 1122 1848 ad
1132 1825 1216 1858 prae-

327 1874 402 1906 lium
423 1895 434 1913 ‚
460 1872 541 1914 quod
555 1876 724 1910 imminet„
750 1874 866 1903 armari
890 1869 925 1901 Θ
943 1866 1048 1907 instrui
1075 1873 1214 1907 oportere.

328 1923 412 1957 Haec
434 1919 588 1963 Synodus
610 1919 760 1954 decrevit
779 1918 849 1952 tria.
878 1915 994 1950 Primo
1007 1940 1019 1958 ‚
1045 1915 1216 1949 innovavit

327 1973 472 2017 primum
492 1969 588 2013 hujus
611 1981 702 2003 novae
717 1969 755 2013 .&
783 1966 1006 2003 clementioris
1026 1964 1218 2009 Disciplinae

327 2023 510 2057 Decretum
524 2044 535 2060 ,
562 2019 653 2063 quod
675 2018 830 2053 omnibus
853 2015 1114 2061 poenitentibus,
1141 2015 1217 2048 licet

328 2070 533 2116 poenitentia:
543 2072 605 2104 suae
615 2070 756 2103 formam
767 2081 804 2103 ac
815 2077 944 2110 tempus
954 2078 1024 2100 non
1035 2065 1219 2109 explanxis-

329 2123 421 2162 ient,
447 2119 535 2164 pacis
547 2119 717 2154 Viaticum
729 2118 902 2153 dareturin
923 2117 1014 2151 exitu
1029 2139 1040 2156 ,
1066 2114 1125 2149 sub
1152 2115 1216 2147 ictu

329 2171 457 2208 mortis.
486 2168 790 2205 Secundodecrevit
803 2194 815 2210 ‚
839 2178 877 2202 ut
886 2166 1067 2212 generatim
1082 2165 1217 2203 cunctis,

329 2222 389 2266 qui
398 2220 535 2257 statima
546 2221 654 2265 primo
666 2220 715 2254 sui
734 2219 858 2263 Lapsus
875 2217 930 2252 die
941 2216 1091 2251 dolentes
1112 2226 1150 2248 ac
1176 2214 1218 2247 la-

328 2271 493 2315 chrymosi
506 2270 680 2315 pulsassent
705 2269 858 2313 pietatem
880 2280 918 2302 ac
931 2268 1016 2300 fores
1036 2263 1218 2300 Catholicae

329 2323 450 2356 Matris
472 2346 482 2361 ,
508 2322 541 2355 &
565 2322 599 2354 in
622 2320 826 2355 Poenitemiae
838 2318 1011 2363 diligentia
1037 2314 1216 2357 hu-cusque

330 2371 575 2416 perseverassent
590 2396 600 2411 ‚
627 2371 869 2414 impartiremur
890 2366 1034 2410 ejusdem
1047 2364 1136 2409 pacis
1158 2365 1218 2397 Di-

333 2422 415 2455 vino
438 2421 610 2455 beneficio.
637 2420 746 2454 Immo
765 2420 803 2461 ⁴&
823 2417 963 2463 persedio
985 2415 1218 2451 Sacro-Sanetae

330 2469 540 2506 Eucharistiae
560 2470 675 2511 don03
702 2469 804 2512 quue
832 2467 877 2502 ob
897 2466 1075 2500 instantem
1096 2475 1216 2498 novam

332 2520 602 2566 persecutionem.
629 2518 702 2552 Istis
713 2519 810 2552 armis
833 2516 987 2559 Synodus
1007 2516 1134 2550 censuit
1148 2525 1219 2548 om-

332 2582 392 2606 nes
401 2571 480 2605 istos
491 2569 692 2603 Poenitentes
704 2592 715 2608 ,
741 2569 798 2611 qui
818 2567 859 2600 de
872 2577 960 2600 novo
972 2567 1004 2598 se
1015 2565 1211 2608 praeliaturos

333 2620 515 2664 spondent,
526 2619 589 2653 esse
599 2618 805 2652 muniendos.
833 2614 952 2650 Tertio
960 2614 1102 2649 decrevit
1123 2614 1218 2647 trien-

333 2671 385 2705 nii
395 2669 623 2714 poenitentiarn
637 2668 679 2702 ad
692 2667 756 2701 haec
769 2667 921 2700 sufficere.
949 2664 1059 2707 Hujus
1071 2664 1118 2697 rei
1129 2675 1218 2696 men-

334 2722 384 2757 tio
405 2732 474 2754 non
499 2719 544 2753 est
564 2718 729 2762 expressa,
759 2717 813 2751 sed
831 2714 973 2750 omnino
994 2713 1174 2747 includitur
1184 2714 1218 2746 in

335 2770 479 2806 secundo
501 2771 662 2803 Decreto.
690 2769 769 2801 Hoc
786 2765 876 2801 enim
907 2765 1087 2810 generatim
1108 2762 1218 2797 statuit

337 2821 379 2854 de
389 2820 514 2854 cunffis
525 2844 536 2860 ‚
559 2819 659 2853 etiam
670 2818 707 2852 in
718 2816 889 2851 noviffima
901 2814 1125 2859 persecutione
1137 2813 1218 2856 Lap-

336 2871 376 2903 fis
391 2894 401 2909 ,
424 2881 493 2913 quae
508 2868 647 2903 necdum
658 2868 830 2902 cessaverat
840 2866 858 2906 a
868 2865 1035 2899 Triennio
1047 2890 1054 2895 .
1084 2864 1218 2897 Etenim

337 2920 465 2952 sandius
477 2919 650 2953 Cornelius
663 2942 672 2958 ,
701 2918 756 2961 qui
769 2918 803 2950 in
814 2915 925 2950 medio
938 2916 1094 2960 Deci-anm
1113 2914 1219 2947 Perse-

337 2969 483 3002 cutionis
495 2969 567 3002 aestu
579 2969 622 3002 est
636 2967 805 3011 impositus
815 2965 1016 3010 Apostolicae
1029 2962 1197 3007 Catlxedrae
1209 2988 1218 3003 ,

339 3029 405 3052 tres
426 3029 530 3051 annos
551 3019 585 3050 in
607 3017 810 3051 Pontificatu
835 3027 902 3051 non
915 3015 1069 3058 explevit.
1097 3014 1139 3047 Et
1151 3013 1219 3057 Ipse

340 3065 406 3100 haec
425 3067 537 3100 omnia
557 3068 617 3100 tria
637 3068 777 3101 Decreta
798 3065 939 3101 omnino
960 3063 1185 3108 comprobavit
1212 3089 1218 3095 .

341 3117 530 3163 Qareipsa
541 3126 620 3149 tunc
642 3119 848 3159 profecerunt
870 3117 906 3150 in
926 3115 1144 3158 Disciplinam
1171 3123 1219 3147 to-

342 3161 407 3200 tius
418 3166 544 3199 Latinae
556 3165 708 3199 Ecclefiae.
738 3167 781 3199 Et
795 3166 1010 3211 AEgypdaca,
1024 3165 1099 3198 licet
1107 3163 1219 3197 Orien-

343 3215 433 3254 talis,
445 3215 571 3257 semper
579 3214 707 3248 adhaesst
718 3216 863 3249 moribus
875 3217 1114 3250 Romanorum.
1127 3214 1219 3247 Hinc

345 3267 447 3310 igitur
458 3264 490 3297 ὅ(
498 3265 621 3297 sanstus
632 3263 818 3297 Patriarcha
829 3265 942 3299 Petrus
954 3267 988 3299 in
1000 3264 1062 3299 hac
1082 3262 1219 3309 Synodo

347 3312 534 3358 hujusmodi
546 3313 720 3346 triennales
731 3313 933 3350 Poenitentes
943 3315 1070 3349 admisit
1091 3312 1132 3348 ad
1152 3324 1220 3358 gra-

347 3365 429 3398 tiam
443 3362 701 3397 Communionis
710 3387 718 3395 .

399 3411 556 3448 Notanda
567 3413 642 3445 sunt
654 3412 779 3454 Synodi
791 3412 908 3446 verba:
935 3417 979 3446 Et
989 3420 1075 3447 tertio
1089 3415 1160 3455 jam
1170 3424 1221 3446 an·

350 3475 387 3498 no
397 3463 511 3509 deflent.
541 3461 688 3506 Antiqua
698 3461 904 3499 Poenitentiae
914 3464 1096 3509 Disciplina
1107 3462 1220 3499 habuit

1272 83 1706 143 Paeoniam.

1274 168 1430 211 quosdam
1439 170 1568 212 Gradus
1588 172 1623 206 δε
1641 170 1764 207 Classes
1785 169 2024 207 Poenitentium
2045 186 2057 207 .-
2070 173 2169 208 Pie--

1277 229 1347 252 tum
1355 243 1368 260 ‚
1378 219 1611 262 Audientiam‚
1637 221 1895 257 Substratiouern
1906 249 1917 264 ‚
1927 223 1960 256 &
1973 223 2155 257 Confisten-

1275 269 1371 309 tiam:
1397 271 1551 311 Flentes,
1577 270 1784 312 AudienteS,
1802 273 2015 313 *Substratos‚
2042 273 2171 307 Consi-1

1276 319 1400 362 stentes.
1428 321 1476 354 Ea
1486 331 1651 363 exponam
1662 321 1700 354 in
1710 320 1851 357 Scholiis
1873 322 1914 357 ad
1928 321 1963 358 N
1964 325 2083 357 icaenos
2095 322 2157 357 Ca·
2171 337 2174 354 ³

1278 379 1385 404 nones.
1422 369 1553 404 Eodem
1584 369 1652 404 fere
1682 369 1786 406 modo
1805 373 1834 406 S.
1855 373 2041 416 Cyprianus
2062 373 2158 416 supra.

1276 419 1391 462 scripsit
1403 419 1444 454 de
1451 421 1491 458 ‚N
1494 421 1551 454 ino
1565 444 1575 460 ,
1596 420 1882 462 Clementiano‚ac
1894 423 1995 458 Floro
2008 423 2118 467 Lapsis
2143 435 2156 457 .-

1277 476 1354 507 Cum
1368 467 1486 512 summa
1512 475 1701 512 poenitentiae
1725 473 1934 507 lamentatione
1954 476 2154 516 planxerunt.

1277 518 1427 555 Omnino
1440 520 1567 555 videtur
1577 520 1684 554 solum
1695 519 1811 555 fletum
1822 521 2007 558 describere.
2020 525 2065 557 Et
2077 523 2158 557 hinc
2171 524 2173 528 ’

1277 568 1381 602 oritur
1400 570 1532 612 quaestio
1553 582 1596 604 an
1617 569 1805 613 hujusmodi
1824 570 1949 616 Lapsos
1960 576 2173 618 poenitentes

1279 618 1466 655 immediate
1478 620 1496 653 a
1507 620 1583 655 fletu
1596 621 1637 655 ad
1650 620 1887 654 perfectionem
1897 646 1909 662 ‚
1935 634 1991 658 aut
2012 624 2096 658 certe
2116 621 2159 656 ad

1278 668 1529 704 Consistentiam
1538 670 1806 705 trans—mitendos
1826 672 1950 714 sandius
1970 672 2160 716 Cyprianus

1277 721 1435 754 censuerit
1447 744 1457 760 ‚
1468 721 1501 753 δε
1512 721 1634 755 sanetus
1641 720 1756 755 Petrus
1767 721 1979 761 transmiserit
1990 723 2172 765 ?Respon-ss

1277 769 1341 804 deo
1353 768 1509 814 negative.
1536 771 1669 805 Etenim
1681 771 1767 813 istud
1778 783 1847 805 non
1861 770 1983 805 ferebat
2004 771 2161 815 Discipli-

1279 830 1320 852 na
1339 819 1430 854 istius
1449 822 1614 864 temporis.
1641 816 1779 864 Jubebat
1800 821 1928 856 decurri
1948 833 2066 856 omnes
2085 833 2162 865 qua-

1278 878 1353 903 tuor
1362 869 1491 905 Gradus
1503 895 1509 902 .
1539 870 1670 916 Cuique
1680 871 1860 917 affignabat
1870 873 1965 906 suu-m
1988 876 2117 916 ternpus
2127 872 2163 905 &t

1278 918 1423 954 modum.
1450 919 1611 955 Attamen
1624 920 1760 956 hunc&
1784 921 1871 956 istud
1892 922 2092 966 quandoque
2118 923 2168 956 ex'

1279 968 1568 1015 cauffisinsigniter
1578 970 1747 1006 breviabat
1758 996 1766 1004 .
1794 972 1839 1006 Et
1850 970 1918 1007 haec
1935 983 2003 1007 erat
2022 972 2162 1007 donatio

1279 1019 1502 1063 lndulgentiae.
1529 1021 1574 1054 Et
1591 1020 1677 1055 istud
1703 1020 1758 1056 hic
1789 1023 2016 1057 fecit-sanstus
2036 1022 2171 1061 Petrus„

1279 1070 1392 1103 Sanxit'
1404 1069 1687 1113 ejusmodiLapsis
1697 1070 1806 1106 statim
1817 1072 1836 1105 a
1847 1073 1950 1106 ruinae
1970 1072 2108 1107 exordio
2120 1071 2170 1107 ad*

1280 1119 1476 1163 simplicem,
1501 1119 1773 1154 &tototriennio
1793 1121 2025 1156 continuatum
2049 1122 2170 1156 fletum

1279 1169 1363 1212 apud
1389 1169 1550 1204 Divinam
1571 1168 1796 1203 Clementiam
1817 1170 1961 1204 sufficere
1986 1186 2008 1210 ‚*
2023 1171 2173 1215 ideoque.

1282 1221 1366 1263 ipsos
1386 1230 1440 1262 per
1451 1218 1584 1252 brevem
1601 1217 1823 1253 Auditionem
1843 1220 1876 1253 &
1899 1219 2181 1256 substrationem

1277 1267 1546 1304 transmittendos
1578 1267 1620 1301 ad
1653 1268 1916 1303 Confistentiam.
1944 1270 1995 1304 Ita
2021 1270 2170 1306 statuunt

1278 1317 1447 1361 haecyerba
1460 1321 1539 1351 :Eis
1549 1317 1587 1350 ab
1597 1318 1732 1351 adventu
1749 1326 1806 1359 per
1831 1326 2045 1353 revocationem
2056 1324 2090 1353 in
2106 1331 2168 1354 me-:

1277 1376 1401 1403 moriam
1420 1370 1473 1402 alii
1484 1369 1686 1411 quadraginta
1697 1369 1762 1401 dies
1773 1370 1981 1412 adjungantur
1993 1393 2004 1409 ,
2017 1371 2074 1404 &a
2083 1370 2167 1417 Qio

1278 1419 1419 1454 adventu
1432 1420 1448 1451 ,ἓ
1476 1418 1559 1464 Quae
1572 1418 1739 1452 revocatio
1750 1418 1786 1451 in
1796 1419 1992 1453 memoriam
2003 1420 2020 1451 ,ἓ
2047 1419 2172 1453 Existi·

1278 1468 1488 1513 mointelligi
1501 1467 1678 1501 adventum
1690 1492 1701 1507 ,
1728 1479 1794 1511 quo
1802 1469 1873 1512 post
1897 1469 2012 1503 fletum
2029 1469 2168 1504 triennii

1277 1519 1443 1563 expletum
1461 1527 1629 1561 coeperunt
1640 1517 1752 1551 denuo
1768 1518 1920 1552 advenire
1928 1518 1970 1553 ad
1981 1519 2069 1563 piam
2094 1520 2169 1553 Ma-

1278 1580 1358 1604 trem
1371 1594 1382 1608 ,
1408 1568 1475 1611 ejus
1486 1567 1748 1601 clementissimas
1759 1569 1842 1602 fores
1855 1568 1994 1613 pulsare,
2006 1570 2100 1602 suurn
2109 1569 2167 1610 fle-

1278 1630 1348 1653 tum
1358 1618 1407 1652 illi
1419 1617 1569 1652 reducere
1581 1617 1616 1651 in
1628 1621 1822 1652 memoriam
1837 1643 1847 1658 ‚
1859 1619 1892 1653 &
1902 1619 2175 1661 misericordiam,

1279 1668 1470 1712 implorare.
1497 1668 1628 1701 Sanetus
1640 1666 1755 1701 Petrus
1767 1669 1874 1703 sanxit
1896 1669 1971 1713 ipsis
1993 1669 2168 1714 injungen-

1278 1719 1339 1753 dos
1350 1743 1361 1758 ,
1386 1719 1443 1762 qui
1453 1716 1494 1751 ab
1506 1716 1569 1751 isto
1580 1716 1723 1751 adventu
1735 1728 1948 1753 numerentur
1959 1743 1971 1760 ,
1995 1720 2078 1753 alios
2088 1715 2175 1762 quae.

1278 1768 1429 1812 draginta
1452 1766 1653 1810 poenitentiae
1672 1765 1742 1800 dies
1764 1791 1776 1807 ‚
1801 1768 1922 1811 quibus
1942 1767 2174 1802 Auditionem·

1278 1818 1311 1851 &
1331 1815 1590 1853 Substrationem
1612 1825 1805 1860 expungant
1827 1841 1838 1858 ,
1865 1826 1964 1861 atque
1979 1818 2026 1852 ita
2049 1817 2176 1852 admits

1280 1875 1391 1900 tantur
1411 1864 1452 1899 ad
1475 1863 1728 1906 Consistentiam
1741 1891 1748 1898 .
1777 1866 1872 1901 Istius
1883 1868 2040 1911 temporis
2057 1891 2069 1908 ,
2095 1867 2173 1912 quo·

1279 1916 1421 1950 sufficere
1442 1914 1641 1959 persuadeat,
1653 1915 1805 1949 meritum
1817 1926 1854 1951 ac
1864 1916 2063 1961 dignitatern
2072 1929 2172 1952 com«

1280 1966 1414 2000 mendat
1437 1976 1479 1999 ex
1499 1965 1643 2007 jejunam
1665 1974 1721 2007 per
1743 1965 1931 2000 Dominum
1947 1967 2163 2014 Qadragesi-

1280 2028 1332 2058 ma
1343 2040 1350 2047 .
1379 2015 1532 2050 Affirmat
1540 2014 1728 2048 Dominum
1739 2026 1795 2058 per
1806 2016 1906 2059 ipsam
1917 2017 2011 2051 fuisse
2031 2018 2168 2052 consors

1280 2076 1385 2099 tatum
1395 2063 1436 2098 ad
1447 2060 1554 2099 secure
1565 2063 1774 2108 praeliandum
1797 2077 1912 2100 contra
1931 2068 2126 2102 Daernonem
2151 2091 2165 2107 ,

1279 2117 1312 2149 &
1332 2125 1448 2149 omnes
1468 2115 1536 2158 ejus
1547 2115 1745 2148 tentationes
1768 2115 1943 2150 elidendas.
1971 2118 2065 2151 Hinc
2078 2120 2167 2151 'con-

1280 2165 1383 2199 cludit
1405 2165 1544 2199 eandem
1563 2165 1751 2198 firmitatem
1772 2166 1791 2199 a
1817 2166 2075 2213 Quadragefima
2108 2166 2169 2201 do.-

1280 2214 1423 2249 nandam
1446 2215 1572 2257 Lapfis.
1601 2214 1778 2248 Praesertim
1788 2215 1975 2251 firmitatem
1987 2241 1997 2256 ,
2010 2228 2074 2260 qua
2087 2217 2167 2251 Dia-

1280 2265 1358 2299 bolo
1376 2275 1432 2308 per
1451 2265 1624 2298 Romanos
1649 2263 1830 2307 Tyrannos
1849 2266 1883 2300 ὅ(
1895 2266 2019 2300 inflissa
2041 2266 2083 2300 ab
2096 2266 2164 2300 illis

1279 2324 1442 2349 tormenta
1454 2337 1465 2353 ,
1476 2313 1516 2347 ad
1527 2313 1754 2348 Idololatriam
1766 2316 1899 2359 cogenti
1912 2316 2101 2350 constanter
2111 2315 2167 2349 de-

1280 2366 1390 2408 inceps
1401 2363 1516 2398 dicunt
1529 2378 1539 2397 :
1553 2363 1610 2396 Abi
1618 2366 1697 2397 retro
1707 2366 1831 2397 satana.
1841 2389 1848 2397 .
1857 2367 2004 2407 Scriptum
2015 2365 2054 2406 est
2062 2371 2140 2399 enim
2153 2378 2177 2405 .·‚

1281 2419 1376 2448 Deum
1391 2424 1476 2447 tuum
1488 2413 1630 2447 adorabis
1643 2437 1654 2454 ‚
1681 2415 1715 2447 (a
1724 2415 1767 2447 illi
1772 2412 1827 2457 fiili
1838 2413 1967 2457 servies.
1995 2416 2040 2448 Et
2050 2415 2166 2450 eadem

1280 2463 1368 2498 haud
1387 2463 1487 2499 dubie
1506 2465 1558 2497 via
1578 2463 1704 2498 inceffit
1726 2464 1850 2498 sandius
1877 2464 2065 2508 Cyprianus
2090 2490 2098 2498 .
2124 2464 2170 2499 In-

1280 2515 1453 2549 Sacrorum
1464 2514 1641 2548 Canonum
1666 2513 1821 2557 Epitome
1835 2514 2072 2548 Constantinus
2083 2515 2169 2549 Hat-

1280 2564 1482 2608 menopulus
1498 2564 1639 2607 praesenti
1661 2563 1793 2598 Canoni
1817 2564 1907 2598 dedit
1928 2563 1993 2598 hoc
2013 2575 2168 2608 compen-

1280 2615 1372 2648 dium
1393 2626 1401 2645 :
1429 2615 1494 2656 ,Qui
1508 2613 1572 2655 post
1593 2614 1699 2646 multos
1733 2620 1881 2647 cruciatus
1910 2620 2066 2648 tormentIs
2092 2614 2168 2648 vim

1280 2663 1426 2703 Christum
1450 2670 1627 2706 negaverint
1648 2688 1659 2702 ‚
1685 2674 1720 2695 ac
1738 2665 1846 2697 deinde
1868 2673 1987 2697 mutata
2007 2663 2162 2708 sententia

1278 2716 1411 2746 luxerint
1423 2736 1435 2752 ,
1459 2724 1524 2746 cum
1538 2714 1610 2753 jam
1629 2722 1754 2755 quatuor
1772 2720 1846 2746 anni
1862 2713 2166 2756 persecutionisprae·

1279 2768 1439 2803 terierint,
1466 2767 1558 2795 etiam
1578 2763 1652 2795 alios
1674 2764 1878 2807 quadraginta
1900 2766 1964 2797 dies
1983 2770 2162 2806 puniuntur.

1283 2813 1434 2846 Affirmat
1446 2822 1595 2856 quartum
1619 2813 1851 2855 persecutionis
1871 2825 1996 2848 annum
2015 2825 2084 2848 non
2109 2824 2165 2847 cae-

1283 2874 1375 2907 ptum
1388 2887 1398 2903 ‚
1425 2862 1478 2896 sed
1489 2863 1684 2906 praeteritum
1697 2873 1795 2907 atque
1807 2864 1974 2907 expletum
1988 2889 1995 2895 .

1333 2914 1387 2946 Ex
1410 2910 1462 2945 his
1481 2912 1626 2955 quaedam
1649 2912 1845 2947 addiscimus
1867 2939 1872 2945 .
1901 2914 2013 2947 Primo
2037 2937 2048 2954 ‚
2074 2911 2165 2955 quod

1282 2961 1457 2997 Catholica
1468 2962 1577 2996 Mater
1588 2960 1678 2996 v‘ario
1701 2963 1848 3007 tempore
1867 2962 2016 2998 habuerit
2042 2963 2166 2996 variam

1283 3012 1490 3047 Poenitentiae
1515 3012 1647 3057 agenda:
1677 3013 1902 3057 Disciplinam.
1932 3012 2065 3047 Etenim
2094 3023 2166 3045 orn-

1287 3074 1362 3096 nem
1372 3061 1570 3096 ldololatriae
1581 3063 1722 3106 Lapsum
1735 3075 1804 3098 non
1815 3062 1952 3097 absolvit
1961 3061 2117 3102 olim,nec
2129 3063 2166 3095 in

1281 3112 1420 3146 articulo
1431 3115 1555 3146 mortis.
1582 3113 1705 3156 Lapsos
1714 3113 1853 3158 cogebat
1863 3112 1903 3146 ad
1914 3122 2101 3155 perpetuam
2115 3121 2166 3145 to-

1282 3163 1346 3195 tius
1364 3163 1436 3195 vitae
1454 3163 1682 3205 poenitentiam
1701 3188 1712 3204 ‚
1738 3175 1775 3197 ac
1792 3163 1859 3206 ipsa
1883 3162 2068 3204 perfunctos
2095 3173 2166 3195 non

1282 3211 1427 3246 donabat
1439 3213 1527 3255 pacis
1539 3212 1688 3252 Viatico‚
1700 3212 1754 3246 sed
1765 3212 1806 3246 ad
1815 3214 1998 3254 supremum
2009 3212 2043 3244 in
2057 3211 2167 3246 Pater-

1285 3262 1454 3307 naegloriae
1465 3261 1599 3296 dextera
1619 3260 1819 3305 Episcopum
1839 3260 2078 3295 transmittebat
2104 3261 2168 3295 sol-

1285 3311 1429 3346 vendum
1457 3321 1514 3347 aut
1534 3311 1713 3357 ligandum.
1739 3311 1790 3345 Ita
1809 3312 1872 3344 fuit
1883 3310 2169 3354 usquesanetiCy-

1284 3363 1390 3405 priani
1399 3372 1547 3406 tempora
1557 3386 1568 3402 ‚
1595 3361 1686 3404 cujus
1696 3361 1828 3394 mitiora
1840 3361 1975 3395 consilia
1987 3361 2169 3404 probarunt

1286 3412 1445 3446 Romanae
1456 3423 1512 3455 per
1522 3411 1621 3445 sansti
1633 3410 1922 3445 Fabianimortem
1944 3411 2092 3446 vacantis
2107 3410 2169 3444 Ca-

1285 3460 1404 3497 thedrae
1415 3462 1555 3503 Clerus,
1578 3460 1715 3497 Fabiani
1727 3460 1882 3509 successor
1893 3461 2018 3497 sanetus
2044 3461 2170 3498 Corne-

1665 3524 1667 3527 ·
2084 3509 2147 3545 lius
2158 3531 2172 3550 ,
