2346 3776
640 192 1106 268 DissERTATm·

199 293 259 324 Dei
277 290 382 323 nolens
402 283 535 319 recedere
542 306 557 326 s,
581 280 746 317 celebravit
762 280 840 314 illud
856 283 951 313 Feria
969 284 1075 321 quinta

200 338 336 383 Vespere.
354 339 388 382 J
389 336 468 368 udaei
478 335 550 367 vera
559 343 672 366 morem
682 342 805 372 novum,
820 338 875 363 aut
886 330 1077 365 traditionem

200 392 331 423 Parrum
335 384 430 430 secuti
441 387 535 418 Feria
541 380 632 426 sexta
642 380 768 426 Vesper?
777 405 789 421 ,
810 380 891 413 unde
905 376 1077 422 solemnitas

195 436 348 472 ,Sabbathi
358 443 424 469 erat
434 440 554 473 initium
564 433 701 466 duc‘lura.
729 436 837 473 Neque
847 431 918 467 vero
929 433 1078 471 Interpre-

181 488 187 515 ι’
200 497 248 522 tes
259 487 345 520 multi
354 487 441 520 aliter
451 494 608 531 congruere
617 482 713 517 verba
723 483 744 515 S
747 484 780 528 .J
782 485 888 516 oannis
899 490 964 513 cum
974 479 1077 513 verbis

200 538 326 572 aliorum
338 539 369 569 E
371 532 601 580 vangelistarum
603 533 679 578 pff:
688 530 877 569 arbitrantur
894 542 903 572 3
943 531 1078 573 ‚Quorum

201 586 234 621 bi
245 585 361 630 Pascha
370 579 605 628 celebratumeffi·
615 586 635 616 ἃ
647 580 759 622 Christo
784 584 877 617 Feria
889 585 996 622 quinta
1012 577 1079 622 ves·

194 638 273 680 pere*
281 638 408 672 tradunt
419 660 430 676 ,
450 631 504 668 'iile
514 637 587 669 verb
596 631 692 676 ipsum
701 637 732 665 in
754 628 922 673 Parafieve
934 655 945 670 ‚
970 628 1054 669 id-est
1064 654 1074 669 ‚

194 683 418 733 praeparatri‘ce
430 683 556 729 Paschae
565 709 576 726 ,
594 681 677 723 iel-est
686 707 696 723 ,
703 682 806 724 pridie*
818 679 941 723 Pafi'bae
952 680 1003 723 effe
1008 677 1077 721 pas:

193 735 266 786 sum
276 731 406 779 exponit.
435 736 552 783 Accedit
562 758 573 774 ,
582 733 663 777 quod
669 737 701 770 in
712 729 777 774 ipsa
790 729 968 773 Paraftevae
977 753 987 769 ,
1007 740 1075 775 quae

197 788 265 825 dies
276 785 314 827 est
320 785 413 830 sexta
425 809 437 826 ‚
440 789 473 831 J
474 786 555 822 udaei
566 785 709 824 dixerunt
713 779 746 825 fit
758 781 830 814 nolle
842 783 1020 818 Praetorium
1031 784 1077 811 in-

191 838 284 888 gredi
296 861 307 877 ,
333 848 371 869 ne
380 830 654 873 contaminarentur
663 856 675 872 ‚
685 833 720 866 <it
730 828 847 873 Pascha
858 831 1005 863 comedere
1011 826 1077 871 posZ

192 885 266 932 sent
286 898 294 918 :
322 886 363 919 Id
371 886 451 928 quod
459 896 490 918 eo
500 880 550 917 die
560 907 572 923 ,
593 894 651 915 non
661 882 749 915 mane
761 905 770 920 ‚
787 879 845 924 sed
857 878 980 923 Vespere
990 887 1076 912 erant

191 931 311 979 J'ae‘luri
322 959 333 975 ‚
381 941 412 967 ui
422 935 468 967 ad
471 932 689 984 solemnitatem
694 929 848 975 sequentis
859 928 1077 970 Sabbatbiper-

192 984 319 1026 emebat.
378 983 472 1023 adem
481 983 523 1018 de
533 983 627 1021 causa
647 982 677 1016 S.
703 981 843 1025 Ioannes
866 977 1076 1024 Evangelista

193 1034 290 1076 istius
302 1034 381 1068 anni
392 1032 596 1069 Sabbathum
613 1031 786 1076 appellavit
805 1041 964 1075 magnum
983 1028 1076 1063 illum

190 1085 286 1128 diem
299 1082 472 1118 Sabbathi:
501 1084 581 1118 Hoc
590 1081 636 1117 est
645 1107 656 1124 ‚
668 1081 794 1125 duplici
804 1080 993 1116 Festivitate
1006 1077 1076 1112 infi-

219 1146 292 1177 nem
306 1159 316 1175 ‚
342 1135 398 1169 sua
407 1133 574 1169 ordinaria
584 1157 595 1174 ‚
613 1132 648 1173 ὃς
659 1130 926 1166 extra-ordinaria
935 1126 1074 1172 adjunsti

190 1147 367 1223 lg³aschatis
381 1178 521 1227 L'argius
531 1181 598 1224 haec
609 1180 738 1215 ostendi
749 1180 790 1215 ad
801 1181 943 1215 Decreta
955 1179 984 1213 S.
993 1178 1076 1212 Leo-

188 1235 246 1269 nis
258 1234 349 1272 noni.
387 1233 444 1267 An
467 1231 640 1277 Judaizans
668 1230 909 1272 Hierosolymae
934 1227 1075 1262 Ecclesia·

190 1283 314 1319 Pascha
325 1294 367 1318 ex
377 1282 479 1327 Legis
488 1282 523 1315 ἀ
534 1277 710 1315 Dominici
719 1278 862 1322 exempli
867 1289 921 1318 ‚an
931 1289 972 1312 ex
983 1278 1076 1311 istius

189 1333 380 1375 traditionis
390 1331 581 1373 Praescripto
591 1327 695 1374 egerit
715 1351 727 1368 ,
751 1327 798 1361 est
809 1339 864 1361 mu
870 1328 920 1361 ltae
930 1327 1075 1371 quaestio-

172 1384 251 1420 siis.
279 1382 428 1416 Primum
438 1380 483 1414 est
498 1377 722 1414 verosimilius.
751 1377 812 1412 Illa
832 1377 975 1412 omnine>
987 1376 1074 1426 vide-

171 1434 173 1436 ’
187 1442 243 1469 tur
253 1431 472 1472 Dominicum
482 1428 669 1473 exemplum
686 1428 779 1467 fuiffe
790 1429 907 1462 secuta.
935 1428 979 1467 Ee·
992 1426 1071 1460 hinc

185 1483 294 1519 edixit
315 1481 435 1518 Canon
448 1505 459 1522 ,
484 1489 522 1514 ut
542 1480 576 1514 δε
596 1479 665 1512 aliae
690 1478 837 1512 Ecclefiae
854 1489 922 1515 non
935 1488 1009 1511 curn
1022 1476 1071 1519 Ju-

187 1533 266 1575 daeis
276 1557 287 1573 ,
308 1531 362 1573 sed
373 1542 449 1566 cum
459 1529 653 1564 circumcisis
662 1539 703 1562 ex
717 1527 884 1571 Judaissno
900 1526 1068 1571 Episcopis

186 1583 295 1627 ipssum
306 1580 512 1622 celebrarent.
525 1580 618 1621 Hinc
629 1579 729 1614 etiam
740 1578 797 1612 alii
807 1577 983 1615 Ecclesiam
991 1577 1070 1611 Hie-

184 1633 458 1676 rosolymitanam
468 1629 552 1671 rest&
562 1641 655 1675 agere
665 1654 675 1671 ,
684 1628 742 1665 alii
753 1628 946 1663 censuerunt
957 1637 1068 1665 errare.

186 1684 301 1730 Qam
313 1693 381 1717 rem
393 1682 552 1716 discutere
573 1692 611 1715 ac
629 1679 765 1714 definire
789 1678 907 1713 nolens
928 1702 939 1717 ,
963 1677 997 1711 δε
1010 1677 1070 1710 Ec-

186 1733 353 1770 clefiarum
376 1731 627 1766 consonantiam
647 1729 803 1764 omnibus
823 1728 917 1763 rebus
937 1737 1070 1770 antepo-

188 1793 273 1819 nens
284 1782 403 1817 Canon
415 1781 500 1814 dixit
512 1794 520 1813 ι
546 1779 790 1821 Eifierraverint
803 1803 814 1818 ‚
840 1778 920 1816 nihil
928 1778 1013 1813 vobis
1022 1788 1070 1810 cu-

185 1844 234 1868 Μ
237 1830 285 1874 fit.
313 1833 396 1879 Qiae
419 1830 548 1874 Regula
570 1830 732 1866 vafritiem
755 1831 848 1863 sonat
861 1853 871 1868 ,
897 1829 931 1862 ὅ(
942 1827 1069 1861 videtur

186 1882 298 1919 aliena
309 1880 371 1915 effe
381 1880 423 1914 ab
434 1879 626 1924 Apostolica
637 1879 805 1926 gravitate.
833 1877 889 1911 Est
897 1889 948 1911 ars
959 1877 1069 1910 nescio

184 1932 280 1975 cujus
292 1931 389 1965 astuti
401 1930 507 1963 Graeci
520 1953 530 1969 ‚
557 1939 613 1965 ant
624 1929 734 1973 potius
755 1927 956 1971 Judaizantis
967 1927 1070 1961 Naza-

184 1983 240 2019 raei
253 2007 264 2023 ‚
291 1980 407 2015 doloso
419 1979 482 2014 isto
502 1978 644 2013 Canone
664 1978 776 2015 conati
802 1988 939 2014 omnem
960 1976 1071 2013 Eccle-

184 2032 264 2068 fiam
276 2032 311 2065 in
325 2030 498 2075 Iudaicum
509 2039 636 2066 morem
646 2027 919 2062 circumscribere.
987 2028 995 2031 ”

237 2081 384 2129 Qiaestio
396 2080 491 2118 tertia
508 2079 555 2114 est
566 2104 577 2120 ,
603 2077 774 2123 quomodo
794 2077 933 2122 primam
954 2077 1070 2114 Pente-

181 2130 297 2167 costen
312 2155 322 2171 ‚
349 2131 384 2167 in
407 2141 470 2174 qua
491 2129 650 2173 Spiritum
672 2129 825 2165 Sanctum
851 2136 1046 2172 acceperunt
1057 2152 1068 2168 ‚

181 2180 339 2225 Apostoli
351 2180 578 2216 numerarint?
615 2178 816 2223 Respondeo
838 2178 930 2213 diem
951 2177 1069 2212 Pente-

180 2231 296 2267 costen
309 2241 388 2266 tunc
402 2230 496 2264 fuisse
506 2229 542 2263 in
554 2228 608 2264 die
619 2230 812 2264 Dominica.
839 2228 895 2262 Est
915 2228 1068 2263 constans

182 2292 223 2316 ac
244 2281 408 2316 unanimis
432 2279 600 2315 Sententia
620 2279 774 2314 omnium
800 2279 983 2313 sanstorum
1009 2277 1068 2312 Pa-

178 2341 280 2369 trum.
310 2332 353 2367 Et
375 2331 562 2367 Graecorum
582 2330 614 2363 &
638 2329 843 2366 Latinorum.
882 2328 1068 2364 Audiamus

169 2378 298 2426 'magni
318 2380 411 2423 Papaz
437 2381 561 2416 Leonis
589 2379 771 2423 Epistolam
798 2379 839 2413 ad
865 2379 1065 2415 Dioscorum

36 2436 167 2477 Epispu.
184 2429 394 2465 Alexandriae
404 2428 643 2466 patriarcham:
668 2430 751 2463 Dies
773 2430 955 2466 Dominica
968 2435 1065 2462 tantis

40 2486 106 2517 cap.
118 2490 145 2510 ιζ
178 2481 362 2515 divinarum
381 2478 641 2523 Dispensationum
664 2479 802 2521 mffleriis
824 2479 862 2520 est
875 2477 1063 2521 consecrata,

181 2539 219 2564 ut
231 2531 383 2574 quidquid
393 2528 431 2569 est
451 2531 471 2561 ἃ
493 2533 619 2562 Domino
643 2529 783 2573 insignius
804 2528 1006 2570 constitutum,
1032 2526 1084 2574 ini

179 2579 275 2622 hujus
287 2581 346 2612 diei
354 2577 546 2623 dignitatefit
552 2578 673 2622 gestum.
693 2583 730 2612 In
742 2578 798 2614 bac
807 2581 938 2612 mundus
942 2577 1064 2621 sumpsit

180 2631 349 2664 exordium.
377 2633 413 2661 In
426 2628 482 2661 bac
487 2637 545 2670 per
556 2626 808 2671 Resurreti'ionem
818 2629 930 2670 Christi
940 2631 974 2663 (τ
984 2641 1062 2662 mors

182 2685 340 2714 interitum
352 2703 362 2719 ‚
390 2680 504 2713 &vita
523 2684 634 2720 accepit
653 2685 780 2714 initium.
816 2683 854 2712 In
877 2680 933 2712 hac
944 2679 1063 2722 Apostoli

180 2732 204 2762 ir
226 2733 350 2762 Domino
365 2730 555 2770 praedicand‘i
575 2728 709 2761 omm'bus
731 2728 872 2773 gentibus
896 2732 1062 2774 Evangelii

181 2778 286 2813 tubam
302 2777 426 2821 sumunt
439 2803 449 2818 ‚
475 2780 510 2812 ὑ
528 2777 718 2820 inferendum
739 2777 878 2822 universo
888 2782 999 2813 mundo
1007 2783 1062 2813 Sa-

179 2838 365 2864 cramentum
389 2827 620 2871 Resurredlionis
650 2834 805 2871 accijiiunt.
842 2834 879 2862 In
904 2829 960 2863 hac
981 2831 1061 2863 deni-

179 2890 240 2921 que
260 2878 415 2923 promijsus
436 2879 455 2909 ἃ
479 2881 603 2910 Domino
623 2880 753 2920 spiritus
775 2879 901 2912 sanlius
921 2881 1056 2913 advenit.

181 2929 283 2963 Hanc
296 2927 341 2962 ob
351 2928 481 2961 causam
492 2928 609 2972 Latina
633 2927 775 2962 Ecclesia
795 2929 917 2973 semper
935 2931 1060 2964 censuit

180 2979 297 3013 Sacros
307 2977 454 3026 Ordines
463 3002 475 3018 ‚
499 2988 555 3022 per
564 2988 647 3020 quos
658 2978 860 3023 singulariter
880 2979 974 3013 datur
991 2981 1060 3024 Spi-

178 3028 262 3062 ritus
275 3028 410 3062 Sanstus
421 3051 430 3067 ‚
457 3038 524 3060 non
538 3026 597 3060 nisi
609 3027 643 3060 in
656 3028 836 3064 Dominica
844 3028 898 3062 die
906 3029 969 3063 effe
980 3042 1060 3064 con-

181 3077 341 3112 ferendos.
381 3077 424 3111 Et
446 3076 504 3110 ista
526 3075 733 3111 Pentecostes
753 3089 820 3112 erat
839 3089 918 3112 tunc
930 3089 998 3113 tam
1010 3081 1060 3123 Ju-

180 3125 278 3168 dacis,
304 3127 401 3171 quam
423 3125 594 3169 Apostolis
619 3150 629 3164 ‚
665 3125 928 3162 Christianorum
946 3129 1059 3163 Primi-

178 3176 236 3211 tiis
247 3201 259 3217 ,
271 3180 468 3212 communis.
497 3177 575 3210 Hoc
587 3175 694 3210 lucide
706 3178 842 3212 affirmat
856 3179 982 3212 sanstus
994 3180 1060 3214 Lu-

179 3226 280 3260 casin
294 3226 394 3262 Astis.
408 3226 537 3270 Nempe
548 3225 680 3269 Judaica
693 3226 900 3262 pentecostes
907 3238 975 3262 erat
988 3241 1057 3264 non

179 3275 323 3310 :secundo
335 3277 543 3320 Azymorum
557 3300 567 3316 ,
593 3276 699 3319 primo
711 3277 780 3319 post
792 3275 981 3312 Paschalem
1003 3280 1059 3314 Fe-

177 3324 356 3360 stivitatem
365 3326 420 3365 die
431 3326 640 3361 numeranda.
678 3325 744 3360 Isto
764 3336 873 3361 autem
894 3339 984 3362 anno
1006 3330 1059 3373 Ju-

179 3374 241 3409 daei
262 3374 307 3408 ob
324 3375 456 3411 relatam
476 3376 494 3413 ὲ
516 3376 639 3411 Carolo
649 3377 789 3421 Sigonio
802 3377 966 3421 Regulam
976 3379 1057 3413 cele-

180 3424 316 3458 brarunt
326 3423 447 3462 Pascha
459 3438 528 3461 non
540 3428 628 3461 sexta
639 3427 719 3460 feria
732 3451 742 3466 ,
768 3426 822 3461 sed
835 3426 1011 3469 sabbatho,
1023 3429 1056 3463 &

179 3473 227 3508 ita
249 3473 406 3511 secundus
427 3474 633 3519 Azymorum
656 3476 726 3511 dies
745 3487 811 3510 erat
834 3477 1032 3512 Dominicus
1045 3503 1055 3519 ‚

178 3522 328 3566 adeoque
340 3523 374 3557 ὅ(
386 3522 598 3559 pentecostes
604 3527 681 3560 feria
691 3525 803 3570 prima.
834 3527 876 3561 Et
889 3526 953 3561 hoc
964 3539 1056 3573 argu-

175 3573 602 3618 mentumirrefragabiliter
624 3576 731 3612 firmat
744 3600 755 3620 ,
779 3577 868 3622 quod
889 3577 955 3613 alio
966 3578 1056 3616 istius

281 3622 398 3668 Differt.
413 3625 536 3659 Prooem.
548 3627 626 3659 Tom.
637 3629 659 3659 1.

1134 178 1556 246 PR‘oOE'MlALis.
1916 213 2009 263 >¹1⁶3

1138 279 1217 319 anni
1239 278 1294 314 die
1313 277 1462 316 Christus
1472 278 1663 320 Dominus,
1687 273 1757 312 alio
1782 274 1881 319 Iudaei
1890 279 2015 316 Pascha

1137 330 1272 374 egerint.
1297 329 1432 369 Etenim
1443 330 1465 363 fi
1477 330 1510 364 δε
1522 330 1619 373 Judaei
1630 328 1737 373 ipsum
1747 328 1837 365 sexta
1848 329 1926 363 feria
1937 331 2016 375 egis-

1136 379 1207 413 sent
1219 402 1230 419 ,
1256 380 1399 423 ipsorum
1410 378 1620 415 pentecostes
1632 377 1702 414 non
1719 379 1756 413 in
1777 377 1994 418 Dominicam
2005 407 2018 422 ‚

1137 426 1236 463 sedin
1250 427 1451 470 Sabbathum
1462 429 1575 465 debuit
1587 429 1741 466 incidere.
1779 428 1823 462 Et
1845 427 1901 462 hic
1911 428 1957 463 est
1970 441 2017 463 er-

1136 489 1189 512 ror
1199 478 1422 537 intolerabigis.
1449 480 1587 519 Interim
1595 492 1637 515 ex
1650 479 1716 515 hoc
1728 479 1889 523 principio
1902 481 1936 514 &
1948 479 2018 514 Ro-

1136 540 1234 566 mana
1243 529 1277 570 ὅ(
1287 539 1397 563 omnis
1407 529 1528 567 Latina
1539 530 1681 565 Ecclefia
1693 540 1761 564 tam
1774 527 1899 564 Pascha
1916 531 2017 574 quam

1136 578 1352 618 Pentecosten
1362 580 1669 624 semper-celebravit
1691 580 1727 614 in
1748 579 1802 614 die
1824 580 2017 618 Dominica.

1136 628 1218 667 Dies
1229 653 1241 669 ,
1267 629 1486 673 quos—Divina
1497 629 1651 673 Maiestas
1662 630 1695 664 ὃς
1707 630 1755 664 sui
1775 629 1852 662 Filii
1874 631 2018 674 gloriosa.

1137 678 1385 715 Resurrestione
1392 704 1404 721 ‚
1420 680 1455 714 ὃς
1465 681 1607 725 gratiosa
1617 680 1725 719 Sanc‘ii
1738 680 1877 722 Spiritus
1890 681 2018 715 Miffio—

1137 741 1179 762 ne
1189 729 1371 770 exaltarat,
1397 731 1524 766 censuit
1545 729 1717 765 annuatim
1737 730 1837 773 usque
1858 729 1900 763 ad
1911 730 2020 765 saeculi

1137 778 1239 817 finem
1249 778 1312 814 elie
1323 778 1543 816 honorandos.
1581 779 1674 814 Hinc
1693 781 1776 814 item
1798 779 1887 812 vides
1901 779 2018 815 Pente-

1136 828 1248 863 costen
1259 830 1352 868 aliter
1363 830 1381 864 ὲ
1391 830 1489 870 nobis
1499 855 1509 871 ‚
1535 830 1629 865 aliter
1640 828 1824 874 computari
1846 829 1865 862 a
1888 828 2016 872 Judaels.

1136 878 1186 912 Hi
1197 878 1215 911 ὲ
1226 879 1371 919 secundo
1383 905 1394 924 ‚
1413 892 1475 917 nos
1485 890 1714 930 computamus
1723 880 1741 914 a
1754 879 1868 914 Primo
1879 876 2017 926 Pascha-

1135 926 1176 961 lis
1186 928 1390 965 Festivitatis.

1186 978 1331 1025 Qaestio
1342 990 1455 1027 quarta
1464 980 1511 1015 est
1522 1005 1533 1021 ‚
1557 981 1709 1026 quisnam
1718 981 1755 1016 iit
1766 980 1864 1022 Liber
1875 1005 1887 1020 ,
1917 989 2016 1025 quem

1136 1029 1263 1071 antiqui
1285 1029 1466 1074 Scriptores
1485 1030 1599 1074 passim
1620 1031 1785 1075 appellant
1807 1030 1944 1068 Librum
1957 1031 2018 1066 Pa-

1135 1075 1256 1115 storis?
1281 1078 1394 1123 Hujus
1406 1080 1593 1125 quaestionis
1612 1081 1795 1116 intellectus
1814 1081 1860 1115 est
1879 1081 2022 1116 necessa»

1135 1127 1200 1161 rius
1209 1126 1251 1161 ad
1261 1129 1437 1172 sequentia.
1465 1129 1664 1174 Respondeo
1675 1129 1772 1174 huJus
1789 1129 1883 1164 Libri
1894 1141 2018 1165 memo-

1134 1176 1216 1210 riam
1226 1178 1289 1212 esse
1298 1179 1503 1223 stequentem
1514 1180 1599 1223 apud
1610 1181 1639 1215 S.
1652 1180 1860 1215 Clementem
1870 1178 2018 1214 Alexan-

1133 1226 1276 1262 drinum.
1297 1227 1433 1264 Etenim
1446 1230 1513 1274 lpse
1522 1230 1632 1264 scribit
1645 1231 1679 1264 ln
1692 1231 1801 1274 primo
1811 1230 2015 1272 stromatum

1134 1276 1255 1312 Libro:
1284 1278 1386 1318 Pastor
1398 1303 1410 1320 ,
1436 1281 1564 1325 Angelus
1579 1283 1768 1314 Poenitentiae
1782 1305 1792 1320 ,
1804 1282 1877 1315 dicit
1885 1281 1931 1313 ad
1940 1283 2014 1314 Her-

1133 1336 1248 1360 metem.
1276 1328 1320 1362 Et
1333 1329 1416 1364 infra
1438 1343 1446 1363 ε
1467 1333 1589 1366 ,Divine‘
1611 1330 1697 1369 dixit
1717 1330 1849 1371 Potestas
1869 1333 1924 1365 illa
1944 1343 2013 1374 quae
2029 1339 2150 1377 F01,355

1135 1384 1256 1413 Hermae
1265 1379 1394 1421 loquitur
1404 1386 1436 1413 in
1446 1381 1634 1415 revelatione.
1671 1380 1716 1414 Et
1737 1382 1773 1415 in
1793 1382 1937 1424 secund-Q
1958 1381 2014 1415 Li-

1134 1425 1192 1461 bro
1205 1440 1211 1459 :
1237 1431 1319 1462 Dicit
1328 1441 1396 1472 quae
1420 1438 1542 1466 Hermae
1553 1437 1587 1464 in
1597 1429 1703 1472 visione
1712 1437 1858 1473 apparuit
1870 1429 2010 1469 Potestas.
2028 1436 2087 1466 Fol.
2091 1446 2104 1474 3
2111 1442 2152 1467 60

1134 1476 1177 1510 Et
1197 1477 1232 1511 in
1255 1479 1348 1512 sexto
1370 1479 1474 1514 Libro
1493 1492 1500 1512 z
1524 1484 1570 1513 An
1581 1491 1638 1513 non
1649 1492 1716 1522 quae
1727 1487 1848 1515 Hermae
1858 1492 1968 1523 quoque
1979 1487 2012 1513 in
2028 1490 2149 1527 Pol-679

1132 1525 1238 1568 visione
1267 1535 1411 1571 apparuit
1432 1529 1566 1571 Potestas
1587 1535 1620 1562 in
1642 1538 1705 1571 typo
1735 1529 1869 1572 Ecclistae
1890 1555 1901 1570 ‚
1926 1531 2012 1563 dedii

1132 1577 1259 1610 Librum
1278 1579 1432 1623 legendum
1453 1604 1465 1620 ‚
1501 1592 1587 1623 quem
1609 1581 1703 1613 voluit
1734 1587 1913 1613 annuntiari
1939 1581 2012 1613 Ele-

1131 1625 1187 1659 Ais
1201 1627 1218 1658 ἒ
1230 1627 1342 1665 Etiam
1354 1629 1583 1665 Tertullianus
1595 1629 1704 1664 scribit
1716 1630 1750 1663 in
1763 1630 1865 1664 Libro
1877 1631 1918 1664 de
1928 1634 2010 1667 Ora-

1131 1676 1224 1711 tione
1241 1690 1252 1711 :
1289 1684 1416 1713 Hermas
1429 1680 1495 1721 ille,
1521 1683 1606 1722 cujus
1616 1681 1770 1722 scriptura
1773 1680 1845 1723 ferr³
1855 1680 1955 1721 Pastor
1965 1687 2010 1714 in·
2024 1684 2153 1722 Capua}

1125 1724 1276 1769 scribitur.
1305 1729 1349 1763 Et
1361 1730 1517 1775 Origines
1537 1733 1574 1765 in
1596 1728 1803 1765 philocalia:
1833 1736 1893 1766 Hoc
1905 1743 1957 1764 nos
1976 1737 2009 1763 in

1132 1776 1243 1818 Libro,
1267 1781 1404 1824 vulgaris
1416 1781 1502 1823 apud
1507 1781 1621 1824 aliquos
1628 1775 1724 1823 pretii
1738 1804 1748 1820 ‚
1775 1787 1826 1824 qui
1848 1781 1948 1822 Pastor
1967 1787 2010 1814 in-
2026 1801 2130 1839 Cap-1-

1127 1826 1269 1869 J‘cribitur
1282 1853 1292 1868 ,
1302 1830 1383 1871 quod
1390 1831 1496 1864 datum
1507 1831 1572 1875 effer
1585 1834 1706 1866 Hermae
1718 1837 1875 1875 negotium,
1888 1841 1922 1864 ut
1934 1833 2009 1864 duos

1132 1876 1239 1910 Libros
1246 1875 1388 1921 scriberet
1398 1905 1413 1922 5
1435 1880 1554 1924 ipseque
1569 1880 1667 1923 pellea
1689 1882 1857 1916 Senioribus
1875 1880 2010 1922 Eccle'stae

1131 1934 1327 1964 annuntiaret
1338 1954 1349 1970 ,
1374 1942 1441 1973 quae
1451 1933 1472 1963 ἃ
1482 1933 1597 1973 Spiritu
1607 1932 1753 1965 didicerat
1761 1956 1771 1972 ,
1798 1933 1835 1965 de
1846 1931 1920 1972 eofic
1929 1932 1960 1963 di
1982 1943 2009 1974 ef

1130 1983 1234 2010 rimus.
1262 1979 1306 2013 Et
1317 1979 1450 2014 adducit
1464 1980 1531 2015 haec
1543 1980 1635 2017 Libri
1649 1981 1773 2021 Verba:
1804 1981 1921 2017 scribes
1933 1982 2010 2015 duos·

1131 2027 1237 2061 Libros
1249 2052 1260 2068 ‚
1285 2030 1320 2063 <tr
1337 2031 1441 2063 trades
1464 2043 1555 2063 unum
1577 2033 1745 2070 Clementi,
1772 2033 1807 2065 ὑ
1822 2043 1915 2065 unum
1933 2036 2010 2065 Gra-

1125 2085 1200 2119 ptae.
1227 2081 1274 2111 Et
1286 2081 1408 2121 Grapta
1419 2082 1540 2123 quidem
1560 2079 1690 2120 instituet
1713 2082 1829 2114 Viduas
1848 2084 1882 2115 <5
1893 2081 2011 2124 Orpha-

1130 2139 1182 2160 nos
1194 2152 1206 2168 ,
1234 2129 1486 2163 Clemensautem
1496 2137 1595 2165 mittet
1615 2132 1660 2163 ad
1674 2140 1819 2164 externas
1844 2137 2008 2166 civitates.

1129 2180 1174 2211 Tu
1185 2181 1257 2212 vero
1266 2180 1456 2213 renuntiabis
1468 2181 1634 2214 Senioribus
1646 2180 1788 2222 Ecclesiae.
1827 2181 1872 2215 Et
1895 2182 1929 2215 in
1948 2183 2012 2216 Ec-

1129 2228 1304 2264 clefiastica
1315 2230 1466 2264 Historia
1488 2231 1647 2265 Eusebius
1666 2231 1900 2266 Oaesaraeenfis:
1927 2234 2011 2276 ‚Quo-

1128 2285 1211 2312 niam
1222 2280 1368 2322 Apostolus
1382 2286 1414 2312 in
1424 2281 1660 2314 salutationibus
1671 2306 1681 2322 ‚
1692 2293 1769 2324 quas
1779 2291 1923 2315 extrema·
1933 2286 2009 2323 Epi-

1121 2328 1204 2369 stolae
1226 2332 1270 2363 ad
1290 2334 1437 2364 Romanos
1454 2330 1628 2374 perscripta
1649 2338 1763 2365 attexit
1782 2356 1792 2373 ,
1831 2338 1910 2365 inter
1931 2333 2006 2366 alios

1127 2386 1219 2413 etiam
1232 2387 1354 2415 Hermae
1363 2379 1518 2424 cujusdam
1539 2381 1557 2427 (⁴
1566 2383 1651 2422 cujus
1663 2385 1747 2423 Opus
1758 2384 1810 2424 effe
1814 2381 1924 2423 ferunt
1935 2406 1945 2422 ‚
1955 2389 2008 2425 qui

1130 2430 1258 2471 Pastoris
1270 2430 1402 2463 Libellus
1423 2431 1614 2475 inscribitur)
1641 2439 1817 2464 mentionem
1832 2431 1934 2473 facit,
1960 2438 2007 2465 in-

1127 2481 1188 2513 telli
1185 2481 1317 2526 gendum
1328 2479 1365 2520 est
1374 2504 1385 2520 ,
1410 2480 1493 2521 istum
1507 2506 1516 2520 ,
1543 2480 1661 2522 tametsi
1666 2488 1699 2514 in
1709 2481 1894 2524 quaestionem
1904 2484 1925 2514 ἆ
1934 2493 2007 2515 non-

1126 2532 1217 2563 nullis
1229 2539 1374 2571 vocatur,
1399 2543 1436 2566 ac
1442 2539 1603 2574 propterea
1623 2533 1787 2573 Scripturis
1809 2537 1938 2565 omnium
1957 2531 2005 2575 asss

1120 2578 1209 2628 firnsu
1229 2580 1405 2623 approbatis
1429 2605 1440 2621 ,
1467 2582 1545 2614 nullo
1565 2582 1648 2614 modo
1664 2583 1908 2625 annumerandus
1924 2583 2004 2614 duct·-

1124 2639 1175 2663 tur
1188 2654 1198 2670 ,
1223 2631 1262 2663 ab
1272 2632 1340 2663 aliis
1352 2632 1710 2674 tamenper-neceffarium
1735 2656 1746 2672 ‚
1771 2638 1814 2665 eis
1831 2630 2002 2674 praesertim

1124 2686 1175 2722 qui
1179 2679 1249 2721 (iam
1257 2686 1369 2722 primis
1380 2682 1471 2715 Fidei
1480 2683 1633 2716 elementis
1644 2673 1876 2724 imbuendifimt
1888 2705 1899 2720 ‚
1924 2682 2001 2713 indi-
2041 2714 2048 2720 ,

1123 2739 1223 2764 catum
1233 2731 1296 2774 esse.
1322 2731 1366 2764 Et
1394 2732 1475 2766 infra
1501 2731 1629 2766 scribit:
1657 2732 1791 2778 Sanetus
1799 2732 1935 2764 lrenaeus
1950 2735 2002 2763 Li-
2019 2716 2039 2744 L
2053 2714 2071 2744 b
2090 2725 2116 2785 Ξ

1122 2780 1290 2814 brumitem
1303 2781 1431 2821 Pastoris
1453 2793 1511 2814 non
1532 2782 1616 2814 modo
1637 2782 1756 2826 legendo
1766 2786 1920 2824 cognovit,
1943 2779 2003 2823 scd
2108 2777 2117 2785 ⁷

1121 2837 1213 2866 etiam
1232 2831 1443 2873 approbatione
1453 2831 1652 2873 confirmavit.
1680 2832 1850 2870 Praeclare,
1876 2836 1974 2872 inquit
1986 2855 1998 2873 ,

1120 2882 1250 2922 loquitur
1272 2880 1363 2914 Liber
1401 2884 1413 2919 (
1433 2882 1497 2914 cum
1515 2881 1640 2914 Librum
1662 2880 1791 2920 Pastoris
1813 2881 1999 2924 intelligit,)

1120 2936 1172 2972 qui
1192 2929 1232 2971 fic
1253 2931 1381 2972 loquitur
1402 2943 1409 2963 :
1450 2932 1584 2963 Primum
1613 2937 1741 2963 omnium
1772 2931 1881 2963 credito
1906 2942 1998 2963 unum

1122 2984 1217 3013 Deum
1229 2981 1280 3022 effe
1291 3006 1301 3020 ,
1326 2987 1379 3022 qui
1391 2987 1489 3013 omnia
1507 2981 1638 3013 condidit
1661 3004 1671 3019 ‚
1698 2986 1796 3012 omma
1814 2990 1997 3024 coagmenta-

1119 3036 1186 3063 vit:
1215 3033 1260 3062 Et
1279 3041 1347 3072 quae
1351 3029 1526 3078 sequuntur.
1554 3030 1766 3063 Centuriatos
1776 3029 1999 3075 Magdenbur-

1118 3080 1231 3124 genses
1241 3104 1252 3120 ,
1278 3079 1450 3114 scribentes
1462 3079 1518 3113 ista
1531 3080 1698 3113 Hermetis
1709 3079 1819 3115 Verba
1833 3092 1901 3114 non
1911 3091 1998 3124 repe·

1119 3130 1174 3163 riri
1185 3128 1286 3163 hodie
1296 3129 1382 3173 apud
1394 3130 1538 3163 faustum
1549 3128 1704 3163 Irenaeum
1714 3155 1724 3171 ‚
1751 3130 1919 3175 insigniter
1931 3129 1997 3164 hal·

1119 3180 1314 3214 lucinantur.
1349 3179 1543 3213 Hodiernus
1562 3179 1592 3212 S.
1616 3179 1726 3214 Irenaei
1746 3190 1855 3214 textus
1873 3181 1918 3215 ita
1940 3179 1998 3215 ha>
2035 3216 2040 3222 ,

1118 3229 1190 3264 bet:
1219 3231 1303 3261 Bene
1315 3232 1381 3272 ergo
1394 3231 1547 3271 Scriptura
1559 3230 1633 3264 dicit
1645 3254 1655 3270 ‚
1678 3233 1778 3272 primo
1793 3236 1923 3263 omnium
1934 3242 1993 3264 cre-
2011 3216 2072 3287 [ἐὴ
2095 3230 2124 3253 4“

1117 3282 1155 3313 de
1166 3303 1176 3318 ‚
1202 3285 1340 3320 quoniam
1361 3290 1438 3311 unus
1458 3278 1496 3319 est
1507 3282 1588 3313 Deus
1600 3304 1610 3321 ‚
1636 3286 1688 3322 qui
1699 3286 1799 3313 omnia
1809 3280 1968 3319 Constituit
1979 3305 1993 3321 ,
2009 3266 2025 3289 c
2046 3266 2128 3296 P'37‘

1117 3333 1152 3364 (w
1170 3326 1384 3371 consummavit
1395 3352 1406 3368 ‚
1432 3329 1466 3362 (9
1479 3328 1557 3370 feeit
1575 3341 1614 3362 ex
1633 3341 1666 3364 eo
1685 3331 1766 3373 quod
1775 3342 1831 3364 non
1843 3340 1909 3364 erat
1921 3355 1931 3371 ,
1956 3339 1992 3363 ut

1116 3380 1204 3424 essent
1234 3384 1331 3410 omnia
1361 3402 1371 3417 ,
1407 3385 1535 3411 omnium
1563 3388 1661 3421 capax
1685 3404 1695 3420 ,
1737 3387 1790 3423 qui
1819 3383 1839 3413 ἃ
1876 3386 1992 3413 nemine

1115 3435 1258 3471 capiatur.
1287 3427 1440 3469 Titulus,
1468 3431 1623 3470 Scriptura
1637 3438 1649 3469 ‚'
1673 3431 1800 3464 fortiter
1811 3430 1922 3463 suadet
1936 3430 1992 3463 Li-

1117 3480 1210 3513 brum
1221 3488 1300 3511 tunc
1313 3478 1406 3512 fuisse
1419 3479 1608 3522 Antiquum
1619 3480 1651 3513 ὅ(
1673 3479 1882 3514 Canonicum
1896 3503 1907 3517 ‚
1934 3487 1992 3510 aut

1116 3529 1190 3562 sane
1210 3529 1387 3562 eminentis
1405 3539 1443 3562 ac
1474 3530 1602 3563 eximiae
1633 3529 1827 3563 athoritatis.
1866 3526 1991 3560 Eadem

1116 3579 1205 3615 istius
1216 3578 1308 3614 Libri
1317 3578 1412 3614 verba
1423 3578 1558 3615 adducit
1571 3580 1605 3612 in
1626 3580 1785 3613 ‘rrauatu
1796 3578 1838 3612 de
1850 3577 1993 3662 Nicaenf

1562 3629 1596 3663 X
1646 3639 1668 3666 2
1867 3627 1957 3672 Syno
1983 3627 1995 3663 i

2028 2261 2086 2292 ΠΙ).
2112 2269 2143 2299 54

2025 2312 2087 2340 (κη’.
2096 2312 2125 2339 3.

2041 2724 2049 2743 l
2072 2737 2078 2743 .

2016 2763 2080 2794 cap.

2030 1260 2089 1292 Fol.
2091 1269 2107 1298 3
2115 1271 2126 1292 r
2134 1267 2154 1293 ιτ
2195 1287 2199 1292 .,
