2346 3776
149 463 260 499 rraefat.

142 1914 250 1956 epum
262 1918 304 1947 18.

147 2030 264 2070 Epistss.

142 2076 179 2103 (L.
197 2077 243 2103 60-

145 2303 230 2342 Epist.
239 2313 265 2341 3.

143 2355 170 2377 c.
193 2355 219 2378 7.

143 2383 227 2426 Epist.
239 2394 284 2420 47..

305 2498 365 2532 ‘ab
377 2498 437 2531 illo
448 2497 604 2542 addustus
614 2497 733 2531 Canon
746 2496 792 2530 est
804 2494 975 2529 manifeste
985 2495 1093 2527 sextus
1106 2491 1211 2526 Nicae-

149 3114 212 3145 Lr.
227 3109 311 3151 Epist.

154 3162 199 3189 ¹9·

313 688 487 737 hAEgyptii
517 689 690 733 Episcopi,
717 691 961 724 declericorum
987 690 1139 724 coellbatu
1166 689 1211 723 di-

397 153 495 200 280

327 238 485 283 pendium
505 264 515 280 ,
526 239 667 286 grande,
694 241 778 284 quasi
790 239 942 280 mare,de
956 240 1096 273 Nicaenae
1106 240 1212 282 Syno-

327 289 364 322 di
375 290 449 323 actis
463 291 618 325 volumen
631 316 641 330 ‚
667 291 684 324 ὲ
698 291 871 324 Dalmatio
880 289 1097 332 Metropolita
1116 289 1210 332 Cyzi-

327 350 411 373 ceno
424 340 506 375 olim
517 342 740 383 conscriptum
752 364 762 379 ,
788 340 966 375 continens
985 339 1123 384 grandes
1134 340 1210 373 San-

326 392 452 423 &orum
475 391 714 434 Episcoporum
738 400 852 424 contra
880 390 999 425 Arium
1022 389 1210 432 disputatio-

328 451 407 480 nes,
434 441 467 474 &
490 452 603 472 omnem
624 442 740 472 omnin&
761 440 970 474 tracqationem
992 441 1051 474 illic
1072 439 1209 473 habitam

327 491 364 523 de
379 489 539 531 Apostolicis
550 488 683 529 Ecclefi'ae
693 489 946 530 constitutionibus
958 517 966 524 .
993 489 1131 537 Discuffi
1145 491 1176 523 fu
1182 501 1206 523 e·

324 552 359 573 re
373 550 487 573 omnes
502 538 689 582 Apostolici
705 565 715 580 ,
740 551 856 574 omnes
868 541 1044 574 anteriores
1063 540 1210 574 Ecclefiae

325 589 479 622 Canones
505 613 515 629 ,
542 588 630 622 varie
655 590 696 623 de
718 590 782 623 illis
807 591 961 624 ditiuma
983 591 1099 629 variis,
1126 590 1208 625 acin

323 639 480 681 scriptum
493 638 611 673 redasti
631 640 691 673 soli
705 640 845 684 viginti.
874 641 980 674 Sanffl
1006 639 1210 682 paphnutii,

324 740 544 782 sputarionem
557 750 739 773 memorant
751 741 851 774 etiam
864 741 1011 773 Socrates
1022 763 1032 779 ,
1058 752 1096 773 ac
1107 739 1212 774 Zozo-

324 800 460 823 menus.
488 789 577 823 Istud
597 791 693 824 credo
719 792 781 824 esse
808 789 963 823 volumen
979 813 990 829 ,
1016 789 1106 832 quod
1133 799 1211 834 qua-

323 849 400 873 tuor
428 839 603 885 Evangelii
641 840 744 884 majus
770 839 853 873 vidit
863 863 874 881 ,
898 851 936 874 ac
963 840 1043 886 legit
1071 838 1211 875 Isidorus

323 889 509 924 Mercator.

374 940 469 972 Hinc
481 938 624 982 objectus
639 939 734 973 nobis
760 940 894 975 Sanstus
908 939 1101 975 Ambrosius
1109 951 1208 984 expo-

322 988 543 1031 nitseipsum.
572 990 666 1023 Dicit
682 1014 691 1028 ‚
719 1003 788 1025 non
814 991 978 1031 canone,
1004 991 1056 1026 sed
1069 991 1207 1025 Nicaeno

320 1037 458 1071 Parrum
471 1040 603 1072 traditatu
617 1039 793 1074 stabilitam
807 1040 1016 1086 bigamorum
1030 1040 1209 1085 irregulari·

321 1098 422 1127 tatem
437 1113 448 1129 ,
475 1090 589 1133 utique
602 1090 737 1124 Parrum
759 1092 998 1134 disputantium
1009 1091 1050 1125 de
1075 1091 1208 1125 clerico·

323 1150 396 1172 rum
410 1139 562 1173 coelibatu
575 1165 585 1181 ‚
613 1140 669 1174 ubi
683 1153 749 1174 non
763 1142 889 1176 misceri
902 1154 970 1176 non
998 1142 1107 1185 potuit
1119 1152 1209 1176 men·

321 1189 588 1234 tiobigamorum
603 1215 610 1223 .
641 1191 765 1225 Similis
786 1191 964 1236 disputatio
989 1192 1073 1225 libro
1094 1190 1206 1235 Judith

320 1241 375 1273 usa
387 1239 432 1273 est
453 1244 622 1283 tamquam
647 1241 846 1283 canonico,
874 1253 911 1275 ac
923 1241 1033 1275 deilla
1059 1241 1207 1284 loquitur

320 1290 455 1323 Sanetus
470 1291 700 1334 Hieronymus
713 1305 723 1325 .-
750 1292 902 1325 Conatur
912 1292 1034 1325 librum
1048 1290 1136 1325 hunc
1148 1291 1206 1325 sta-

320 1339 415 1373 bilire
437 1352 478 1374 ex
501 1341 638 1375 Nicaena
651 1341 810 1384 synodo,
837 1336 1010 1386 quomodo
1024 1353 1085 1377 nos
1107 1340 1207 1375 hodie

320 1389 505 1433 Epistolam
532 1392 573 1425 ad
601 1391 780 1432 Hebraeos,
808 1393 891 1426 olim
919 1393 1020 1426 etiam
1048 1390 1206 1430 dubiam,

319 1441 501 1476 stabilimus
524 1454 565 1476 ex
588 1441 727 1484 Synodo
753 1441 912 1485 Ephesina
935 1466 946 1482 ,
975 1443 1011 1475 in
1032 1442 1206 1475 canonem

318 1493 532 1536 recipientem
546 1491 724 1527 duodecim
736 1493 861 1525 famosa
878 1492 987 1525 Sancti
999 1491 1119 1534 Cyrilli
1132 1491 1209 1525 Ale·

319 1544 477 1579 xandvini
499 1542 653 1586 Episcopi
681 1551 794 1576 contra
821 1541 1011 1575 Nestorium
1038 1541 1207 1574 Haeresiar-

319 1593 416 1628 eham
440 1594 582 1638 capitula
594 1617 605 1634 ,
631 1603 773 1636 quorum
801 1590 967 1625 decimum
980 1603 1020 1624 ex
1033 1591 1116 1624 dista
1133 1590 1209 1633 Epi-

318 1645 425 1685 stola,
452 1653 622 1687 tamquam
649 1641 837 1675 authentica
865 1642 1053 1683 Scriptura,
1078 1639 1207 1673 assumit

318 1695 535 1729 testimonum
547 1719 554 1727 .
584 1690 688 1739 Quid
701 1702 842 1735 namque
857 1690 993 1724 Nicaena
1006 1689 1160 1733 Synodus
1172 1690 1209 1722 li-

319 1745 415 1780 brum
430 1744 544 1788 Iudith
569 1745 603 1778 in
617 1743 793 1777 Canonem
814 1752 881 1774 non
893 1741 1048 1783 receperit
1061 1762 1071 1779 ‚
1099 1750 1158 1773 nec
1168 1738 1208 1774 de

321 1796 393 1840 ipso
407 1796 582 1830 Canonem
595 1792 782 1827 condiderit
795 1816 804 1831 ‚
831 1792 1002 1834 profitetur
1014 1790 1079 1833 ipse
1090 1789 1208 1823 Hiero-

322 1856 445 1889 nymus
466 1847 499 1879 in
526 1843 670 1888 Epistola
689 1842 729 1876 ad
742 1841 975 1876 Chromatium
1002 1839 1207 1873 &Heliodo-

323 1908 394 1930 rum
421 1896 620 1938 Episcopos:
642 1891 765 1937 Juditb
785 1890 895 1924 librum
918 1891 988 1934 legit
1011 1890 1131 1932 quidem
1153 1892 1209 1922 Ec-

325 1945 406 1988 rlefia
422 1972 432 1987 ,
453 1944 513 1988 sed
533 1951 612 1978 inter
633 1946 802 1974 Canonicas
830 1943 1003 1982 Scripturas
1014 1950 1073 1972 non
1083 1945 1207 1980 recipit.

323 1997 367 2031 Et
382 1997 414 2029 In
430 1995 579 2038 Epistola
593 1993 634 2028 ad
646 1993 781 2025 Furiam
798 2003 805 2023 :
833 1995 973 2035 Legimus
984 1988 1165 2034 inJudt'tb,
1185 1987 1215 2030 fi

325 2057 428 2081 tamen
434 2047 534 2090 placet
556 2046 694 2079 volumen
715 2047 861 2083 reaper-e.
894 2039 1000 2074 Etiam
1021 2038 1208 2073 Laodicena

326 2096 481 2140 synodus
495 2107 563 2129 non
575 2095 716 2138 recepit3
745 2092 867 2135 primus
878 2091 998 2133 recepit
1011 2113 1022 2129 ‚
1033 2091 1209 2123 sacrorum-

325 2158 392 2191 que
417 2146 577 2180 librorum
605 2156 664 2189 pro
687 2142 833 2175 universa
856 2140 996 2174 Ecclesia
1034 2139 1209 2173 Canonem

324 2196 479 2231 condidit
500 2195 716 2230 Innocentius
729 2191 888 2224 Pontifex
900 2189 934 2224 in
946 2190 1065 2224 litteris
1085 2188 1124 2223 ad
1136 2190 1211 2223 San-

324 2249 414 2280 stum
461 2246 663 2289 Exuperium
712 2241 913 2285 Episcopum
967 2239 1208 2273 Tholosatem.

326 2297 443 2333 Alium
461 2320 472 2337 ,
497 2296 583 2339 quasi
594 2295 611 2329 a
625 2295 761 2330 Nicaena
775 2290 913 2334 Synodo
926 2289 1098 2325 conditum
1109 2313 1120 2328 ,
1146 2288 1196 2322 Ca

326 2358 451 2382 nonem
470 2346 637 2391 ignoravit
660 2342 826 2381 Nicolaus
838 2340 961 2389 primus
982 2338 1147 2375 inlitteris
1169 2338 1208 2373 ad

325 2395 509 2442 Episcopos
520 2397 715 2432 Gallicanos
725 2420 732 2428 .

376 2442 485 2483 Sanffl
498 2447 608 2482 Isidori
618 2455 812 2492 argumenta
830 2446 904 2478 sunt
923 2440 1031 2478 facilia
1043 2467 1050 2475 .
1078 2440 1209 2477 Primus

323 2559 387 2582 nus
404 2546 422 2581 ὲ
434 2546 552 2580 nostris
563 2546 681 2590 viginti
695 2557 708 2587 ;
735 2546 849 2579 tertius
863 2556 930 2578 non
946 2545 990 2577 est
1005 2543 1124 2577 Canon
1138 2567 1148 2582 ,
1176 2541 1208 2574 id

323 2597 372 2631 est
388 2621 398 2637 ,
424 2598 473 2631 lex
512 2595 712 2638 Ecclefialllcae
733 2594 1000 2634 administrationis
1022 2617 1032 2632 ,
1057 2591 1110 2626 sed
1133 2591 1209 2625 fidei

327 2647 517 2691 proximum
531 2645 691 2689 synodale
700 2644 867 2678 decretum
880 2667 892 2683 ‚
917 2644 965 2676 uti
978 2642 1080 2684 liquet
1090 2653 1131 2674 ex
1145 2641 1210 2674 Eu-

319 2697 417 2732 sebio
432 2698 465 2730 in
484 2697 552 2730 vita
566 2694 801 2735 Constantini,
826 2694 862 2728 ὅ(
872 2704 911 2726 ex
925 2691 1075 2734 synodali
1085 2689 1210 2734 Episto-

326 2746 410 2781 laad
425 2746 601 2781 Ecclesiam
615 2744 897 2785 Alexandrinam3
925 2740 1086 2775 secundus
1097 2764 1107 2779 ,
1121 2740 1209 2780 quod

323 2795 410 2831 *reste
422 2798 623 2831 Hincmarus
634 2795 785 2835 advertit,
796 2794 842 2829 est
852 2802 984 2837 quartus
996 2790 1191 2825 Sardicensss
1200 2814 1210 2829 ‚

326 2858 424 2891 quem
449 2849 584 2882 Sanctus
595 2846 831 2884 Innocentius,
857 2853 949 2877 more
975 2842 1097 2884 semper
1119 2839 1211 2873 usita-

322 2907 386 2937 to,
414 2907 510 2932 vocat
539 2896 715 2931 Nicaenum
729 2923 736 2929 .
766 2894 851 2929 Eum
865 2893 968 2936 ipsum
980 2901 1015 2925 ut
1037 2890 1210 2924 Nicaenum

323 2948 463 2991 protulit
477 2948 610 2981 Sanctus
634 2947 704 2980 Leo
716 2955 857 2989 magnus
879 2941 1074 2976 Theodosio
1095 2939 1209 2984 Augu-

325 2997 377 3031 sto
390 3021 400 3037 ,
427 3001 475 3031 uti
488 3008 574 3040 patet
586 3008 626 3030 ex
636 2996 707 3040 ejus
716 2994 863 3039 Epistola
879 3018 888 3034 ‚
898 2993 1015 3026 inserta
1027 2991 1061 3024 in
1072 2990 1209 3034 primam

328 3057 449 3090 partem
472 3046 598 3090 Synodi
613 3044 906 3083 Chalcedonensis,
933 3040 1019 3085 apud
1029 3040 1209 3075 editionem

331 3095 530 3130 Vaticanam
541 3096 743 3141 generalium
767 3095 1017 3130 Conciliorum.
1047 3089 1209 3124 Eumdem

328 3145 503 3180 Nicaenum
514 3156 610 3180 vocat
621 3146 783 3180 Nicolaus
806 3143 973 3189 primusin
1000 3140 1145 3183 Epistola
1170 3139 1210 3173 ad

329 3194 510 3238 Episcopos
533 3196 726 3230 Gallicanos
748 3222 754 3229 .
787 3195 813 3229 A
843 3191 1038 3228 Theodosio
1067 3191 1211 3224 Alexan-

329 3245 407 3279 driae
418 3244 572 3278 Diacono
585 3245 743 3280 addustus
757 3245 857 3279 etiarn
877 3243 923 3278 est
937 3241 1132 3277 Sardicenfis
1142 3264 1153 3280 2
1166 3248 1198 3273 at

331 3304 440 3329 tamen
456 3304 522 3326 non
535 3294 651 3327 Canon
667 3320 676 3334 ,
704 3296 756 3328 sed
770 3293 947 3338 principale
970 3291 1095 3335 Synodi
1109 3287 1212 3324 decre·

332 3353 403 3378 turn
428 3366 438 3381 ‚
465 3341 623 3375 damnans
646 3343 836 3377 Eusebianae
863 3342 1013 3377 factionis
1030 3340 1210 3374 inauditam

333 3393 399 3427 huc
411 3393 510 3435 usque
522 3391 720 3433 impietatem
732 3404 768 3426 ac
782 3394 908 3426 facinus
920 3417 931 3432 ,
950 3392 1073 3425 ausaein
1087 3390 1210 3433 Julium

332 3441 530 3477 Pontificem
557 3452 686 3474 vomere
712 3442 1088 3475 excommunicationem
1111 3465 1118 3472 .
1147 3440 1211 3472 Eo-

330 3492 411 3527 dem
422 3491 552 3525 decreto
563 3514 574 3531 ‚
599 3490 647 3524 uti
661 3490 763 3531 liquet
774 3502 813 3523 ex
825 3491 918 3524 tertia
948 3490 1094 3533 Epistola
1115 3491 1213 3532 syno-

332 3542 400 3578 dali
410 3565 421 3584 ,
446 3540 599 3576 damnata
611 3541 685 3575 sunt
697 3539 839 3584 ejusdem
851 3540 1001 3574 factionis
1014 3540 1210 3578 conflatacum

740 168 746 180 ,
799 143 1105 204 CANONES
1140 142 1439 208 ''Coummr
1470 152 1726 210 Niciam

1273 243 1564 276 interminationibus
1566 243 1689 285 foedera
1699 267 1710 284 ‚
1729 242 1771 280 de
1782 241 1902 288 quibus
1908 241 2063 289 Synodus
2069 241 2150 289 Nar:

1274 290 1422 326 bonensis
1434 317 1441 324 .
1469 292 1703 329 Nihilominus
1711 293 1792 329 reue
1803 295 1960 331 Auxilius
1970 322 1982 338 ,
2006 297 2042 333 in
2053 310 2151 344 opere

1271 339 1311 373 de
1332 341 1596 377 ordinationibus
1620 344 1763 379 Formofi
1776 345 1891 390 Papae,
1917 348 2153 393 &marginalis

1271 390 1311 423 ad
1330 391 1531 436 trigesimum
1559 403 1710 437 quartum
1737 395 1911 431 Canonem
1948 398 2153 436 Trullanum

1271 442 1443 476 annotatio
1461 467 1473 483 ,
1499 444 1636 487 primam
1657 444 1924 487 conjurationum
1955 450 2153 485 canonicam

1272 489 1519 527 damnationem
1530 493 1717 528 adscribunt
1728 495 1885 531 Concilio
1899 496 2153 535 Chalcedonen-

1271 540 1294 573 fi
1309 567 1317 575 .
1343 541 1426 589 Qo
1437 543 1535 577 etiam
1543 544 1710 587 respexisse
1721 544 1861 580 creditur
1870 546 2018 593 vigilius
2036 549 2152 585 Ponti-

1273 591 1325 624 fex
1336 612 1347 631 ,
1373 593 1406 625 in
1418 592 1631 628 damnatione
1644 594 1872 630 Diaconorum
1880 598 2011 633 suorum
2021 599 2150 634 Rustici

1271 641 1303 674 &
1333 640 1511 677 Sebastiani
1534 668 1546 684 ,
1571 644 1708 678 laudans
1735 644 1908 680 Canonem
1936 672 1947 688 ,
1980 659 2151 694 tamquam

1271 691 1427 727 omnibus
1438 704 1555 728 notum
1567 718 1578 735 ,
1591 691 1654 740 ‘qui
1665 694 1792 729 clericis
1803 719 1814 735 ,
1836 696 2012 741 ignorante
2019 699 2151 744 Episco-

1273 753 1314 784 po
1329 766 1338 781 ,
1363 742 1527 778 interdicit
1537 744 1780 787 conjurationes
1792 770 1799 777 .
1821 746 1886 779 Eas
1901 748 1992 782 enim
2017 750 2150 793 proprio

1272 791 1411 827 Canone
1432 793 1536 836 prima
1558 795 1704 829 insecuta
1726 794 1772 828 cst
1798 796 1952 839 Synodus
1963 796 2148 833 Chalcedo-

1273 842 1374 876 nensis
1397 868 1404 875 .
1433 843 1571 878 Easdem
1593 868 1602 885 ‚
1625 846 1705 879 teste
1727 845 1920 880 Zozorneno
1941 872 1952 888 ‚
1978 847 2149 883 damnavit

1270 892 1367 926 etiam
1378 893 1586 928 Seleuciensis
1597 907 1604 927 :
1617 895 1752 929 Nullius
1761 897 1979 939 auctoritatis,
1990 899 2150 942 quoniam

1272 941 1396 976 Ariana
1408 967 1415 975 .

1319 992 1422 1036 Julius
1434 992 1593 1028 Pontifex
1616 1006 1673 1038 pro
1686 994 2151 1042 Romanis-Appellationibus

1274 1042 1399 1076 nullum
1420 1043 1595 1078 Canonem
1609 1068 1620 1085 ,
1646 1045 1704 1080 sed
1725 1046 1894 1091 antiquam
1906 1048 2053 1083 Ecclefiae
2073 1060 2151 1083 con-

1272 1093 1475 1127 suetudinem
1502 1094 1583 1127 citat
1592 1118 1603 1135 ,
1618 1095 1688 1138 ipso
1696 1106 1794 1139 opere
1803 1096 1972 1140 probatam
1982 1098 1999 1131 a
2011 1099 2152 1133 Nicaena.

1271 1142 1408 1185 Synodo
1431 1168 1443 1183 ‚
1482 1144 1689 1187 permittente
1715 1144 1898 1180 Alexandri
1925 1147 2148 1186 Alexandrini

1273 1192 1422 1237 Episcopi
1434 1193 1471 1227 in
1483 1194 1602 1228 Arium
1615 1218 1626 1234 ‚
1651 1195 1687 1228 ἀ
1706 1195 1885 1239 complices
1894 1196 2151 1233 patriarchalem

1270 1243 1469 1285 Synodalem
1481 1245 1674 1278 sententiam
1695 1257 1806 1279 coram
1823 1245 1958 1291 Legatis
1981 1240 2151 1291 ApostoB-

1271 1294 1316 1326 cis
1331 1294 1489 1327 retrassari
1505 1319 1512 1326 .
1540 1294 1642 1328 Hanc
1661 1296 1933 1331 consuetudinem
1945 1297 2059 1331 dicens
2076 1297 2152 1332 scri·

2171 328 2231 358 L.2.
2251 335 2294 358 c.1
2304 336 2327 357 ι.

1272 1353 1327 1386 pto
1340 1343 1502 1386 proditam
1514 1344 1653 1384 Nicaeae,
1678 1345 1808 1389 respicit
1827 1348 1979 1381 tractatus
2001 1346 2165 1390 Synoda-‘

1271 1393 1315 1427 les
1325 1404 1524 1427 memoratos
1535 1394 1553 1428 a
1565 1394 1697 1428 Gelasio
1711 1393 1881 1439 Cyziceno
1891 1421 1899 1429 .
1927 1391 2028 1431 Hanc
2046 1398 2151 1442 ipsam

1269 1443 1538 1479 consuetudinem
1559 1468 1570 1484 ‚
1608 1455 1709 1489 agens
1737 1446 1778 1480 de
1798 1446 1953 1481 Romana
1973 1446 2152 1482 Evocatio·

1271 1504 1310 1526 ne
1326 1517 1336 1532 ,
1361 1491 1596 1527 Theodoretus
1616 1505 1712 1528 vocat
1730 1495 1864 1536 Ecclefiae
1875 1500 2027 1530 canonem
2048 1511 2060 1531 .-
2088 1496 2150 1532 Ca-

1271 1553 1393 1576 nonem
1417 1541 1649 1586 Apostolicum
1662 1567 1673 1584 ,
1700 1544 1806 1588 legem
1825 1545 1973 1581 divinam
1990 1571 1998 1579 .
2026 1547 2151 1581 Roma-

1271 1604 1319 1625 nae
1343 1592 1433 1626 enim
1458 1592 1549 1626 Sedis
1569 1593 1741 1638 privilegia
1765 1593 1880 1629 Petrus
1901 1595 2085 1639 Apostolus
2105 1595 2150 1631 ab

1270 1642 1341 1684 ipso
1365 1642 1608 1675 Deo-Homine
1630 1643 1754 1686 accepit
1776 1669 1783 1676 .
1810 1645 1923 1692 Qare
1944 1644 2011 1679 haec
2033 1647 2151 1680 omnia

1271 1690 1412 1724 stabilita
1422 1690 1488 1724 dici
1510 1691 1642 1734 possunt
1662 1692 1762 1725 etiam
1784 1694 1876 1727 sexto
1889 1694 2030 1729 Nicaeno
2041 1695 2152 1730 Cano-

1273 1752 1332 1775 ne:
1357 1742 1427 1774 Suis
1439 1742 1605 1784 Privilegta
1615 1739 1776 1784 serventur
1788 1742 1921 1784 Ecclefils
1933 1768 1941 1775 .
1966 1743 2147 1780 Similisest
2165 1742 2228 1771 12²·
2247 1743 2306 1776 0·ἳὲ

1271 1791 1391 1825 Canon
1405 1815 1416 1832 ‚
1439 1802 1482 1824 ex
1492 1801 1559 1833 quo
1570 1791 1665 1824 Galla
1678 1791 1825 1826 Placidia
1847 1793 1894 1827 ait
1903 1793 2078 1836 Synodum
2167 1789 2201 1850 ξ
2210 1798 2245 1849 'ae

1274 1841 1415 1874 neralem
1428 1840 1498 1874 ficri
1513 1851 1580 1875 non
1594 1841 1683 1884 posse
1704 1842 1770 1876 fine
1781 1842 1915 1888 Legatis
1927 1843 1956 1877 A
1962 1843 2131 1887 postolicis
2141 1869 2150 1878 .
2168 1829 2285 1895 1⁶:3¹3]ss

1272 1889 1393 1924 Cartha
1398 1890 1543 1935 ginensis
1554 1891 1680 1934 Synodi
1704 1890 1745 1926 de
1757 1893 1923 1927 sacrificiis
1932 1893 2154 1937 postmeridia-

1272 1941 1323 1974 nis
1336 1939 1494 1974 statutum
1515 1951 1719 1985 nequaquam
1733 1942 1904 1977 Nicaenam
1917 1943 2045 1987 respicit
2062 1968 2074 1987 ‚
2086 1943 2152 1980 *sed

1272 1990 1370 2024 aliam
1396 1991 1536 2034 priorem
1567 1988 1862 2036 Carthaginensem
1887 2018 1895 2026 .
1931 1993 1986 2028 Sic
2005 1992 2150 2030 secunda

1273 2040 1468 2075 Arelatensis
1480 2041 1608 2087 respicit
1618 2038 1758 2085 ejusdem
1770 2042 1837 2077 loci
1847 2043 1984 2087 primam
1993 2068 2004 2086 ‚
2030 2042 2152 2079 merite

1272 2090 1392 2125 dietam
1414 2101 1572 2136 magnam
1591 2115 1602 2132 ‚
1629 2091 1745 2135 utpote
1764 2093 1868 2128 totius
1886 2093 2080 2129 Occidentis
2090 2093 2152 2129 Pa-

1272 2139 1480 2175 triarchalem
1501 2165 1513 2181 ,
1548 2141 1828 2185 damnantemque
1849 2143 2064 2185 Donatistas,
2089 2144 2152 2179 fra·

1271 2201 1357 2225 trum
1370 2190 1411 2224 de
1419 2190 1607 2224 traditionis
1618 2191 1738 2226 delicto
1757 2193 1856 2227 falsos
1876 2193 2150 2228 calumniatores-

1271 2240 1452 2285 Gregorius
1462 2239 1666 2274 Turonensis
1676 2238 2025 2277 hallucinaturzcttnon
2037 2242 2093 2278 ille
2101 2243 2150 2278 cst

1271 2289 1398 2334 Synodi
1422 2289 1619 2337 Gangrcnsis
1635 2300 1751 2326 contra
1765 2290 1929 2327 Eustathii
1956 2292 2150 2328 Sebastenfis'

1273 2339 1427 2384 Episcopi
1445 2350 1585 2375 errorem
1596 2365 1604 2374 .
1631 2340 1664 2376 A
1677 2341 1795 2377 Sanan
1808 2341 1908 2377 Petro
1925 2342 2084 2377 Damiani
2095 2342 2151 2377 nd-

1272 2391 1385 2426 ductus
1402 2390 1446 2424 est
1468 2401 1510 2424 ex
1531 2390 1721 2436 vulgaribus
1743 2390 1948 2436 Apostolicis
1971 2417 1979 2424 .
2005 2392 2060 2426 De
2070 2393 2151 2427 Fon-

1270 2451 1430 2477 matarum
1445 2440 1548 2476 modo
1562 2441 1682 2476 Canon
1693 2442 1840 2485 sumptus
1849 2441 1895 2476 est
1908 2453 1949 2476 ex
1960 2441 2123 2476 Gratiano
2138 2467 2150 2485 ‚
2196 2460 2201 2461 ν

1273 2491 1411 2527 nimium
1433 2492 1521 2526 facili
1544 2492 1578 2526 in
1604 2490 1806 2536 Apocrypha
1826 2517 1834 2525 .
1872 2490 1929 2526 Ab
1949 2491 2150 2526 Innocentio

1271 2544 1378 2587 primo
1393 2542 1432 2577 ad
1445 2542 1618 2586 Synodum
1627 2542 1831 2576 Toletanam
1855 2542 1991 2586 scriptus
2009 2541 2056 2576 est
2076 2552 2150 2576 om-

1272 2593 1354 2626 nino
1366 2593 1541 2634 Nicaenus,
1573 2592 1690 2637 partim
1700 2592 1868 2633 decimus,
1893 2591 2013 2636 partim
2026 2591 2150 2627 duode-

1272 2644 1398 2682 cimus,
1423 2652 1460 2676 ut
1470 2643 1543 2676 dixi
1555 2642 1664 2686 supra.
2113 2638 2118 2642 ³

1321 2692 1437 2727 Alium
1450 2691 1557 2726 adhuc
1572 2717 1583 2734 ,
1610 2693 1668 2736 qui
1689 2691 1816 2726 videtur
1834 2702 1904 2726 non
1925 2691 2147 2727 effeenostris

1270 2741 1412 2786 viginti,
1437 2741 1571 2775 adducit
1590 2742 1724 2776 sanctus
1738 2741 1898 2789 ‘cyrillus
1912 2765 1924 2783 ,
1951 2741 2146 2776 Alexandri-
2159 2735 2277 2768 ΗΜΛ·

1272 2803 1332 2826 nus
1358 2791 1539 2835 Episcopus
1555 2815 1567 2831 ,
1594 2791 1628 2825 in
1649 2790 1768 2826 litteris
1787 2791 1827 2826 ad
1865 2791 2018 2827 Atticum
2054 2789 2145 2828 Cot?

1271 2841 1599 2886 stantinopolitanum
1624 2865 1636 2881 ‚
1670 2851 1807 2885 quarum
1827 2851 1950 2886 partem
1971 2842 2062 2877 libris
2081 2840 2143 2876 su'is
2161 2851 2313 2884 L·14·c·17·

1273 2892 1407 2926 inseruit
1429 2890 1604 2926 Facundus
1615 2891 1882 2934 Hermianenfis,
1907 2892 2049 2938 integras
2069 2889 2144 2926 voro

1272 2943 1364 2976 refert
1386 2940 1594 2985 Nicephorus
1623 2941 1777 2976 Calixtus
1795 2968 1804 2976 .
1833 2941 1986 2976 Atticum
1999 2939 2143 2986 Cyrinus

1271 2992 1546 3037 graviterarguit,
1571 2991 1663 3035 quod
1673 2990 2067 3036 JoannisChrysostomi3
2092 2989 2143 3032 sy-

1274 3041 1435 3075 nodaliter
1445 3042 1486 3075 de
1499 3041 1698 3084 Episcopatu
1712 3042 1794 3076 inter
1807 3042 1907 3076 laicos
1929 3039 2059 3083 abjestb
2087 3050 2143 3074 no-

1273 3103 1347 3125 men
1373 3092 1468 3125 sacris
1486 3091 1637 3125 Ecclesiae
1655 3091 1776 3126 tabulis
1796 3091 2019 3135 inscripsisset,
2039 3087 2142 3133 idque

1272 3142 1306 3175 in
1322 3141 1558 3185 Episcoporum
1571 3141 1686 3176 ordine
1699 3152 1706 3173 ε
1734 3142 1810 3176 Effe
1820 3142 1852 3175 id
1863 3140 1944 3176 dicit
1952 3147 2066 3172 contra
2077 3138 2145 3173 Ca-

1273 3203 1376 3225 nones
1388 3191 1557 3225 Nicae-nos.
1587 3191 1786 3235 Respondeo
1806 3192 1868 3225 esse
1892 3189 2042 3232 quintum
2054 3188 2073 3222 ὲ
2084 3199 2142 3222 no-

1270 3241 1341 3275 stris
1352 3267 1361 3281 ,
1387 3251 1552 3275 vetantem
1562 3265 1572 3281 ,
1591 3252 1632 3275 ne
1643 3241 1716 3286 quis
1737 3240 1914 3284 Episcopus
1926 3238 2072 3280 recipiat,
2085 3247 2143 3272 aut

1271 3291 1415 3325 restituat
1436 3292 1628 3325 damnatum
1648 3289 1902 3330 alienum,·s1ve
1920 3287 2050 3328 vivum,
2076 3288 2143 3323 five

1271 3351 1438 3375 mortuum
1451 3366 1457 3373 .
1485 3341 1590 3374 Porro
1601 3342 1842 3375 exauctoratum
1855 3337 2054 3380 Episcopum
2064 3337 2138 3380 post

1270 3401 1409 3425 mortem
1432 3389 1603 3425 inscribere
1625 3387 1781 3433 ejusmodi
1799 3386 1917 3422 tabulis
1936 3411 1946 3427 ,
1975 3387 2020 3421 est
2043 3387 2141 3422 illum

1271 3441 1435 3475 restituere
1454 3466 1464 3481 ‚
1491 3440 1637 3481 adeoque
1659 3439 1682 3471 fi
1703 3434 1851 3482 legitima
1874 3437 1981 3471 fuisset
2003 3436 2140 3480 Ioannis

1270 3490 1438 3524 damnatio
1455 3515 1465 3530 ‚
1492 3488 1638 3533 legitima
1650 3486 1756 3521 fuisset
1775 3487 1875 3522 etiam
1890 3485 2011 3529 Cyrilli
2031 3497 2141 3529 quere·

1270 3539 1299 3574 la
1315 3565 1323 3573 .
1351 3538 1528 3575 Concludo
1548 3538 1651 3584 igitur
1675 3537 1803 3573 nullum
1822 3548 1865 3573 ex
1875 3535 2018 3582 antiquis
2029 3535 2141 3620 1}choe

2054 3595 2091 3620 ιε
