2346 3776
637 90 1090 147 DissERT-ATIO
1140 88 1570 140 PROOEMIALIS-

181 182 263 209 eum
273 169 448 208 canonem
460 194 471 210 ,
495 177 595 215 quem
611 178 686 202 -non
707 167 765 202 nist
782 168 967 213 graviffima
981 171 1064 205 ratio

182 221 395 268 permittebat«
400 217 625 264 dispensari,ac
633 218 799 253 Divinum-
807 217 932 255 Christi
943 220 1063 256 Domi-

181 274 220 307 ni
232 297 245 314 ,
268 273 322 307 cui
332 282 376 306 ex
383 268 475 305 nulla
483 269 579 303 causa
590 267 717 303 obviari
727 277 859 313 poterat
867 294 878 311 ‚
902 269 1060 307 Edictum

180 324 246 358 fuit
257 320 485 367 praevaricatus.
511 318 607 368 Qin
621 318 692 353 imo
702 318 780 354 licet
789 328 924 364 paterna
936 331 979 355 ex
989 332 1058 367 gra-

177 370 311 407 viffimis
321 368 546 404 fundamentis
565 368 776 413 Dispensatio
796 369 986 405 haereticum
1001 382 1059 408 aut

176 420 429 458 Schismaticum
449 419 620 454 Clericum
641 419 842 464 quandoque
863 420 923 454 suo
941 422 1059 466 gradui

175 469 371 509 reddiderit,
397 480 581 514 numquam
591 479 704 505 tamen
714 472 827 505 evexit
847 470 956 505 altius.
987 472 1059 507 Vix

175 521 322 556 invenies
331 520 475 555 anterius
484 520 685 564 exemplum.
701 520 747 554 Et
759 518 840 554 hinc
850 520 964 556 scribit
980 523 1060 558 Ale-

173 569 414 605 xandrinorum
426 569 691 612 patriarcharum
702 567 900 605 Chronicon
912 585 923 606 .·
952 573 1061 607 Arche-

171 621 240 654 laus
250 644 262 661 ,
289 621 346 655 seu
356 619 508 655 Achillas
520 645 531 661 ,
548 621 585 655 in
596 621 628 655 S.
640 620 730 656 Petri
740 618 902 655 thronum
913 619 1058 664 suffedlus

170 669 212 710 est
222 672 272 705 die
279 670 406 704 Sabatbi
414 695 424 712 ‚
434 672 598 714 sedemque
606 677 702 705 tenuit
706 669 764 715 sex
773 669 917 712 menfibus
928 674 1058 706 tantum.

170 719 274 765 eausa
282 730 383 755 autem
393 727 500 754 mortis
508 721 650 763 eiusfutt
659 745 671 762 ‚
690 721 772 764 quod
782 724 887 756 Arium
890 720 919 766 s
911 720 1060 766 usceperit

170 773 379 813 imprudenter
389 795 400 811 ,
425 773 545 813 raroque
566 773 672 805 occidit
692 773 778 806 illum
793 774 876 805 Deus
889 796 901 812 ‚
928 774 964 807 Θ
986 773 1061 807 obiit

171 821 377 854 decer-anona
383 822 485 854 Bunae
495 845 506 862 ,
523 822 574 855 die
585 825 707 856 Martis.-
734 823 825 856 Eum
833 823 1061 868 circumscrip-

171 869 213 905 fit
222 868 339 905 dolosa
351 868 427 906 Arii
437 870 644 913 poenitentia.
673 870 718 905 Et
728 871 865 916 quidem
877 871 968 907 hunc
980 885 1061 909 con-

172 919 310 954 secravit
318 927 358 954 ac
368 919 584 968 Caedinalem
602 921 830 956 Praefeeturam
853 923 1060 959 Baucalenfis

172 968 333 1004 Ecclefiae.
359 970 410 1004 Ita
430 969 565 1006 dolosus
585 972 705 1016 anguis
726 973 870 1007 tentavit
890 973 948 1007 fibi
970 975 1060 1009 viam

172 1017 315 1054 sternere
323 1019 366 1054 ad
379 1019 650 1056 Patriarchatum.
676 1020 851 1057 Achillam
859 1023 954 1058 fuisse
962 1024 981 1058 a
992 1025 1060 1058 san·

174 1070 230 1104 &o
239 1068 387 1105 Theona
396 1080 542 1106 creatum
552 1071 784 1116 Presbyterum
796 1097 807 1113 ,
819 1073 968 1114 dostum,
981 1073 1059 1108 Ale-

174 1119 343 1155 xandrinae
351 1119 478 1156 Scholae
489 1121 679 1162 Rectorem,
690 1122 850 1164 zelosum,
861 1134 899 1158 ac
906 1125 1057 1168 pium,te-

174 1169 278 1205 statur
288 1172 324 1205 in
336 1170 560 1206 Ecclefiafliea
572 1170 713 1206 historia
733 1172 948 1217 Caesaraeeufis
959 1173 1059 1208 Euse-

176 1218 257 1255 bius.
283 1221 397 1269 Qare
416 1221 542 1255 Divina
561 1222 722 1264 percuffio
741 1221 793 1255 illi
814 1222 879 1255 fuit
900 1224 1059 1268 purgatio

175 1271 338 1305 commisti
347 1272 385 1304 in
394 1270 478 1303 Ario
487 1269 608 1303 delicti.
619 1269 757 1304 Sanctus
769 1269 980 1314 Epiphanius
989 1297 999 1313 ‚
1013 1284 1060 1307 er-

173 1331 250 1354 tans
257 1321 365 1363 ipsum
378 1329 447 1353 non
458 1319 489 1352 S.
501 1317 601 1352 Petro
614 1342 626 1359 ‚
651 1318 707 1353 sed
727 1320 760 1354 S.
782 1318 977 1356 Alexandro
991 1323 1059 1357 suc-

172 1369 292 1404 eeffiffe
302 1393 313 1410 ‚
331 1369 470 1402 affirmat
482 1367 705 1403 sediffetribus
716 1368 931 1406 solummodo
943 1373 1058 1407 menfi-

171 1418 241 1453 bus.
255 1418 430 1465 JPraefuiffe
440 1417 481 1452 ad
493 1415 667 1453 modicum
675 1428 806 1463 tempus
819 1421 931 1455 scribit
943 1422 979 1456 in
991 1423 1056 1457 Ec-

164 1466 343 1504 cleszastica
355 1466 492 1502 historia
509 1466 764 1505 Theodoretus.-
787 1470 971 1517 Qidquid
995 1473 1054 1514 fit,

170 1518 391 1553 Alexandrini
398 1514 596 1553 ›P-atriarchae
606 1518 768 1562 Eutychii
780 1520 997 1563 Chronicon‚
1008 1523 1055 1557 af-

170 1569 307 1604 firmans
317 1567 555 1603 stdiffi'decem
567 1569 663 1603 annis
673 1593 685 1610 ‚
695 1569 805 1614 palam
816 1570 952 1606 labitur.

37 1180 106 1215 tib.
133 1182 163 1217 '7-

35 1229 102 1261 cap.
116 1226 162 1253 26.

10 1266 13 1268 μ
33 1275 144 1308 flaeres.

35 1321 86 1353 69.
98 1326 160 1349 car.

190 1676 1057 1699 *rt-zm—

400 1763 681 1801 CAPUT
730 1764 830 1801 x11.

196 1880 449 1946 Exponuntur·
473 1881 560 1923 Arii
581 1881 619 1925 in
643 1879 826 1943 Haerefim
849 1878 1030 1950 Lamias,

306 1946 459 2013 Occasto
479 1944 604 2008 illius,
638 1951 698 1994 Φ
720 1954 902 2016 Tempus.

239 2063 389 2102 Anauni
401 2065 582 2100 Eremitam
590 2077 628 2101 ac
638 2066 895 2104 Coenobitarum
915 2069 952 2103 in
973 2069 1050 2105 Ere-

253 2122 311 2151 mo
331 2116 463 2150 Patrem
486 2114 681 2152 Antonium
701 2118 851 2153 claruifl‘e
863 2118 1050 2164 Prophetiae

164 2167 290 2212 Spiritu
303 2167 441 2202 affirmat
451 2166 487 2200 in
500 2166 570 2210 ejus
580 2168 649 2202 vita
661 2169 692 2203 S.
705 2166 908 2205 Athanasius
920 2194 932 2210 ‚
951 2179 1049 2215 atque

164 2218 370 2261 prosequitur
381 2230 391 2250 .·
419 2214 593 2251 Antonius
610 2217 783 2261 quondam
799 2218 888 2254 certe
913 2219 1048 2255 sedebat

165 2267 253 2312 quast
263 2277 372 2312 raptus
389 2275 479 2300 extra
502 2267 568 2302 sese
579 2291 590 2308 ,
616 2268 825 2313 multumque
844 2271 1047 2314 contempla-

163 2316 253 2352 tioni
261 2316 395 2352 vacabat
416 2327 494 2351 cum
512 2318 661 2361 fiispiriis.
688 2318 822 2354 Deinde
841 2318 923 2354 hora
939 2320 1046 2364 elapsa

163 2367 294 2413 integra
305 2391 316 2408 ‚
341 2368 517 2402 conversus
529 2367 571 2402 ad
582 2368 659 2403 illos
670 2370 729 2412 qui
748 2381 826 2404 cum
850 2371 920 2414 ipso
931 2381 1023 2405 erant
1034 2395 1044 2412 ‚

165 2416 412 2461 ingemiscebat,
422 2419 632 2462 tremensque
651 2418 768 2454 orabat
789 2419 882 2454 flexis
903 2420 1044 2465 genibus

164 2466 332 2512 per-quam
342 2466 409 2502 diu.
437 2467 591 2512 Cumque
600 2467 683 2503 flens
694 2471 834 2515 surgeret
846 2471 953 2504 Senex
962 2495 973 2512 ‚
983 2480 1045 2505 tre-

165 2517 298 2552 mefasti
307 2516 432 2551 Fratres
442 2540 454 2557 ,
465 2528 503 2551 ac
514 2528 605 2553 metu
616 2518 710 2554 valde
720 2520 853 2563 perculfi
864 2520 1042 2565 rogabant,

164 2575 203 2602 ut
213 2577 282 2601 rem
292 2567 495 2611 patefaceret.
508 2568 687 2614 Rogabant
698 2578 767 2605 tam
779 2569 915 2604 moleste
926 2593 938 2610 ,
948 2579 985 2604 ut
996 2571 1043 2604 in-

165 2617 253 2651 vitus
261 2616 398 2652 tandem
406 2616 544 2658 dixerit‚'
549 2619 756 2664 graviterque
766 2621 936 2665 gemuerit.
959 2621 1041 2655 Haec

164 2676 277 2702 autem
288 2666 355 2710 ejus
365 2677 458 2701 erant
469 2668 566 2703 verba
579 2681 586 2701 :
600 2670 955 2713 Fr111,praestarecpn·as
966 2681 1042 2704 emo-

163 2723 192 2750 ri
203 2741 214 2758 ,
239 2718 331 2760 quam
342 2713 412 2760 Visa
420 2717 555 2759 effedum
559 2717 749 2763 sortirentur.
777 2722 842 2754 Illis
866 2726 975 2754 iterum
986 2724 1040 2754 Ur-

157 2767 302 2812 gentibus
315 2791 326 2807 ,
347 2768 470 2809 plorans
482 2775 599 2812 inquit:
626 2774 679 2803 Ira
693 2774 813 2805 Divina
825 2769 983 2813 Ecclesiam
994 2777 1040 2804 in-

162 2818 262 2851 vadet
273 2841 284 2857 ,
310 2818 345 2851 &⁸
353 2816 418 2851 haec
427 2823 465 2852 ns
477 2821 614 2855 tradetur
625 2826 705 2855 virts
717 2846 728 2862 ,
755 2827 807 2865 qui
819 2823 839 2853 ἁ
852 2825 941 2854 Ferts
952 2827 1040 2854 ratio-

164 2873 214 2900 m's
225 2866 399 2909 expertibus
410 2868 486 2903 nibil
493 2868 641 2911 different.
651 2872 721 2904 Vidi
733 2878 815 2905 enim
824 2874 944 2904 Domini
955 2875 1039 2905 Men-

158 2915 230 2961 sam
239 2942 251 2958 ,
277 2918 312 2951 &¹
323 2919 419 2950 Mulos
423 2918 504 2960 stare
514 2926 623 2955 circum
632 2925 712 2957 circa
722 2945 734 2962 ‚
751 2931 843 2964 atque
852 2927 899 2955 ita
910 2921 1038 2957 calcibus

159 2975 265 3010 petere
276 2973 420 3001 interiora
433 2993 443 3009 ‚
462 2968 546 3011 quali
551 2970 646 3012 besta:
656 2971 777 3013 confuse
783 2970 972 3015 saltantibus
981 2972 1039 3006 cal-

164 3023 293 3051 citratus
300 3018 415 3061 fierent.
427 3021 447 3052 5
448 3018 554 3060 enfistr's
559 3022 665 3061 plane,
676 3024 766 3064 quam
773 3020 962 3066 suspirastm.
984 3026 1039 3055 Aac

165 3068 234 3101 divi
243 3074 322 3102 enim
328 3079 428 3101 vocem
440 3070 584 3103 dicentem
598 3082 604 3102 :
633 3073 735 3107 Altaere
745 3084 842 3106 meum
859 3071 914 3114 fiet
923 3083 1039 3106 execra-

166 3116 233 3152 bale.
260 3122 334 3152 Haec
354 3120 451 3152 senex
473 3120 558 3153 vidit
570 3133 577 3152 2
603 3123 651 3153 Et
669 3120 786 3156 biennio
791 3122 851 3166 post
865 3126 1040 3156 arianorum

167 3166 238 3209 ista,
263 3180 333 3211 quae
345 3167 443 3202 adbuc
451 3170 544 3203 durat
556 3195 567 3210 ,
591 3171 714 3213 Incurfio
718 3171 872 3215 subsecuta
892 3171 930 3212 est
942 3196 954 3212 ‚
979 3175 1039 3206 Ec-

167 3216 370 3261 clefiarumque
380 3219 518 3262 direptio,
527 3231 594 3253 cum
605 3222 639 3255 cb·
650 3223 670 3254 5
671 3232 742 3255 acra
753 3220 832 3265 Vasa
843 3229 876 3256 vr·
882 3230 1038 3265 praerepta

170 3267 306 3313 Paganos
312 3276 437 3310 portare
447 3280 592 3305 curarunt
603 3295 614 3311 ‚
636 3273 671 3306 δ’
681 3270 794 3315 eosdem
805 3283 844 3305 ex
854 3272 987 3306 tabernis
992 3271 1041 3316 se-

167 3326 234 3348 cum
250 3327 416 3362 congregari
437 3330 591 3365 coegerunt
612 3346 622 3363 ‚
655 3333 808 3365 eorumque
828 3328 863 3354 in
875 3321 1039 3366 prasentia

169 3364 304 3409 Mensam
317 3371 439 3402 Domini
454 3378 512 3412 pro
532 3371 620 3406 libitu
642 3373 819 3406 trallarunt.
846 3376 930 3406 Tunc
941 3385 1039 3407 omnes

169 3426 222 3448 nos
235 3425 407 3460 agnovimus
413 3429 469 3462 per
484 3422 630 3455 Malorum
639 3424 829 3456 calcitratum
838 3425 966 3456 Antonio
977 3422 1041 3458 haec

162 3464 389 3511 praessntficata
398 3470 450 3511 effe
460 3495 470 3510 ,
496 3482 563 3513 quae
568 3474 641 3512 jam
651 3477 755 3509 Ariani
760 3471 823 3517 fine
835 3479 961 3510 rationis
984 3471 1040 3519 usu

219 3552 226 3557 ,
269 3516 385 3561 Dtffert.
396 3521 519 3555 Prooem.
531 3523 608 3557 Tem.
619 3526 647 3558 1.

1135 179 1293 213 tamquam
1302 165 1409 202 bellua
1411 165 1543 208 faciunt.
1570 166 1678 203 Hane
1683 166 1897 213 Prophetiam
1910 169 2024 205 laudat

1125 221 1162 255 in
1174 221 1288 255 octava
1298 217 1394 261 super
1408 217 1437 250 S.
1451 215 1603 252 Matthaei
1626 218 1853 264 Evangelium
1864 220 2021 256 Homina

1124 271 1226 306 etiarn
1238 269 1268 304 S.
1279 268 1421 312 Ioannes
1429 265 1697 311 Chrysostomus.
1725 268 1919 304 Instituturn
1946 273 1965 306 a
1986 271 2020 305 S.

1125 320 1282 355 Antonio
1293 317 1538 353 Monasterium
1546 327 1643 354 ornat
1650 317 1836 365 grandibus
1848 321 2022 364 encomiis,

1124 370 1216 405 addit
1238 364 1348 414 ipsum
1365 368 1459 403 fuisse
1481 368 1589 404 virum
1606 369 1778 414 Apostolis
1800 368 1993 414 proximum
2010 396 2022 411 ,

1123 420 1315 464 clarumque
1324 417 1503 463 prophetiae
1513 418 1606 454 dono
1625 445 1636 461 ‚
1662 430 1762 465 atque
1786 419 1995 463 prosequitur
2009 433 2018 452 :

1125 472 1184 504 Hoc
1192 469 1392 511 autemfact‘le*
1401 476 1570 512 cognoverit
1581 494 1592 510 ‚
1619 470 1754 514 quisquis
1764 482 1832 504 cum
1861 472 1967 514 legerit
1981 472 2021 503 li-

1124 521 1212 553 brum
1224 544 1236 560 ,
1261 525 1316 563 qut
1327 526 1404 553 vitae
1414 521 1481 559 ejus
1501 526 1582 553 texit
1607 520 1760 559 historiam
1768 545 1778 561 ,
1805 527 1838 554 in
1850 533 1907 563 quo
1928 526 2023 554 etiam

1127 569 1320 612 Prophetiam
1329 571 1478 604 lucentem
1486 569 1616 603 videbit.
1641 574 1688 603 De
1700 570 1748 603 bis
1755 577 1836 605 enim
1849 583 1921 613 quos
1934 574 2023 604 Arta-

1126 632 1166 654 na
1170 619 1260 663 pestis
1273 619 1384 662 invafit
1395 644 1406 660 ,
1433 619 1661 661 mamfestiffime
1667 620 2024 663 prophetavit,quanta-

1125 682 1182 713 quc
1190 667 1325 712 Eccleffis
1346 670 1429 704 labes
1450 669 1491 703 ab
1512 669 1580 711 ipsis
1591 675 1762 704 immineret
1777 695 1787 709 ‚
1801 671 1898 703 docuit
1910 695 1921 710 ‚
1949 675 2015 705 Deo

1125 727 1228 763 utique
1237 722 1397 755 revelante
1402 720 1466 754 haec
1478 744 1489 760 ,
1499 720 1534 756 Φ
1546 719 1653 754 cunda
1664 730 1738 753 ante
1753 721 1848 752 oculos
1864 723 1931 761 ejus
1938 722 2020 765 figu-

1126 782 1163 803 ra
1166 777 1318 816 pingente.
1353 773 1408 806 De
1418 770 1537 806 eodem
1550 780 1700 814 tempore
1711 769 1824 806 scribit
1835 770 1865 805 S.
1887 770 2020 814 Martyr

1126 819 1372 864 Theophanes:
1400 826 1460 855 Hoc
1479 828 1558 855 anno
1570 824 1659 855 Arius
1673 845 1684 862 ‚
1710 820 1750 854 ab
1769 819 1892 864 insania
1906 832 2016 854 nomen

1124 870 1255 911 adeptus
1270 895 1280 910 ‚
1291 877 1324 904 in
1329 869 1446 913 publico
1458 870 1595 913 Ecclessae
1603 875 1771 905 Conventa
1781 876 1987 915 excogitatam
1998 875 2018 905 a

1119 917 1154 962 se
1164 919 1506 962 Haerestmpraedleavit.
1539 925 1587 955 Et
1597 923 1763 964 opitulante
1773 923 1904 964 maligno
1915 923 2015 963 spiri-

1124 978 1171 1009 tu,
1177 977 1322 1012 perpetuo
1333 971 1526 1013 Ecclefiastice
1529 979 1619 1013 pacis
1630 970 1821 1014 adversario,
1835 970 2015 1014 schismatis

1124 1019 1295 1064 autoremsb
1300 1020 1443 1063 praebuit.
1473 1023 1647 1054 Horrendus
1667 1033 1770 1055 autem
1796 1032 1887 1054 terrae
1919 1032 2018 1056 motus

1125 1070 1318 1104 Alexandrus
1327 1076 1449 1114 contigit
1459 1096 1470 1111 ,
1480 1082 1536 1113 quo
1542 1072 1688 1113 pleraque
1700 1073 1805 1104 diruta
1827 1071 1968 1113 aedificia,
1984 1074 2020 1106 o·

1122 1123 1281 1153 innumera
1293 1122 1400 1162 Populi
1411 1121 1573 1154 multitudo
1577 1119 1683 1163 perat.
1711 1119 1840 1154 Divina
1856 1121 1895 1153 M
1902 1121 2021 1163 ajestas

1124 1169 1383 1215 praefignificavit-
1392 1181 1551 1216 magnam
1571 1171 1673 1205 etiam
1694 1170 1881 1204 animarum
1910 1171 2022 1205 multi-

1122 1218 1275 1254 tudinem
1283 1222 1347 1255 effe
1360 1232 1416 1265 per
1426 1220 1499 1255 Arii
1511 1221 1634 1266 dogma
1646 1221 1832 1264 perituram.
1845 1221 1917 1265 lpsa
1934 1222 2022 1256 insu-

1123 1280 1178 1313 per
1188 1270 1365 1305 Elementa
1377 1270 1527 1306 adversus
1537 1270 1634 1305 istam
1653 1269 1877 1314 blasphemam
1899 1270 2014 1308 Praedi-

1122 1320 1289 1355 cationem
1300 1320 1477 1365 protestata
1490 1322 1564 1355 sunt
1577 1345 1588 1361 ,
1614 1321 1649 1355 δε
1660 1321 1923 1358 conclamarunt.

1174 1370 1322 1420 Quaestio
1331 1371 1379 1405 est
1390 1397 1401 1412 ‚
1428 1369 1485 1405 An
1498 1371 1558 1405 sub
1568 1371 1670 1405 solius
1692 1371 1723 1405 S.
1749 1369 1955 1415 Alexandri,
1981 1374 2016 1408 δε

1123 1432 1192 1455 non
1205 1421 1265 1455 sub
1275 1422 1304 1456 S.
1317 1421 1406 1468 Petri
1419 1420 1643 1455 patriarchatu
1657 1418 1761 1455 Arius
1777 1422 1874 1456 istam
1884 1423 2019 1459 scelera-

1121 1479 1191 1507 tam
1200 1472 1235 1507 &
1244 1469 1471 1515 blasphemam
1483 1470 1681 1505 Dominam
1707 1470 1880 1515 incoeperi't
1892 1475 1906 1507 ?
1931 1472 2015 1508 Lau-

1120 1521 1196 1556 data
1206 1521 1237 1555 S.
1250 1520 1341 1555 Petri
1353 1519 1438 1555 Aeta
1449 1520 1639 1556 constanter
1651 1519 1817 1556 affirmant
1828 1521 1915 1557 istud
1933 1524 2014 1558 faci·

1121 1582 1182 1605 nus
1191 1570 1286 1606 fuisse
1297 1570 1356 1605 sub
1369 1570 1500 1606 &Petro
1510 1569 1716 1605 inchoatum.
1740 1570 1876 1606 Etenim
1888 1572 1930 1608 ad
1940 1575 2012 1619 sup-

1108 1632 1109 1635 ’
1119 1621 1301 1665 plicantem
1310 1631 1372 1665 pro
1384 1619 1459 1654 Arii
1467 1620 1638 1666 degradati
1649 1619 1861 1666 reparatione
1872 1622 2015 1660 Clerum

1118 1671 1331 1716 &Populum
1338 1671 1556 1706 Venerandus
1578 1670 1698 1706 Petrus
1716 1672 1758 1706 fic
1776 1671 1823 1707 ibi
1834 1673 1985 1718 loquitur
1999 1688 2009 1707 :

1078 1723 1080 1739 ³
1119 1726 1210 1756 Arius
1224 1745 1235 1761 ‚
1254 1729 1315 1764 pro
1323 1732 1380 1764 quo
1390 1728 1502 1765 rogatis
1515 1746 1527 1763 ‚
1548 1720 1605 1766 fhlr'
1616 1725 1678 1756 Deo
1687 1732 1820 1756 mortuus
1832 1723 1870 1764 est
1888 1748 1899 1764 ,
1925 1726 1961 1759 ὑ
1971 1725 2012 1758 ab

1077 1803 1080 1815 ⁴
1108 1770 1287 1814 filliusfacte
1296 1769 1346 1805 hic
1358 1773 1393 1805 (9
1403 1777 1436 1804 in
1439 1771 1551 1813 futuro
1555 1770 1584 1816 s
1577 1774 1666 1807 aeculo
1679 1774 1840 1815 prq'et‘lus.
1872 1776 1957 1809 Unde
1977 1777 2012 1810 Θ

1078 1819 1081 1847 t'
1125 1824 1146 1854 ἂ
1157 1820 1358 1865 Sacro-fando
1378 1822 1476 1855 Altam·
1495 1824 1562 1864 ojus
1574 1846 1586 1863 ,
1611 1833 1669 1856 non
1688 1835 1755 1858 mea
1767 1848 1779 1864 ‚
1798 1822 1858 1868 sed
1866 1824 1953 1867 spssus
1972 1826 2013 1866 eff

1113 1873 1231 1912 judicii
1247 1869 1402 1913 sententia
1416 1870 1588 1914 separatus.
1616 1875 1770 1916 „Quoniam
1788 1886 1846 1908 non
1868 1881 1901 1908 in
1921 1875 2012 1908 homi-

1078 1947 1080 1963 1
1109 1933 1185 1957 nem
1196 1946 1207 1962 ‚
1213 1920 1312 1965 sedin
1326 1924 1486 1953 Dominum
1491 1926 1634 1965 graviter
1637 1929 1795 1965 peccavit,
1807 1927 1899 1967 impie
1912 1937 2008 1970 agens

1114 1977 1147 2004 in
1156 1974 1319 2005 Trinitatis
1330 1970 1494 2011 Mysten'um
1506 1995 1517 2011 ‚
1543 1971 1595 2004 ubi
1607 1971 1771 2006 cherubim
1792 1975 1827 2008 (a
1849 1974 2010 2018 Seraphim

1113 2032 1171 2054 non
1181 2022 1297 2054 audent
1306 2018 1448 2062 respicere
1456 2045 1467 2062 ,
1493 2027 1546 2063 qui
1566 2023 1739 2064 inceffanter
1752 2025 1875 2057 vocibus
1881 2027 2007 2066 procla·

1112 2080 1199 2104 mant
1208 2074 1289 2104 Deo:
1317 2070 1444 2103 Sanetus
1455 2094 1466 2110 ,
1490 2070 1620 2103 sunaus
1630 2095 1640 2111 ,
1665 2073 1795 2106 SanHus
1806 2098 1818 2114 ,
1850 2077 2003 2109 Dominus

1112 2123 1195 2155 Deus
1205 2119 1344 2154 Sabaoth.
1357 2125 1436 2153 Cum
1446 2126 1538 2153 etiam
1547 2122 1582 2154 Θ
1593 2124 1728 2156 Virtutes
1741 2124 1890 2157 coelorum
1903 2124 1959 2168 ips
1952 2137 2005 2159 um

1110 2180 1249 2204 canentes
1260 2172 1365 2204 dicant
1373 2195 1385 2210 ‚
1412 2171 1500 2203 Pleni
1505 2169 1581 2214 sunt
1593 2173 1669 2205 Coelt
1679 2173 1715 2206 θ
1726 2182 1811 2206 terra
1817 2175 1917 2218 gloria
1926 2185 1982 2209 tua
1993 2188 2003 2218 ;

1109 2223 1158 2254 ille
1169 2227 1263 2263 impia
1281 2222 1316 2255 6·
1334 2220 1492 2254 execrabili
1514 2230 1614 2254 mente
1635 2221 1728 2265 ausus
1750 2223 1789 2263 est
1799 2223 2001 2270 blasphemias

1108 2277 1240 2316 irrogare
1251 2296 1263 2312 ‚
1288 2273 1324 2306 Θ·
1336 2269 1492 2312 divisiones
1499 2270 1605 2313 facere
1611 2278 1690 2306 inter
1710 2275 1838 2307 Patrem
1849 2299 1860 2315 ‚
1888 2277 1923 2310 Θ·
1947 2280 2003 2310 Fr·-

1107 2323 1180 2355 lium
1191 2345 1201 2362 ,
1228 2322 1263 2355 &¹
1284 2323 1305 2354 5
1301 2327 1430 2363 piritum
1448 2321 1599 2354 Sandum.
1639 2325 1906 2366 ,Quemadmodum
1930 2329 2002 2370 erg&

1107 2373 1234 2405 audeam
1244 2372 1288 2404 illi
1301 2379 1424 2405 ventam
1431 2372 1506 2404 dare
1517 2396 1527 2412 ,
1552 2378 1598 2405 cui
1618 2379 1714 2405 omnis
1737 2384 1876 2408 creatura
1900 2374 2000 2419 irasci-

1107 2431 1156 2455 tur
1167 2423 1201 2456 eb·
1211 2422 1362 2455 maledicit
1374 2422 1390 2453 ,ἶ
1416 2422 1572 2465 ,Quomodo
1575 2422 1670 2464 potest
1689 2430 1812 2457 ventam
1831 2432 2000 2468 promereri

1105 2474 1126 2505 ᾶ
1138 2483 1184 2506 me
1194 2495 1206 2512 ‚
1219 2471 1387 2512 dilediffimt
1399 2473 1549 2506 Fratres?
1559 2471 1712 2507 Pluribus
1722 2475 1862 2513 affirmat
1876 2475 1999 2511 Arium

1106 2533 1175 2556 non
1186 2531 1255 2557 tam
1265 2521 1310 2556 ob
1320 2521 1543 2557 Meletianum
1562 2521 1710 2557 Schisma
1739 2525 1838 2568 quam
1859 2526 1906 2560 ob
1926 2537 1999 2570 pro·

1104 2573 1191 2617 prias
1213 2569 1431 2616 blasphemias
1451 2571 1545 2607 fuiffe
1564 2572 1583 2606 a
1595 2573 1628 2607 se
1637 2573 1845 2609 damnatum.
1873 2576 1995 2611 Domi-

1104 2635 1166 2659 nus
1189 2621 1378 2658 Cardinalis
1398 2622 1503 2658 Caesar
1525 2622 1688 2658 Batonius
1710 2625 1899 2660 constanter
1909 2627 1993 2661 affir-

1103 2683 1170 2708 mat
1183 2672 1242 2707 ista
1255 2672 1338 2707 Acta
1348 2674 1411 2708 effe
1422 2673 1602 2709 adulterata
1621 2674 1657 2708 ὅ(
1675 2675 1848 2710 mendacia
1859 2700 1870 2716 ,
1897 2676 1993 2711 addit

1103 2723 1222 2758 Arium
1236 2723 1294 2757 sub
1305 2724 1415 2758 sansto
1425 2723 1559 2758 demum
1574 2723 1766 2759 Alexandro
1777 2727 1841 2760 effe
1863 2726 1992 2769 lapsum

1102 2774 1138 2808 in
1150 2773 1307 2808 Haerefim
1317 2798 1328 2814 ‚
1354 2774 1387 2808 δε
1399 2775 1603 2818 prosequitur
1616 2787 1623 2806 :
1648 2775 1850 2819 ,Quamobrem
1861 2785 1895 2809 ut
1905 2778 1991 2810 edita

1101 2826 1154 2858 illa
1167 2824 1241 2857 At‘i‘a
1248 2825 1422 2858 adulterata
1432 2831 1618 2859 mentiuntur
1629 2849 1640 2864 ‚
1666 2832 1837 2867 rtapctriter
1857 2837 1924 2859 cum
1945 2834 1991 2860 ets

1102 2874 1324 2909 hallucinantur
1336 2898 1346 2914 ,
1368 2881 1421 2917 qui
1431 2876 1534 2908 dicunt
1545 2879 1649 2908 Arium
1659 2877 1679 2907 ἆ
1692 2877 1783 2908 Petro
1792 2874 1908 2916 baerefis
1919 2889 1989 2912 cau-

1098 2924 1227 2969 [afuisse
1237 2924 1281 2959 ab
1293 2924 1420 2967 Ecclefia
1426 2923 1626 2968 proscriptum
1636 2949 1647 2964 ,
1672 2936 1737 2957 cum
1749 2924 1836 2966 nefas
1841 2925 1883 2967 fit
1890 2926 1986 2961 Atha-

1104 2974 1179 3017 nafio
1189 2987 1248 3009 non
1259 2974 1439 3019 acquiescere
1450 3001 1461 3017 ‚
1482 2976 1654 3010 Alexandro
1667 2980 1790 3015 primas
1800 2988 1836 3009 ea
1845 2981 1879 3009 in
1887 2988 1921 3010 re
1932 2984 1990 3011 tri-

1102 3026 1212 3059 buenti.
1240 3025 1441 3068 Respondeo
1454 3025 1513 3059 ista
1524 3025 1607 3058 Asta
1618 3024 1797 3067 plurimum
1817 3025 1945 3062 laudari
1969 3029 1989 3062 a

1102 3077 1256 3110 Domino
1267 3075 1444 3110 Cardinale
1454 3076 1489 3110 in
1501 3075 1573 3109 aliis
1596 3074 1697 3108 locis:
1725 3074 1794 3109 Cur
1803 3087 1884 3121 ergo
1896 3089 1988 3112 nunc

1100 3126 1257 3160 dicuntur
1269 3125 1467 3160 adulterata?
1478 3126 1619 3168 Oportet
1631 3124 1853 3160 demonstrari.
1868 3127 1910 3161 Et
1924 3140 1991 3163 cer-

1102 3175 1136 3210 te
1151 3173 1212 3210 hac
1226 3176 1261 3209 in
1277 3184 1364 3218 parte
1373 3186 1442 3209 non
1453 3174 1639 3208 discordant
1649 3173 1668 3207 a
1679 3174 1709 3208 S.
1722 3174 1913 3212 Athanasio.
1930 3178 1989 3213 Et-

1102 3226 1237 3262 enimin
1250 3225 1388 3259 secunda
1400 3226 1454 3259 sua
1467 3223 1636 3269 Apologia
1659 3224 1715 3259 hic
1734 3225 1843 3260 lucide
1854 3228 1964 3263 scribit
1977 3241 1988 3262 :

1106 3277 1262 3310 Melctiani
1271 3276 1332 3307 und
1343 3286 1409 3308 cum
1421 3278 1542 3308 Arianis
1553 3276 1573 3307 a
1587 3276 1811 3317 Petrofuerunt
1820 3278 1987 3319 eJ'efflLu-
2030 3279 2032 3282 ’

1103 3326 1177 3361 cide
1186 3327 1324 3360 affirmat
1334 3336 1375 3359 ex
1387 3333 1466 3358 tunc
1476 3325 1570 3359 fuisse
1579 3324 1659 3359 duas
1673 3326 1838 3362 Erronum
1848 3328 1960 3363 claffes
1976 3338 1984 3360 ε

1105 3376 1239 3410 Meletia
1245 3386 1362 3409 norum
1371 3386 1408 3409 ac
1419 3373 1630 3411 Arianorum.
1651 3375 1685 3410 Si
1696 3387 1753 3420 per
1764 3377 1868 3412 solam
1879 3378 1986 3413 Mele-

1104 3427 1142 3461 tii
1157 3425 1319 3468 sequelam
1329 3435 1409 3460 tunc
1420 3423 1521 3459 Arius
1540 3425 1715 3470 deliquerit
1729 3451 1740 3468 ,
1766 3438 1833 3462 erat
1851 3428 1986 3471 fimplex

1106 3475 1305 3514 Meletianus
1316 3500 1328 3517 ‚
1351 3475 1525 3522 nullusque
1535 3487 1604 3511 erat
1625 3474 1779 3514 Arianus.
1807 3479 1850 3512 Et
1861 3489 1917 3521 per
1936 3479 1985 3520 Ja-

1530 3526 1565 3560 H
1618 3537 1641 3563 z
1860 3539 1900 3561 co
1906 3527 1985 3561 hum

2015 2609 2100 2638 Anno

2012 2656 2028 2684 3
2037 2658 2079 2678 10.
