2346 3776
586 81 897 140 Sotionis,
925 91 1000 131 ET
1027 90 1223 126 NoTis
1248 86 1679 126 stru-s‘rrtA-rr.

455 164 877 216 SCHOLION.

326 268 382 303 Ox
392 264 630 304 catechumenus
639 260 839 306 quandoque
859 267 964 305 'genus
980 259 1099 306 signifi-

263 356 267 359 *
342 326 432 358 cat,
454 314 655 364 „quandoque
683 312 823 356 speciem
844 335 851 342 .
878 311 980 345 Fuere
1005 311 1096 345 enim

214 355 603 416 Yeie‘farecbumpnorum
612 363 726 405 classes
734 386 748 404 ,
759 360 930 400 *distinam
939 372 981 395 ex
991 361 1097 397 diver-

216 419 429 465 sasaprorwn
453 418 579 457 rituum
598 423 767 460 paratum
795 409 999 458 Christiani,
1020 411 1096 459 rAB·

220 460 370 512 (hintes,
395 461 658 507 Catechumeni,
683 462 832 504 initiati,
850 461 1100 511 Comperenres,

216 513 345 559 mear.
370 516 528 565 Qatuor
538 517 658 560 primas
668 512 768 554 habes
777 511 897 557 partim
910 513 944 546 in
959 513 1098 557 septimo

213 567 601 611 ,Constantinopolitano
626 590 639 607 ,
672 564 791 611 partim
824 563 860 599 in
888 564 1099 609 nonagesimo

187 659 193 663 ,
220 619 341 662 quinto
368 617 510 652 Canone
534 616 730 657 Trullanoz
764 613 999 657 Competentes
1025 637 1039 654 ,
1061 624 1100 647 ac

48 823 136 858 J..5.c.
143 830 186 855 ιο·

49 938 168 974 L6.c.5.

51 1127 187 1172 Epist-23.-

70 2917 207 2953 Lac-59,-

74 3217 212 3259 Epist-83·

222 667 354 710 Elestos
366 669 484 712 reperis
496 667 607 712 paffim
628 667 662 700 in
675 666 860 699 sanstorum
883 663 1019 704 Patrum
1041 663 1102 696 ser-

219 718 395 759 monibus.
414 718 516 759 -Hinc
528 716 726 761 intelligitur
738 713 897 754 Eusebius
917 714 1098 755 Qaesaraeen-

215 770 262 810 [ιε
271 793 284 813 ,
297 769 424 806 „dicens
436 768 623 809 Pantenum
634 762 874 808 Philosophum
890 763 1101 805 Alexandria

224 820 381 863 praefuiffe
388 817 566 859 ,Institutioni
578 815 832 861 Christianorum,
859 813 893 848 id
905 814 950 847 est
961 838 973 855 ‚
999 811 1100 848 Scho-

217 870 265 903 la!
274 862 453 913 primorum
463 867 721 911 principiorum.
748 865 821 914 Qi
840 864 959 909 singuli
982 862 1101 909 gradus

218 919 379 957 §neriam
404 917 491 961 apud
502 917 639 951 Latinos
661 915 804 954 suerint,
830 914 974 948 multum
999 912 1122 959 ambi-‚

223 979 270 1014 go
287 980 294 999 :
321 966 422 1011 Apud
436 978 497 1001 nos
506 968 596 1006 enim
608 964 816 1000 Christianos
836 965 928 1004 fuisse
940 962 1100 1002 Catechu·
1114 964 1120 979 ¹

223 1018 330 1054 menis
339 1017 560 1061 perfeffiores,
588 1015 696 1050 lucide
718 1015 873 1058 supponit
894 1013 1101 1058 Augustinus

223 1068 260 1107 in
288 1067 535 1112 quadragesimo
560 1075 676 1110 quarto
700 1067 836 1105 trastatu
864 1065 897 1097 in
919 1065 1098 1112 joannem,-

221 1118 319 1159 Hinc
329 1116 413 1153 forte
422 1117 556 1151 Sanetus
569 1116 756 1160 Cyprianus
777 1117 939 1158 optatum
950 1138 961 1154 ‚
987 1113 1099 1148 Lecto-

219 1168 294 1202 'rem
304 1165 517 1208 solummodo
525 1191 536 1207 ‚
549 1165 721 1208 constituit
732 1164 885 1204 Dollorcm
897 1164 1098 1203 audientium,

222 1212 315 1262 huod
337 1216 521 1253 Audientia
539 1216 616 1254 esset
628 1216 731 1260 prima
758 1214 862 1249 claffis
876 1213 1077 1248 novitiorum
1089 1237 1096 1244 .

224 1265 329 1317 Qiod
340 1267 445 1311 ipsum
455 1266 565 1309 innuit
575 1267 710 1310 praesens
731 1264 853 1300 Canon
867 1289 875 1296 .

221 1318 225 1320 ’
276 1311 505 1360 Adstipulatur
514 1316 648 1360 quintus
660 1314 780 1357 Canon
802 1312 1077 1348 Neocaesaraeenfis
1090 1337 1099 1352 ,

222 1366 432 1412 ‘distinguens
456 1366 536 1400 duas
566 1363 892 1400 Catachumenorum
925 1363 1099 1397 stationes:

1872 94 1972 132 261

1169 171 1230 194 nus
1251 157 1516 203 impositionibus
1547 163 1813 207 expurgabantur
1834 191 1845 208 ,
1871 167 2047 211 ejicieban-

1165 220 1282 255 turque
1292 219 1367 248 uum
1379 208 1819 253 Substrat'is-Poenitentibus.
1851 217 1964 254 Hosce
1979 219 2047 262 lap·

1166 262 1216 294 sos
1227 258 1361 300 mandat
1372 259 1460 302 rejici
1480 255 1522 294 ad
1534 258 1753 301 Audientiam
1765 288 1776 304 ,
1802 265 1878 298 illos
1899 268 1977 305 vero
2002 269 2046 305 de

1165 309 1348 347 Audientia
1368 309 1508 352 expelli.
1537 311 1590 351 Ex
1615 323 1682 357 quo
1706 324 1778 351 non
1791 315 1875 351 vane
1905 317 2045 362 colliges

1163 362 1265 400 etiam
1278 359 1320 394 ab
1328 358 1495 399 audiendo
1507 359 1695 407 Evangelio
1708 386 1719 403 ,
1741 362 1775 396 ἀ
1800 363 1955 407 Episcopi
1977 367 2045 400 Ser-

1161 422 1262 445 mone
1272 409 1457 452 abstentOS,
1486 407 1654 456 faciesque
1671 413 1758 455 ,quasi
1778 410 2045 449 catechumenos

1161 461 1278 502 flentes
1288 484 1296 492 .
1322 460 1679 509 EtenimpPoenitentiae
1690 462 1805 502 flentes
1816 464 1911 511 fuisse
1924 463 1964 498 ab
1979 464 2046 500 illis

1163 510 1350 551 abstentos,
1376 522 1446 547 non
1459 511 1505 545 est
1525 512 1761 556 improbabile.
1790 508 1896 552 Hisne
1918 513 2045 548 duabus

1132 602 1134 604 Ι
1162 560 1358 597 stationibus
1377 559 1454 594 addi
1474 572 1609 605 oportet
1638 563 1895 608 Competentes,
1921 563 1955 598 δὲ
1970 564 2048 598 Ele-

1161 613 1247 652 sios.
1274 612 1360 660 Qae
1377 611 1497 646 Omnia
1518 612 1592 646 sunt
1613 613 1709 661 longi
1725 614 1911 654 examinis.
1937 613 2048 648 Porro

1162 661 1264 705 prima
1276 660 1373 702 statio
1384 660 1580 697 dicebantur
1590 661 1776 698 Audientes
1788 688 1799 704 ,
1828 663 1919 708 quod
1935 665 2048 699 nostra.

1162 711 1346 753 rudimenta
1366 710 1443 745 non
1463 709 1601 748 scribere
1620 737 1631 753 ,
1656 713 1710 747 sed
1736 712 1847 748 audire
1873 714 2049 748 dumtaxat

1163 762 1310 805 possent,
1337 761 1382 796 ob
1404 761 1549 802 rationes
1570 763 1665 807 supra
1682 763 1836 803 ,addussas
1849 763 1883 796 in
1904 763 2050 802 differta·

1163 813 1256 846 tione
1275 812 1316 847 de
1336 810 1518 855 Symbolo.
1548 812 1669 853 Canon
1681 813 1790 854 noster
1807 813 1945 858 mitigat
1956 814 2050 847 Neo-

1164 860 1404 898 Caesaraeensem
1429 887 1437 895 .
1483 863 1619 902 Etenim
1645 863 1912 904 Genuflestentes
1942 862 2051 906 lapsos

1163 911 1297 954 quidem
1307 912 1411 954 rejicit
1421 912 1457 946 in
1469 911 1687 954 Audientiam
1704 939 1714 955 ,
1741 912 1925 948 Audientes
1936 923 2051 947 tamen.

1166 961 1346 996 Audientia
1358 974 1428 1001 non
1451 963 1609 1007 expellit,
1635 963 1690 1000 sed
1711 964 1781 998 illic
1801 974 1877 998 toto
1901 963 2051 997 triennio

1165 1010 1280 1045 haerere
1290 1010 1400 1054 jubet,
1428 1012 1505 1048 cum
1517 1024 1606 1047 totus
1618 1012 1729 1057 passim
1756 1012 2051 1053 catechumenatus

1164 1060 1242 1094 ess'et
1266 1061 1367 1095 solius
1388 1061 1535 1103 biennii.
1564 1063 1631 1097 Eos
1654 1064 1766 1100 mitius
1781 1088 1792 1104 ‚
1818 1064 1917 1108 quam
1940 1064 2048 1106 lapsos

1165 1110 1276 1146 fideles
1286 1111 1382 1154 punit
1395 1135 1406 1151 ,
1431 1111 1522 1154 quod
1534 1123 1650 1153 eorum
1661 1113 1817 1152 delictum
1832 1114 1870 1149 fit
1879 1112 1988 1151 adhue
2012 1113 2050 1146 in

1166 1158 1303 1201 homine
1340 1161 1440 1197 veteri
1467 1186 1474 1193 .
1511 1161 1618 1196 Porro
1655 1162 1923 1203 Genufleitentes
1950 1171 2050 1197 vocat

1165 1212 1330 1251 Orantes,
1356 1212 1471 1255 utique
1492 1212 1528 1246 in
1551 1211 1715 1255 Ecclesia,
1740 1212 1782 1247 ab
1805 1213 1894 1254 alio,
1920 1213 1954 1246 δε
1980 1212 2052 1247 alio

1165 1260 1251 1294 circa
1278 1260 1355 1297 illos
1379 1261 1464 1303 ritu.
1492 1262 1593 1297 Fasto
1604 1263 1695 1297 enim
1724 1262 1794 1306 post
1823 1262 2050 1307 Evangelium

1167 1310 1321 1355 Episcopi
1333 1312 1483 1347 sermone
1496 1337 1507 1353 ,
1534 1312 1644 1347 statim
1662 1312 1879 1356 ejiciebantur
1900 1313 2053 1347 Audien-

1166 1371 1213 1394 tes
1233 1373 1243 1403 ;
1271 1360 1432 1402 restabant
1455 1361 1532 1396 vero
1558 1362 1835 1397 Genu-flectentes
1861 1388 1873 1404 ‚
1899 1362 2052 1406 varieque

225 1415 451 1459 Audientium
474 1417 509 1450 in
533 1415 673 1450 Ecclesia
686 1441 696 1456 ‚
721 1415 757 1449 &
777 1413 1099 1452 Genuflec‘tentium,
1110 1416 1124 1508 I
1140 1409 1150 1495 Ι
1165 1422 1221 1454 pro
1233 1410 1329 1454 ipfis,
1352 1412 1490 1462 &supra
1511 1412 1598 1464 ipsos
1619 1412 1776 1448 orabatur
1789 1437 1798 1451 ρ

227 1467 284 1509 seu
295 1466 537 1503 substratorum
547 1490 560 1508 ,
586 1465 643 1511 qui
654 1463 808 1508 videlicet
819 1462 1025 1509 quotidianis
1035 1471 1102 1496 ma-

969 1589 1104 1596 ---—-·

725 1686 1283 1748 CANO'N
1397 1686 1557 1747 XV.

468 1903 561 1951 cuit
595 1899 947 1954 ‚consuetudinem
983 1899 1246 1952 omnimodis
1281 1902 1498 1967 amputari
1535 1937 1548 1960 ,
1596 1918 1693 1967 quae
1738 1916 1892 1969 praeter
1939 1917 2067 1963 regu..

238 1833 602 2064 PRopter
638 1831 821 1878 multam
858 1827 1230 1896 perturbationem
1252 1866 1265 1890 ‚
1301 1828 1599 1879 &seditiones
1623 1867 1636 1891 ‚
1672 1848 1770 1898 quae
1794 1830 1929 1890 fiunt,
1967 1830 2064 1896 plav‘

470 1972 558 2019 lam
594 1971 641 2017 in
670 1967 932 2038 quibusdam
969 1970 1165 2037 partibus
1201 1968 1375 2022 videtur
1409 1968 1586 2019 admissa
1622 1992 1643 2028 ς.
1679 1973 1743 2019 ita
1779 1969 1918 2031 utqde
1954 1972 2066 2019 civi-

471 2056 563 2095 tate
597 2036 660 2094 ad
689 2042 918 2095 §ivitatem
954 2057 1042 2090 non
1077 2039 1316 2109 Episcopus
1339 2077 1352 2101 ‚
1389 2059 1478 2095 non
1513 2041 1744 2108 Presbyter
1766 2077 1780 2101 ‚
1829 2052 1918 2090 non
1953 2043 2067 2090 Dia-

228 2126 366 2160 conus
402 2111 683 2166 transferatur
709 2148 722 2165 ,
771 2114 815 2160 Si
850 2114 950 2179 quis
986 2126 1131 2161 autem
1166 2110 1263 2179 post
1297 2107 1596 2167 definitionem
1645 2109 1776 2171 saneti
1823 2115 1867 2159 &
1914 2114 2066 2174 magni

229 2180 427 2230 Concilii
464 2183 551 2230 tale
586 2180 696 2249 quid
732 2182 858 2245 agere
893 2183 1130 2230 tentaverit
1149 2218 1162 2243 ‚
1199 2186 1242 2231 δε
1278 2179 1319 2230 se
1354 2179 1646 2247 hujuscemodi
1683 2184 1863 2244 negotio
1899 2184 2068 2230 manci-

222 2252 403 2319 paverit
429 2272 442 2310 3
479 2252 563 2301 hoc
601 2249 759 2301 fastum
794 2250 962 2320 prorsus
998 2253 1169 2315 irritum
1204 2250 1387 2301 ducatur
1419 2289 1433 2313 ,
1482 2256 1525 2300 &
1560 2251 1806 2306 restituatur
1842 2251 2067 2314 Ecclefiae‚

232 2325 353 2388 cujus
390 2320 474 2371 fuit
508 2319 749 2393 Episc0pus
771 2360 786 2387 ‚
822 2337 899 2378 aut
934 2322 1204 2398 Presbyter,
1239 2323 1311 2379 vel
1346 2324 1572 2371 Diaconus
1607 2320 1855 2372 ordinatus.

458 2471 882 2524 SCHOLION,

302 2611 430 2648 Anssus
452 2614 571 2653 Petrus
582 2614 788 2657 Antiochia,
815 2617 923 2652 Linus
946 2616 1122 2652 Vesontio-

327 2674 370 2699 ne
389 2664 534 2700 Romam
557 2667 704 2702 translati
727 2668 801 2702 sunt
815 2680 830 2709 ;
855 2668 990 2702 Marcus
1010 2677 1123 2702 autem

240 2711 396 2756 Aquileia
408 2714 664 2754 Alexandriam.
694 2717 936 2761 Episcoporum
955 2716 1123 2752 nihilomi-

241 2774 327 2803 nus,
353 2764 387 2802 ὅ(
407 2764 614 2805 Clericorum
633 2766 862 2806 translationes
882 2768 924 2802 ab
948 2768 1020 2812 ipsis
1033 2766 1124 2811 Apo·

242 2812 336 2846 stolis
359 2814 475 2849 vetitas
496 2816 652 2851 testantur
675 2818 779 2866 Julius
789 2818 950 2856 Pontifex
962 2818 996 2852 in
1008 2818 1125 2852 litteris

242 2862 286 2901 ad
299 2862 476 2903 factionem
490 2866 709 2904 Eusebianam
719 2892 729 2908 ,
756 2869 791 2903 &
802 2867 1042 2902 Constantinus
1053 2868 1126 2902 Ma·

228 2923 331 2957 *gnus
353 2911 389 2948 in
400 2913 517 2951 litteris
538 2916 580 2950 ad
591 2916 772 2955 Eusebium
794 2917 1033 2957 Caesaraeensem
1049 2942 1060 2958 ,
1084 2917 1126 2952 ab

227 2962 319 3005 -ipso
348 2963 384 3001 in
411 2964 478 2999 vita
499 2965 713 3005 Constantini
725 2968 855 3002 relatis.
883 2967 1019 3005 Etenim
1043 2969 1130 3002 inter

228 3011 448 3054 Ecclesiam,
474 3026 513 3053 ac
525 3015 750 3060 Episcopum,
777 3029 838 3055 nec
858 3029 928 3052 non
955 3019 990 3055 &
1015 3029 1130 3062 quem-

245 3063 295 3097 vis
307 3062 500 3106 Geticum,
527 3066 699 3104 intercedit
719 3067 912 3113 conjugium
936 3067 1122 3112 spirituale,

1120 2477 1123 2479 ’
1182 2467 1390 2510 transferatur
1399 2482 1413 2511 ;
1429 2481 1466 2504 ne
1479 2471 1640 2515 vlrginalis
1647 2468 1838 2513 pauperculae
1850 2468 1990 2513 societate
2001 2479 2068 2502 con-

1180 2527 1296 2561 tempta
1316 2544 1327 2560 ‚
1353 2521 1474 2558 ditioris
1494 2522 1642 2554 adulterae
1662 2529 1782 2562 quaerat
1802 2521 1961 2561 amplexus
1980 2543 1987 2550 .
2014 2517 2069 2552 Ex

1180 2569 1283 2603 causls
1313 2580 1424 2609 tamen
1462 2569 1567 2614 potest
1606 2570 1642 2604 ὅ(
1667 2570 1765 2604 licere
1793 2594 1803 2609 ‚
1830 2570 1864 2603 &
1891 2569 2067 2613 expedire.

1180 2620 1250 2663 Ipsa
1270 2618 1405 2657 Nicaena
1429 2620 1585 2667 Synodus
1609 2644 1620 2660 ,
1647 2620 1727 2656 teste
1753 2618 1974 2653 Theodoreto
1990 2643 2001 2660 ,
2029 2618 2065 2651 in

1179 2669 1325 2707 desunffi
1348 2668 1434 2712 apud
1456 2670 1488 2704 se
1521 2668 1716 2714 Philogonii
1739 2669 1855 2703 Sedem
1881 2666 2066 2702 Antioche-

1181 2730 1258 2753 nam
1272 2719 1436 2758 transtulit
1447 2720 1601 2754 Sanstum
1625 2719 1833 2758 Eustatium,
1863 2717 2065 2761 Episcopum

1182 2767 1418 2804 Berrhaeensem
1431 2793 1438 2800 .
1466 2769 1608 2807 Ecclesia
1623 2769 1740 2807 Latina
1753 2769 1853 2809 usque
1877 2768 1918 2801 ad
1931 2769 2066 2802 Formo-

1183 2819 1204 2854 sr
1231 2818 1326 2862 Papae
1352 2829 1500 2862 tempora
1526 2818 1885 2863 rigidiffimeabstinuit
1904 2818 2068 2852 &transfe-

1183 2869 1295 2908 rendis
1316 2869 1506 2915 Episcopis:
1535 2869 1630 2915 Qin
1659 2870 1693 2904 &
1717 2868 1887 2906 Dominos
1909 2868 2068 2902 Cardina-

1185 2920 1250 2959 les,
1278 2918 1355 2956 licet
1367 2918 1541 2955 dumtaxat
1552 2918 1785 2961 presbyteros,
1811 2929 1868 2955 aut
1881 2918 2067 2958 Diaconos,

1185 2979 1267 3012 quos
1278 2967 1319 3007 ab
1330 2968 1496 3012 Episcopo
1509 2970 1567 3003 suo
1583 2969 1669 3005 intra
1683 2967 1847 3011 propriam
1868 2967 2068 3003 Parochiam

1186 3019 1348 3057 transferri
1376 3029 1582 3063 nequaquam
1608 3018 1762 3061 prohibet
1785 3018 1929 3058 Canon,
1955 3019 2068 3053 dicens

1186 3070 1358 3107 decivitate
1375 3075 1407 3105 dn
1415 3074 1572 3102 civitatem
1585 3092 1595 3107 ‚
1622 3068 1655 3107 ,id
1669 3068 1714 3103 est
1729 3093 1740 3110 ,
1768 3067 1809 3103 de
1820 3067 1918 3103 unius
1930 3069 1964 3102 in
1990 3069 2071 3102 alte-

244 3111 386 3156 ideoque
395 3114 565 3153 translatio
577 3115 623 3150 est
637 3116 840 3157 divortium,
865 3118 933 3153 fine
944 3118 1043 3158 causis
1055 3129 1122 3153 non
1190 3119 1255 3152 rius
1277 3118 1433 3163 Episcopi
1457 3116 1676 3159 parochiam,
1703 3119 1722 3157 a
1746 3118 1845 3154 titulo
1867 3119 1902 3152 in
1932 3118 2071 3153 titulum

243 3163 434 3198 faciendum
449 3189 456 3197 .
483 3170 666 3204 JnNicaena
676 3168 785 3205 synodo
797 3191 807 3207 ,
832 3167 944 3202 scribit
963 3167 1005 3202 ad
1017 3170 1123 3203 Ocea-

245 3223 328 3248 num
337 3213 472 3249 Sanctus
486 3216 738 3260 Hieronymus,
763 3219 783 3254 ἃ
806 3217 952 3253 Patribus
972 3217 1020 3258 est.
1032 3219 1127 3252 decre-

1190 3169 1310 3211 prii-S
1320 3168 1462 3206 mutavit
1475 3167 1663 3203 Alexander
1675 3169 1812 3212 quintus
1826 3193 1837 3209 ,
1863 3171 1958 3203 causa
1973 3168 2072 3203 schis-

1191 3219 1286 3252 matis
1295 3217 1499 3254 Clementini
1513 3242 1524 3260 ‚
1548 3218 1640 3265 quod
1652 3219 1729 3255 illos
1739 3220 1775 3254 in
1785 3218 1981 3266 quibusdam
1995 3219 2072 3254 titu-

243 3269 307 3301 tum
322 3287 334 3305 ,
382 3276 420 3301 ne
445 3266 483 3300 de
506 3268 569 3302 alia
588 3268 634 3301 ad
656 3268 750 3302 alium
783 3265 941 3310 Ecclesiam
961 3266 1126 3311 Episcopus
1190 3269 1229 3302 lis
1239 3268 1423 3313 geminarat
1440 3292 1447 3303 .

1535 3525 1553 3529 ‘
1850 3513 2022 3553 CANON

2084 2643 2116 2676 L,
2123 2648 2172 2671 ιε.
2178 2649 2204 2680 7.
