2346 3776
643 73 1055 129 SenoL11S,Er
1090 84 1260 118 Νοτιε
1298 85 1660 123 urusrRAu.

752 253 930 329 Cib-A,
997 256 1055 315 N
1120 256 1180 310 O
1250 258 1359 367 N⁴
1420 257 1534 319 ΙΙ·

416 502 459 546 &
503 495 803 546 deficientibus
849 498 1168 560 adhaeserunt,
1216 514 1292 548 aut
1340 497 1550 551 adhaerere
1611 507 1878 553 tentaverint
1919 543 1933 566 ‚
1982 511 2052 557 vel

416 570 548 618 etiam
594 567 824 636 postquam
870 567 1199 636 subscripserunt
1246 568 1440 623 Nestorii
1474 569 1731 638 depositioni
1761 611 1774 634 ‚
1822 576 1963 630 rursus
1998 577 2055 632 ad

227 427 404 652 SI
437 428 516 494 qui
551 441 696 481 autem
731 428 1027 481 Provinciales
1060 427 1278 496 'Episcopi
1315 425 1340 476 a
1375 426 1516 478 saneta
1569 432 1749 500 Synodo
1800 432 2052 500 abfuerunt,

416 638 666 687 defefflonis
701 627 948 687 consensum
984 654 1250 688 recurrerunt
1290 659 1302 687 :

1353 638 1459 687 Istos
1493 643 1659 707 placuit
1694 643 1842 694 sanctae
1877 647 2056 714 Synodo

230 709 402 774 penitus
437 710 601 760 alienos
637 706 716 760 effe
751 707 777 760 ὲ.
812 707 1053 770 sacerdotio
1075 747 1089 771 ‚
1125 713 1167 758 δε
1203 707 1229 758 a
1264 708 1399 773 gradu
1434 710 1629 761 cecidiffe
1644 749 1657 761 .

453 882 879 930 SCHOLION.

333 1026 479 1068 Eneralis
503 1027 657 1072 Synodus
679 1027 762 1062 solet
775 1028 837 1062 esse
856 1028 1013 1065 unanime
1033 1026 1113 1071 judi-

357 1077 446 1111 cium
467 1078 620 1112 omnium
640 1078 738 1113 trium
761 1077 1039 1113 patriarcharum:
1067 1078 1114 1111 At

236 1126 314 1160 vero
325 1126 360 1160 in
387 1125 448 1161 hac
460 1128 597 1170 synodo
612 1128 753 1171 Joannes
764 1127 996 1163 Antiochenus
1022 1126 1115 1162 schis-

236 1188 291 1212 ma
314 1176 393 1216 fecit
414 1177 479 1220 jam
505 1177 629 1213 dietum
654 1203 665 1219 ,
692 1188 825 1221 eratque
853 1178 991 1213 domum
1015 1177 1116 1214 redux

235 1226 423 1270 Epi-scopos
444 1228 542 1269 suos,
569 1228 626 1272 qui
649 1240 719 1263 non
744 1228 915 1263 adfiierant
933 1254 945 1270 ‚
970 1239 1117 1271 ornnem-

235 1287 300 1320 que
321 1276 450 1319 Synodi
477 1279 704 1313 austoritatem
727 1279 820 1312 omni
843 1289 965 1313 conatu
989 1280 1024 1313 ὅ(
1049 1287 1117 1313 arte

234 1326 550 1370 circumscripturus.
582 1329 676 1369 Huic
697 1329 786 1368 malo
808 1328 929 1363 Canon
954 1329 1014 1364 iste
1034 1338 1119 1364 uter-

235 1386 301 1418 que
325 1377 467 1411 occurrit
493 1403 498 1409 .
522 1379 567 1411 Et
586 1377 653 1421 jure
676 1379 796 1414 merito
818 1404 825 1410 .
851 1378 951 1414 Rene
970 1379 1061 1413 enirn
1083 1379 1116 1412 in

235 1427 351 1459 ostava
362 1426 498 1469 Synodo
509 1427 595 1462 dixit
609 1428 743 1463 Basilius
755 1428 924 1473 Augustus
934 1454 945 1470 ,
966 1440 1008 1463 ex
1022 1428 1119 1462 unius

240 1474 436 1510 Patffiarchae
458 1477 635 1521 iniquitate
658 1488 714 1512 aut
736 1479 825 1520 lapsu
847 1490 917 1511 non
937 1477 1042 1511 vitiati
1064 1477 1120 1518 Sy-

235 1524 385 1566 nodum,
410 1526 597 1560 dummodo
617 1522 813 1561 firmus‘stet
839 1549 850 1566 ‚
876 1526 935 1571 qui
959 1525 1026 1560 labi
1049 1537 1117 1559 non

1175 879 1298 923 potest,
1324 881 1478 916 omnium
1489 891 1587 925 caput
1611 882 1769 917 &lumen
1787 909 1798 924 ‚
1823 883 2018 920 Romanus.

1223 929 1476 974 Metropolitam
1492 955 1502 970 ‚
1530 931 1726 976 nullumque
1749 935 1945 978 generaliter
1968 936 2056 978 supe-v

1176 980 1293 1013 riorem
1317 981 1404 1023 posse
1426 981 1563 1024 judicari
1583 982 1601 1014 ὲ
1625 982 1762 1016 subditis
1779 1008 1790 1024 ‚
1817 983 1927 1018 statuit
1950 986 2056 1019 sextus

1177 1029 1297 1063 Canon
1323 1030 1504 1070 Nicaeum:
1531 1041 1618 1065 vetat
1639 1032 1673 1068 ὃς
1686 1034 1804 1076 quaevis
1825 1032 1947 1076 judicia
1970 1046 2056 1078 pexe-

1175 1079 1288 1123 grina.
1317 1080 1387 1114 Hic
1400 1081 1520 1119 Canon
1542 1083 1773 1127 exceptionem
1784 1084 1864 1122 facit
1885 1093 1941 1118 aut
1952 1084 2058 1118 osten-

1176 1129 1226 1162 dit
1250 1153 1261 1169 ,
1299 1128 1379 1163 dum
1405 1130 1449 1164 est
1473 1132 1566 1164 causa
1592 1132 1771 1167 criminalis
1802 1132 1844 1167 de
1870 1134 1940 1168 laesa
1966 1133 2055 1169 fides

1178 1178 1281 1212 Tunc
1304 1180 1393 1213 enim
1416 1180 1635 1223 Metropolita
1660 1182 1679 1216 a
1702 1182 1838 1220 subditis
1863 1183 2055 1226 Episcopis,

1178 1229 1343 1263 &vicinis
1366 1230 1591 1275 Metropolitis
1600 1230 1797 1274 orthodoxis
1820 1233 1923 1275 potest
1947 1233 2056 1266 omni-

1180 1278 1224 1311 no
1244 1278 1379 1321 judicari
1401 1281 1435 1314 ὃς
1457 1280 1604 1315 damnari
1625 1307 1631 1313 .
1659 1282 1708 1316 Ita
1731 1283 1766 1316 in
1786 1283 1900 1326 quinta
1921 1283 1976 1316 sua
1998 1283 2057 1325 Sy-

1179 1328 1269 1362 nodo
1293 1328 1377 1363 dixit
1390 1329 1606 1373 Symmachus
1630 1331 1870 1376 Pontifexpeffe
1882 1332 2056 1376 antiquum

1180 1378 1341 1413 Rornanae
1363 1379 1513 1414 Ecclefiae
1538 1381 1713 1415 Canonem
1734 1406 1745 1422 ,
1770 1391 1807 1416 ut
1825 1382 2014 1427 *Episcopus
2033 1383 2067 1472 J

1181 1427 1312 1462 subdito
1337 1441 1406 1463 non
1429 1430 1524 1472 possit
1548 1431 1762 1466 criminaliter
1787 1432 1929 1467 accusari
1955 1446 1965 1464 .-
1993 1436 2038 1464 Ni

1181 1483 1292 1511 tamen
1303 1481 1324 1512 ὰ
1335 1479 1415 1513 rebla
1422 1479 1485 1522 fide
1498 1480 1716 1514 exorbitaverit
1727 1506 1735 1513 .

730 1793 1284 1882 CAN-GN
1410 1791 1570 1847 ΙΙΙ.

402 1973 424 2018 I
458 1969 536 2034 qui
572 1965 677 2016 vero
722 1967 887 2020 Clerici
921 1968 969 2014 in
1004 1967 1176 2030 fingulis
1226 1965 1402 2018 urbibus
1438 1981 1513 2014 aut
1549 1966 1796 2030 regionibus
1846 1965 1872 2015 a
1908 1967 2068 2017 Nesto,-

385 2071 387 2073 >
436 2041 504 2089 rio
538 2075 552 2099 ‚
601 2041 646 2086 δε
686 2055 793 2091 cum
838 2055 894 2086 eo
940 2035 1286 2105 conspirantibus
1320 2073 1334 2098 ‚
1382 2035 1622 2086 sacerdotio
1667 2036 1880 2105 prohibiti
1929 2036 2023 2086 sunt
2054 2074 2067 2098 ‚

437 2106 559 2176 quod
592 2106 704 2160 retice
739 2107 946 2157 sentirent
979 2129 993 2167 3
1042 2108 1196 2174 justum
1232 2108 1480 2174 putavimus
1525 2108 1605 2155 hos
1639 2122 1815 2173 quoque
1849 2110 2070 2174 proprium

438 2177 621 2242 gradum
665 2180 857 2246 recipere
908 2214 921 2226 .
982 2182 1034 2228 In
1080 2176 1243 2230 summa
1289 2191 1433 2226 autem
1481 2178 1677 2225 Clericos
1723 2176 1978 2226 orthodoxae
2027 2182 2070 2227 &

238 2252 518 2299 oecumenicae
552 2247 731 2316 Synodo
762 2246 1081 2301 consentientes
1117 2247 1315 2313 jubemus
1350 2250 1412 2296 eis
1436 2284 1449 2307 ,
1485 2249 1561 2313 qui
1597 2246 1847 2295 defecerunt
1884 2263 1958 2295 aut
1994 2246 2070 2302 de-

241 2317 391 2370 sedturi
426 2318 523 2369 sunt
550 2356 564 2382 ,
600 2318 826 2388 Episcopis
862 2319 983 2368 nullo
1016 2322 1143 2386 paeto
1177 2333 1252 2370 aut
1288 2321 1456 2368 ratione
1491 2316 1698 2387 subjectos
1732 2315 1811 2366 effe
1847 2315 2002 2367 debere
2021 2355 2033 2365 .

254 2492 362 2501 .-.—....

753 2610 1305 2671 CANON
1433 2609 1576 2666 IV.

453 2783 531 2846 qui
567 2797 712 2831 autern
760 2784 1030 2832 Clericorum
1065 2782 1303 2833 defecerint
1338 2818 1351 2843 ,
1398 2784 1442 2830 &
1488 2779 1575 2828 ausi
1611 2778 1769 2827 fuerint
1821 2779 1893 2829 vel
1927 2782 2071 2847 priva-

244 2781 419 3007 SI
433 2852 515 2898 tim
550 2853 621 2901 vel
656 2851 827 2919 publice
863 2891 877 2915 ‚
914 2871 1010 2921 quae
1045 2853 1140 2903 sunt
1176 2853 1372 2902 Nestorii
1406 2867 1480 2902 aut
1516 2848 1690 2901 Celestii
1714 2886 1726 2910 ,
1764 2847 1905 2917 sapere
1928 2886 1940 2910 ,
1977 2848 2070 2903 san-

372 2985 386 2997 s
433 2922 570 2970 citum
605 2921 666 2969 est
695 2921 726 2975 *a
762 2920 902 2974 santia
935 2923 1114 2992 Synodo
1145 2961 1160 2986 ,
1196 2923 1299 2974 istos
1334 2939 1510 2990 quoque
1545 2919 1760 2987 depositos
1795 2918 1901 2969 effe.

1184 3103 1363 3138 ostendunt
1385 3101 1479 3136 illurn
1501 3099 1635 3135 delirare
1661 3100 1811 3145 antiquas
1844 3101 1879 3136 &
1898 3099 2068 3138 damnatas

1185 3165 1286 3198 nugas
1310 3153 1406 3187 Pauli
1425 3150 1672 3186 samosatenfis.
1702 3151 1809 3185 Fuisse
1835 3152 1935 3186 etiam
1957 3151 2067 3184 civita-

1182 3214 1212 3238 te
1238 3204 1354 3246 ejestos
1379 3203 1513 3239 testatur
1535 3200 1670 3235 Samstns
1692 3200 1878 3237 Celestinus
1908 3200 2066 3234 Pontifex

1185 3254 1219 3286 in
1230 3253 1345 3287 litteris
1355 3252 1395 3285 ad
1408 3249 1596 3285 Nestorium
1609 3274 1620 3289 ‚
1645 3251 1681 3283 &
1700 3249 1791 3284 addit
1807 3263 1815 3282 :
1846 3255 1998 3284 Laetamur
2017 3260 2064 3282 eos
2083 3262 2235 3294 [As-(mc,

292 3303 294 3307 ’
357 3300 406 3332 vis
422 3301 568 3335 Nestorii
584 3302 808 3345 Episcopisui
832 3302 1121 3345 praedicationibus
1179 3309 1339 3345 praemium
1350 3302 1523 3343 confefflonis
1544 3306 1695 3343 acquirere
1713 3325 1724 3340 ,
1752 3298 1811 3342 fid
1833 3302 1962 3333 dolemus
1984 3300 2067 3340 quad
2079 3298 2182 3338 Ephes-

239 3345 446 3391 *refistentess
474 3351 564 3384 fuisse
588 3351 702 3387 abillo
713 3352 1041 3391 excommunicatos,
1068 3352 1119 3385 de·
1184 3351 1327 3395 Episcopo
1343 3350 1558 3395 persequente.
1590 3350 1694 3386 Unde
1716 3349 1791 3383 illos
1815 3349 1856 3382 ab
1878 3347 1973 3384 omni
1985 3348 2065 3390 ejufi-
2077 3349 2102 3370 C·
2116 3344 2160 3370 18-

247 3393 417 3439 gradatos‚
444 3400 573 3443 pessime
597 3403 767 3441 tran‘latos,
793 3401 936 3435 ostendit
959 3402 1122 3436 eorumli-
1184 3403 1297 3444 modi,
1325 3413 1394 3438 non
1421 3401 1579 3435 sententia
1602 3410 1657 3434 aut
1678 3399 1811 3434 vinculo
1832 3422 1843 3438 ,
1869 3398 1923 3432 sed
1943 3407 2060 3433 contu,-

246 3442 353 3478 belius
378 3450 625 3488 contestatorius
652 3476 661 3491 ‚
698 3463 753 3495 per
780 3463 879 3494 quern
903 3452 966 3487 toti
993 3450 1120 3485 mundo
1182 3452 1280 3488 melia
1299 3452 1333 3486 &
1353 3451 1507 3486 convicio
1536 3449 1674 3490 liberat,
1700 3448 1892 3492 accipitque
1915 3448 1949 3481 in
1972 3448 2062 3482 suam

341 3494 484 3532 ,Canones
493 3500 699 3544 conaEphefi
712 3505 816 3534 Tomi.
1512 3499 1541 3532 E
1568 3511 1585 3533 e
1610 3510 1629 3533 e
1901 3542 1905 3545 ἢ
1926 3508 2013 3533 com-

466 3103 888 3153 SCHOLION.

334 3248 687 3295 Onstantinopolit'anae
710 3251 861 3296 Ecclesiae
871 3251 1017 3288 Clericos
1029 3278 1039 3293 ,
1067 3263 1124 3286 no-
