2346 3776
322 118 392 173 138
779 99 1218 150 DissERTATlo

321 186 449 222 sanstus
467 179 648 229 Gregorius
669 179 876 216 Turonensis
887 180 922 213 in
941 181 1049 223 Opere
1072 175 1113 212 de
1133 177 1205 222 glo-

321 237 368 270 ria
388 228 575 274 sanctorum
601 232 842 268 Confefforum.
878 230 958 263 Haec
985 229 1088 274 gratia
1114 230 1206 272 caepit

320 286 432 321 statim
452 283 494 320 ab
511 284 603 319 istius
615 279 957 326 Baptisteriiexordio.
986 277 1088 325 Quod
1101 278 1206 322 ipsum

322 329 604 377 evenisse'videtur
613 333 692 366 &in
704 331 776 365 aliis
785 330 853 375 jam
862 329 1002 365 laudatis
1014 329 1104 364 locis.
1141 329 1208 362 Eo-

323 380 399 422 tuin
418 386 508 420 enim
529 382 718 427 Baptisteria
731 390 824 415 erant
835 381 870 414 in
882 380 1043 415 altiffimis
1053 378 1186 422 rupibus
1198 402 1208 418 ,

320 431 443 482 (quibus
464 433 585 479 nullus
597 432 708 467 aderat
730 433 822 471 fons,
856 431 947 465 nulla
964 441 1048 474 aqua
1061 453 1072 470 ,
1098 428 1209 463 nullus

319 485 451 522 canalis.
479 478 607 518 Divina
627 480 814 516 Clementia
838 480 911 515 istic
922 480 1062 516 faciebat
1072 489 1211 524 quotan-

318 538 393 576 nis,
419 532 510 577 quod
531 532 608 567 aliis
629 532 667 566 in
687 531 770 567 locis
781 532 862 566 fecit
872 531 979 566 semel.
1009 530 1144 564 Etenim
1157 539 1211 561 va-

315 587 375 621 riis
397 582 476 618 hinc
495 582 573 618 inde
589 582 608 617 ὲ
618 581 755 627 rupibus
765 591 821 616 aut
833 581 1011 616 sicciffimis
1020 580 1124 614 arenis
1135 577 1211 612 edu->

316 635 370 670 xit
400 633 523 668 subitas
539 644 663 677 aquas,
688 642 726 667 ut
748 631 802 666 hic
827 631 878 666 vel
905 632 965 665 isse
987 629 1208 672 baptizaretur.

319 680 507 733 Qousque
518 683 683 718 duraverit
695 682 754 718 ist‘a
764 682 881 716 Gratia
899 706 911 721 ,
937 692 1007 714 non
1019 678 1136 722 poffim
1147 689 1211 712 cer-

318 734 356 773 ιὸ
379 733 608 770 demonstrare.
646 732 938 780 Qandocumque
963 728 1116 769 cessavit,
1143 728 1212 763 exi-

317 785 420 825 stimo
442 784 570 820 cessasse
591 782 636 818 ob
659 783 768 817 nostra
786 782 854 816 istis
877 779 1051 814 Miraculis
1068 778 1207 824 indigna

317 844 464 881 peccata.
491 835 582 869 Nam
604 834 639 868 &
658 832 703 867 ob
725 831 785 866 ista
805 829 936 865 ceffiwit
959 828 1153 864 miraculosa
1173 840 1210 862 ac

315 880 444 922 Divina
473 882 639 918 Paschalis
662 881 797 916 luminis
831 879 980 915 accenfio
1007 880 1043 914 in
1065 878 1208 913 Ecclesia

315 934 632 977 Hierosolymitana.
661 932 763 966 Hanc
781 930 918 975 exposui
943 930 979 965 in
1000 928 1143 964 Scholiis
1169 928 1211 963 ad

322 978 408 1030 Asta
419 984 520 1018 saneti
532 982 658 1016 Leonis
669 982 762 1015 noni.

370 1034 434 1068 Ista
445 1031 695 1076 Baptismalium
708 1042 866 1075 aquarum
877 1031 982 1076 gratia
993 1030 1099 1075 viguit
1110 1029 1211 1064 etiam

319 1083 358 1118 in
379 1082 545 1119 Orientali
569 1079 719 1116 Ecclesia.
747 1080 989 1116 lanrovincia
1015 1081 1135 1126 Lyciae.
1162 1081 1211 1113 lta

320 1133 458 1170 testatur
479 1133 515 1167 in
539 1132 710 1176 Spirituali
731 1131 832 1166 Prato
854 1131 981 1166 sanstus
1006 1129 1213 1175 Sophronius

319 1181 513 1219 ‘Patriarcha
534 1181 861 1225 Hierosolymitanus
881 1190 895 1214 r
926 1181 1039 1216 soruba
1050 1187 1137 1214 vicus
1148 1185 1212 1223 qui-

322 1235 396 1268 dam
408 1233 447 1275 est
457 1235 502 1267 ad
508 1234 626 1266 radices
640 1238 749 1265 montis
758 1257 769 1273 ‚
786 1239 819 1265 in
830 1243 886 1275 quo
891 1230 952 1273 fita
961 1230 1000 1272 est
1012 1229 1214 1273 Caeanenfium

322 1290 444 1318 civitas.
472 1288 511 1316 In
521 1294 552 1316 eo
563 1282 778 1324 Baptisterium
789 1281 828 1323 est
841 1306 852 1322 ‚
878 1282 959 1324 quod
969 1289 1003 1314 in
1010 1280 1127 1325 sam‘lis
1137 1283 1213 1323 Ept-

317 1334 446 1378 pbaniis
464 1331 567 1376 sudat.
596 1335 662 1376 ,Qui
668 1331 761 1375 sudor
767 1341 826 1376 per
838 1341 901 1365 tres
912 1331 1000 1364 boras
1013 1336 1159 1364 continuis
1169 1337 1213 1364 in-

322 1390 481 1419 crementis
495 1393 621 1427 augetur
632 1407 641 1423 ,
669 1384 703 1417 (¹5
710 1382 774 1425 post
784 1380 946 1426 Baptisma
952 1381 1110 1424 peraequm
1120 1381 1215 1415 decre-

318 1432 400 1478 scere
423 1439 535 1475 incipit.
564 1437 610 1465 Et
633 1432 730 1465 tribus
741 1433 812 1466 aliis
822 1431 1017 1475 borisfi’nsim
1028 1431 1134 1473 deficit.
1162 1429 1215 1471 Est

320 1485 366 1519 &⁴
379 1491 415 1518 in
439 1483 561 1525 Castello
583 1482 763 1531 CedeQatis
777 1507 787 1522 ‚
813 1484 893 1525 quod
900 1481 959 1525 sub
969 1491 1066 1514 monte
1077 1483 1216 1514 AEnoaen·

172 1206 301 1242 Cap.214

173 1253 241 1280 ²15·

321 1535 397 1568 airon
409 1535 562 1567 Civitatis
569 1531 658 1574 ffium
668 1532 705 1572 est
720 1557 730 1572 ‚
757 1532 977 1575 Baptisterium
989 1556 1000 1572 ,
1011 1533 1091 1574 quod
1098 1538 1130 1564 in
1142 1529 1216 1574 Pas-
1243 1545 1247 1549 ²

320 1583 524 1628 thalisantqae
534 1581 768 1626 Resurrec‘lionis
773 1582 949 1624 festivitate
960 1607 970 1623 ,
998 1593 1063 1614 cum
1075 1580 1115 1623 fit
1133 1582 1216 1623 lapis

322 1639 403 1668 unu‘s
417 1658 428 1674 ‚
455 1644 494 1667 ex
513 1631 548 1676 se
571 1631 634 1676 ipso
644 1635 780 1665 continue
792 1633 940 1673 impletur.
969 1635 1127 1673 Duratque
1137 1642 1218 1673 aqua

314 1685 377 1719 {iia
386 1682 476 1728 usque
498 1684 543 1715 ad
557 1681 742 1722 Pentecosten
757 1707 767 1722 ,
793 1693 919 1724 moxque
943 1680 1099 1726 transalla
1111 1683 1216 1714 Pente-

322 1734 391 1776 colle
403 1728 567 1776 evanescit.
595 1736 729 1775 Utraque
741 1735 813 1766 vero
826 1732 879 1772 ista
891 1732 1036 1764 miracula
1047 1737 1079 1764 in
1093 1733 1220 1764 Provin-

322 1791 370 1819 cia
381 1788 477 1824 Lycia
487 1783 573 1826 fiunt.
603 1783 635 1816 si
649 1785 719 1826 quis
730 1792 831 1816 autem
845 1781 907 1815 haec
918 1788 963 1814 ita
973 1782 1024 1824 effe
1033 1793 1091 1814 non
1101 1782 1196 1814 credit
1209 1805 1219 1820 ,

323 1834 416 1879 usque
428 1836 472 1867 ad
483 1837 602 1872 Lyciam
618 1857 628 1872 ‚
656 1844 713 1865 non
732 1832 770 1872 est
785 1833 904 1876 grande
924 1837 981 1864 iter
995 1856 1005 1871 ‚
1027 1839 1137 1874 pergat
1149 1854 1160 1870 ,
1185 1839 1220 1862 ut

324 1890 370 1919 rei
381 1879 499 1918 veritas
506 1883 600 1925 fidem
609 1882 654 1916 illi
657 1881 768 1923 faciat.
807 1881 901 1914 Prius
917 1880 1148 1923 Baptisterium
1162 1880 1220 1913 im-

326 1934 478 1980 plebatur
489 1934 524 1967 in
547 1930 736 1976 Epiphania
748 1945 758 1965 .·
787 1930 891 1979 Qod
913 1930 972 1965 ista
987 1929 1132 1964 Ecclesia
1156 1929 1219 1963 isto

322 1986 425 2020 etiam
435 1982 491 2018 die
509 1982 696 2026 baptizaret.
725 1981 830 2016 Hunc
843 1991 986 2024 namque
1009 1991 1136 2014 morem
1148 2004 1159 2020 ,
1186 1979 1222 2012 li-

327 2045 380 2071 cet
398 2033 519 2068 Latina
544 2031 685 2066 Ecclesia
698 2031 884 2065 constanter
905 2029 1100 2073 improbarit
1118 2054 1128 2070 ,
1154 2029 1223 2072 plu·

328 2094 379 2120 res
390 2093 501 2119 tamen
511 2080 699 2128 orientales
711 2080 824 2124 populi
837 2081 1095 2123 frequentarunt.
1114 2078 1223 2112 Poste-

329 2135 426 2170 rioris
437 2131 625 2177 Baptisterii
636 2130 830 2175 adimpletio
842 2129 1036 2174 perdurabat
1055 2130 1157 2172 usque
1181 2128 1222 2162 ad

330 2182 563 2220 Pentecosten.
585 2181 689 2229 Qod
702 2191 819 2224 nempe
829 2181 863 2214 &
875 2189 956 2214 tunc
968 2180 1045 2214 esset
1058 2179 1224 2222 baptizan-

331 2232 422 2270 dum.
451 2230 563 2281 Qare
574 2230 729 2266 existimo
739 2230 803 2265 alia
826 2230 927 2274 etiam
947 2229 1139 2273 Baptisteria
1161 2228 1223 2262 isto

330 2286 419 2320 item
430 2284 485 2318 die
495 2282 590 2317 fuisse
601 2280 789 2325 adimpleta.
827 2275 921 2315 Dum
940 2291 1059 2323 nempe
1069 2279 1172 2322 aliqui
1183 2279 1225 2312 es-

187 2353 314 2392 c2f3193
333 2337 407 2370 sent
419 2332 623 2378 baptizandi.
635 2330 822 2365 Laudatum
832 2330 1006 2374 Spirituale
1018 2329 1156 2363 Pratum
1167 2340 1226 2362 no-

333 2386 386 2421 bis
396 2379 689 2420 exhibet&alium
710 2382 809 2415 saneti
833 2380 922 2414 Petri
943 2378 1067 2417 Actum
1087 2390 1125 2414 ac
1146 2377 1227 2421 judi-

336 2435 429 2471 cium
441 2449 451 2468 .-
479 2439 685 2476 Interrogatus
708 2431 745 2472 est
766 2431 929 2473 aliquando
944 2428 1070 2473 sanc‘lus
1093 2428 1227 2462 Athana-

333 2485 395 2528 fius
408 2509 418 2524 ‚
428 2482 581 2526 postquam
594 2483 788 2514 Alexandriae
801 2478 966 2523 Episcopus
974 2479 1146 2519 constitutus
1149 2478 1228 2520 fuit,

336 2547 379 2568 an
386 2534 476 2578 paffet
487 2530 638 2575 quispiam
643 2529 706 2572 fine
726 2532 803 2563 Fide
823 2530 974 2571 baptizari
990 2528 1156 2573 secundum
1177 2532 1229 2561 Ri-

337 2579 403 2619 tum
416 2580 705 2625 &praedicationem
714 2579 967 2620 Christianorum:
997 2583 1057 2612 Aut
1068 2578 1099 2621 fi
1113 2580 1212 2612 creder

334 2633 368 2679 se
385 2632 528 2675 fimulans
542 2656 552 2672 ,
578 2630 727 2673 aliquibus
752 2631 821 2662 aliis
846 2628 1034 2671 occafionibus
1056 2629 1229 2671 baptizatus

335 2684 459 2728 fuiffet,
484 2681 608 2725 quidde
618 2681 665 2714 illo
675 2678 866 2723 sentiendum
878 2704 888 2719 ‚
914 2688 968 2712 aut
987 2680 1126 2720 quomodo
1142 2676 1230 2721 susci-

338 2741 408 2777 piat
420 2734 504 2766 illum
527 2732 635 2765 Deus?
662 2733 709 2763 Et
730 2728 881 2773 respondit
895 2730 1016 2762 dicens:
1046 2730 1158 2761 Audivi
1178 2729 1231 2760 ali-

342 2785 462 2827 quando
478 2784 498 2814 ἃ
510 2781 679 2815 Senioribus
693 2780 794 2820 nostris
807 2804 816 2820 ‚
828 2780 909 2822 quod
920 2779 1004 2812 beato
1014 2781 1101 2812 Petro
1113 2782 1143 2811 E
1140 2776 1234 2819 pisco-

339 2835 423 2876 po&
437 2836 565 2871 Martyri
578 2856 588 2871 ‚
615 2842 679 2864 cum
681 2830 774 2872 falla
787 2830 853 2874 effet
874 2830 1062 2869 mortalitas,
1090 2829 1124 2862 (θ’
1144 2829 1235 2870 pleri-

346 2895 403 2925 que
413 2884 456 2915 ad
468 2879 631 2924 Baptisma
642 2905 653 2921 ,
678 2886 783 2913 mortis
800 2886 902 2913 timore
915 2903 925 2919 ‚
945 2878 1134 2922 confugerent
1149 2903 1157 2916 ,
1182 2885 1236 2918 ap-

343 2939 485 2974 paruerit
498 2932 628 2975 Angelus
642 2928 879 2973 humanaspecie
892 2954 902 2969 ,
930 2931 1030 2962 dicens
1044 2942 1055 2961 .·
1082 2928 1237 2971 ‚Quamdiu

350 2981 400 3016 hic
422 2986 519 3014 mittis
544 2979 701 3023 Marsupia
719 2979 773 3021 ista
792 3003 802 3019 ‚
821 2979 944 3024 fignata
964 2980 1084 3021 quidem
1096 3003 1106 3018 ,
1133 2983 1238 3010 inania

350 3041 450 3064 autem
467 3031 591 3072 prorsus
609 3032 643 3064 (9·
663 3042 762 3064 vacua
774 3054 785 3070 ,
812 3031 847 3063 (π
868 3029 949 3062 nihil
968 3030 1050 3062 intus
1071 3027 1239 3060 habentia?

353 3084 457 3112 Erunt
467 3087 571 3121 itaque
586 3104 596 3119 ,
623 3090 770 3122 quantum
785 3091 822 3113 ex
834 3081 937 3124 Angeli
960 3089 1030 3112 voce
1051 3079 1190 3118 conjicere
1208 3078 1240 3110 li⁴

329 3139 402 3165 ,acet
416 3153 426 3168 ,
446 3127 559 3172 fignum
570 3128 711 3162 babentes
726 3128 899 3172 Baptismi‚
926 3135 1065 3171 quoniam
1085 3129 1118 3161 <J
1139 3127 1242 3169 benefi-

361 3185 438 3212 cium
454 3180 577 3220 aliquod
598 3179 802 3218 existimarunt
814 3178 847 3222 se
866 3178 1017 3222 conftqui‚
1037 3177 1069 3219 fi
1085 3176 1250 3222 Baptisma

351 3227 532 3272 suftiperent
542 3251 552 3267 ,
562 3237 650 3269 atque
663 3230 769 3261 idcirco
782 3228 1018 3272 batpizatifimt.
1056 3226 1241 3261 Istiusmodi

365 3277 461 3311 vacui
474 3276 566 3310 Vafis
577 3278 770 3310 memoriam
782 3277 939 3313 habemus
959 3280 1060 3312 etiam
1080 3278 1114 3310 in
1132 3276 1246 3311 Dialo-

364 3327 415 3373 gis
428 3325 549 3370 Magni
573 3326 734 3370 Gregorii.
769 3327 844 3360 lllic
868 3327 1033 3363 Diabolus
1052 3327 1093 3362 de
1115 3327 1246 3371 Judaeo,

365 3376 465 3423 quise
475 3375 543 3418 ejus
554 3375 674 3409 timore
684 3376 822 3419 signarat
833 3377 1036 3412 Sacrosancta
1054 3389 1150 3412 cruce
1161 3401 1171 3417 ,
1191 3375 1245 3410 ad-

367 3427 490 3462 mirans
502 3425 580 3459 dicit
594 3439 604 3457 .·
633 3429 686 3457 Vae
699 3448 709 3463 ,
720 3436 771 3457 vae
782 3449 792 3464 ,
804 3437 855 3458 vae
866 3450 877 3465 ‚
903 3430 965 3459 Vas
976 3430 1103 3460 vacuum
1113 3426 1247 3471 &figna-

371 3486 444 3512 tum.
471 3473 574 3509 Porro
584 3474 725 3520 grassans
734 3483 768 3507 tu
774 3487 813 3508 nc
824 3476 1006 3518 pestilentia
1027 3477 1150 3512 multos
1162 3477 1252 3511 Gen*

225 3403 284 3435 Lib.
306 3412 320 3439 3
333 3430 339 3437 ,

225 3453 290 3483 cas·
307 3452 331 3476 7·

1269 95 1698 152 Pnoemmms:

1268 178 1340 226 tiles
1349 183 1510 227 compulit
1520 183 1560 217 ad
1571 183 1769 218 credendum
1790 183 1824 218 in
1848 181 2015 221 euaristum
2026 185 2149 221 Domi»

1269 240 1348 264 num
1359 255 1370 272 ,
1381 232 1422 267 ad
1432 233 1591 278 agendam
1603 234 1830 276 poenitentiam
1841 260 1851 276 ,
1863 235 1903 269 ad
1915 234 2146 279 postulandum

1268 280 1441 325 Baptisma.
2154 302 2156 305 ·

1318 331 1475 370 Notanda
1488 334 1563 366 sunt
1572 331 1753 375 Sophronii
1765 335 1859 370 verba
1881 349 1888 369 ε
1916 336 2045 369 Credere
2065 334 2100 379 se
2109 333 2148 378 fi-

1270 382 1409 423 mulam,
1434 383 1584 426 aliquibus
1603 383 1675 416 aliis
1692 383 1878 431 occafionibus
1900 386 2074 429 baptizatus
2079 385 2151 427 fue-

1270 436 1321 463 rit.
1348 432 1391 467 Et
1401 432 1466 467 haec
1484 446 1492 464 ε
1518 435 1670 476 ‚Quoniam
1682 434 1893 482 &beneficium
1912 437 2038 479 aliquod
2053 434 2157 476 existi*

1270 481 1431 526 maranisi
1441 482 1582 527 consequi.
1610 482 1797 528 intelligere
1815 484 1882 521 haec
1901 488 2022 531 poteris
2034 498 2076 520 ex
2089 485 2152 518 Ar-

1269 542 1429 576 gumento
1442 557 1452 573 ,
1478 533 1567 576 quod
1585 543 1699 567 contra
1710 534 1900 577 Spirituales
1912 537 2014 571 nostri
2026 536 2154 580 Baptis-

1270 581 1315 614 mi
1326 581 1457 616 effestus
1466 583 1544 618 fecit
1557 582 1587 617 A
1593 583 1716 627 postata
1729 595 1768 618 ac
1789 585 1970 629 Imperator
1987 587 2133 631 Julianus
2143 599 2154 619 .-

1269 634 1316 664 Et
1327 631 1449 674 Leprofi
1454 634 1574 676 quidem
1585 635 1699 676 lepram
1710 633 1873 678 Baptisma
1882 647 1940 669 non
1948 638 2057 670 adimit
2069 662 2080 678 ‚
2102 647 2155 669 nec

1261 687 1458 731 ¹impetigines
1471 708 1482 724 ,
1506 692 1562 717 aut
1573 687 1739 728 vitiligines
1749 710 1761 726 ‚
1787 696 1840 719 nec
1850 697 1993 719 verrucas
2006 686 2129 728 infestas
2141 710 2152 726 ‚

1270 743 1322 777 nec
1326 733 1495 776 podagram
1504 758 1516 775 ‚
1543 745 1595 767 nec
1620 735 1819 778 dyssenteriam
1826 759 1837 775 ,
1862 747 1916 770 nee
1932 746 2044 778 aquam
2066 741 2157 780 inter-

1270 791 1365 815 cutem
1378 806 1388 822 ,
1414 794 1467 816 nec
1476 785 1637 818 reduviam
1649 810 1659 826 ‚
1685 797 1744 818 non
1750 793 1888 827 parvum
1900 810 1910 826 ,
1936 798 1994 819 non
2015 787 2162 829 magnum

1270 838 1398 874 corporis
1410 839 1520 868 vitium
1530 847 1544 876 ;
1569 836 1720 868 adulteria
1738 838 1809 870 verb
1830 861 1841 876 ,
1867 842 1995 878 rapinas
2013 837 2162 870 &omnia

1271 884 1387 915 omnino
1405 889 1500 917 animi
1514 892 1640 926 peccata
1659 891 1778 920 eximet.
1808 886 1865 920 Est
1879 886 2024 921 Gentilis
2037 885 2164 920 Sarcas-

1272 981 1454 1026 respondit:
1485 984 1613 1018 Relictis
1625 991 1685 1027 iis,
1711 985 1861 1030 quaefimt
1870 987 2162 1031 altioris-inteiligem

1274 1038 1345 1072 tice,
1372 1033 1417 1067 aa
1424 1034 1476 1066 illa
1488 1035 1566 1067 nunc
1572 1037 1672 1076 potius
1689 1048 1734 1070 me
1744 1047 1940 1078 convertam,
1960 1046 2021 1079 per
2029 1048 2097 1079 quae
2120 1046 2164 1070 te-

1273 1083 1351 1116 mere*
1361 1080 1468 1123 fertur
1489 1082 1683 1126 adversarius
1702 1110 1714 1126 ,
1749 1089 1916 1121 cavillandi
1933 1089 2032 1129 potius
2050 1086 2162 1128 studio-

1270 1131 1347 1176 sus,
1375 1133 1467 1174 quam
1477 1137 1546 1166 veri
1559 1134 1714 1177 itelltgens.
1740 1139 1815 1170 Non
1835 1143 1989 1176 promittit
1998 1137 2111 1169 morbos
2117 1133 2166 1179 so·

1273 1184 1369 1216 lutum
1389 1187 1430 1215 iri
1450 1180 1614 1226 Baptisma
1628 1181 1774 1227 salutare.
1813 1186 1922 1228 ,Quare
1943 1185 1976 1227 fi
1994 1185 2046 1218 boc
2065 1186 2167 1227 minus

1269 1231 1414 1275 praestet‚
1441 1243 1478 1266 ne
1500 1234 1626 1266 muitum
1644 1239 1773 1267 mireris.
1808 1239 1897 1268 Nam
1910 1233 1942 1277 fi
1957 1231 2093 1276 christus
2111 1246 2167 1278 anf

1275 1286 1394 1322 nuerit,
1421 1283 1466 1314 ad
1482 1281 1534 1316 hoc
1558 1288 1653 1316 etiam
1674 1295 1757 1325 aqua
1777 1285 1862 1317 nobis
1877 1284 2026 1328 sufficiet,
2051 1279 2171 1319 neeimss

1271 1334 1444 1375 pedimento
1462 1333 1633 1375 quidquam
1648 1332 1719 1375 fhre
1732 1332 1831 1375 facile*
1842 1334 2014 1369 videbimus
2025 1359 2036 1375 ,
2059 1332 2089 1380 s?
2101 1340 2173 1369 vin·

1266 1439 1532 1475 reputaverimus.
1560 1434 1658 1476 ,Quod
1664 1439 1744 1467 enim
1754 1436 1894 1468 Miraculi
1910 1446 2007 1479 genus
2026 1434 2066 1467 ab
2078 1445 2109 1468 eo
2113 1433 2172 1476 fae'-

1266 1483 1356 1516 ’ἅνω
1378 1487 1437 1515 non
1459 1481 1522 1522 est?
1547 1484 1643 1526 ,Quod
1664 1487 1735 1517 verti
1749 1482 1815 1528 ficae
1827 1488 2013 1518 Divinitatis
2024 1491 2171 1526 nonprae-

1277 1533 1342 1567 buit
1365 1534 1606 1576 Argumentum?
1632 1536 1725 1567 Nutu
1734 1541 1815 1567 enim
1820 1540 2004 1576 praepotenti
2026 1531 2170 1577 Leprofhs

1273 1588 1443 1626 purgavit,
1471 1582 1651 1624 &droptcos
1670 1584 1767 1617 morbo
1785 1584 1930 1619 liberavit
1943 1608 1955 1626 ,
1981 1581 2170 1627 claudosola

1278 1633 1438 1666 voluntate
1450 1633 1618 1676 gradiendi
1639 1634 1762 1675 offiium
1771 1633 1921 1676 restituit,
1942 1633 2128 1677 perfecitque
2136 1644 2171 1668 ut

1280 1688 1405 1715 incitato
1426 1680 1512 1725 cursu
1534 1685 1634 1716 Cervi
1652 1683 1745 1724 instar
1761 1685 1889 1718 exiliret.
1925 1687 2010 1718 Caeco
2024 1689 2172 1726 pracepit

1280 1733 1373 1765 oculos
1398 1737 1487 1773 aquis
1508 1733 1582 1765 siloe
1608 1732 1735 1767 abluere.
1763 1732 2172 1777 ,Quofaaotnsoittumeiiu-

1281 1793 1351 1815 men
1374 1779 1483 1822 affulfit
1506 1806 1517 1821 ,
1544 1780 1763 1825 denfifflmaeque
1781 1783 1926 1816 oculorum
1950 1782 2082 1817 tenebrae
2101 1783 2176 1824 dff-

1277 1839 1365 1872 patae
1384 1829 1468 1873 fient.
1496 1832 1563 1874 ,Qui
1583 1842 1652 1876 ergo
1671 1843 1721 1872 res
1743 1842 1809 1866 tam
1832 1839 1961 1866 eximias
1982 1834 2060 1867 nullo
2075 1832 2174 1867 labore

1278 1879 1431 1923 perfecit,
1457 1880 1493 1913 (Β
1515 1886 1604 1923 aquis
1627 1880 1694 1923 ipfis
1708 1880 1775 1925 ficae
1789 1882 1949 1925 potestatis
1972 1883 2173 1926 efficacitatem

1284 1978 1447 2023 Baptffma
1469 1980 1634 2020 tribuitur,
1661 1988 1740 2014 omni
1761 1982 1858 2015 morbo
1877 1990 2005 2025 corporis
2028 1989 2175 2025 potentio*

1285 2042 1347 2063 rem
1370 2029 1526 2070 effecerit?
1549 2031 1610 2063 sed
1630 2037 1663 2063 in
1681 2033 1756 2064 alios
1775 2030 1845 2074 usus
1863 2031 1959 2076 ipsam
1972 2033 2055 2066 nobis
2066 2034 2175 2067 datam

1286 2081 1502 2113 contendimus.
1532 2081 1621 2114 Data
1640 2081 1738 2115 nobis
1757 2082 1802 2116 est
1824 2083 1865 2117 ad
1886 2083 1974 2117 solos
1985 2082 2176 2127 Spirituales

1286 2131 1319 2162 in
1345 2128 1405 2163 hac
1430 2129 1496 2163 vita
1520 2131 1659 2164 effeetus.
1688 2131 1850 2166 Rationes
1867 2133 2028 2167 adducere
2042 2144 2112 2167 non
2129 2131 2176 2167 est

1287 2178 1382 2221 hujus
1401 2178 1476 2212 loci.
1505 2178 1640 2214 Interim
1664 2182 1862 2226 quandoque
1881 2193 2033 2226 operatur
2053 2184 2087 2217 &
2108 2193 2177 2217 cor-

1287 2229 1410 2272 poralia
1433 2227 1600 2262 beneficia.
1641 2231 1776 2265 Etenim
1797 2233 1831 2265 in
1858 2234 1915 2266 suo
1929 2233 2177 2277 Martyrologio

1286 2278 1397 2312 scribit
1421 2278 1547 2312 sanstus
1559 2279 1636 2314 Ado
1653 2282 1834 2325 Episcopus
1853 2283 2069 2317 Viennensis:
2095 2286 2177 2315 Erat

1288 2330 1375 2362 Miles
1389 2329 1513 2370 quidam
1524 2353 1535 2369 ,
1561 2337 1675 2364 nomine
1688 2335 1836 2365 Privatus
1850 2357 1859 2371 ‚
1886 2333 2034 2366 ulceribus
2041 2334 2151 2374 plenus
2168 2357 2180 2372 ‚

1288 2384 1339 2421 qui
1362 2378 1508 2411 doloribus
1530 2386 1676 2413 continuis
1694 2382 1891 2416 cruciabatur.
1922 2387 1979 2415 Hic
2001 2381 2077 2423 misit
2090 2381 2124 2425 se
2135 2383 2181 2415 ad

1285 2430 1379 2470 pedes
1397 2426 1497 2470 sancqi
1518 2431 1648 2463 Callixti
1666 2430 1863 2472 pontificis,
1889 2444 2002 2475 rogans
2012 2430 2179 2475 utfanaret

1289 2490 1353 2512 eum
1365 2477 1403 2509 ab
1415 2478 1559 2511 ulceribus
1570 2481 1607 2513 Ca·
1617 2482 1762 2515 doloribus
1770 2481 1845 2525 ficis.
1866 2485 1967 2525 ,Quem
1979 2494 2046 2514 mox
2052 2480 2178 2525 fimc‘lus

1291 2527 1434 2569 Pontifex
1455 2528 1492 2561 ab
1514 2530 1641 2562 ulcerum
1663 2532 1757 2564 dolore
1770 2531 1977 2573 acfoeditate,
2004 2530 2181 2572 finusl&ab

1291 2577 1470 2620 infideIItate
1488 2584 1520 2611 in
1541 2586 1657 2612 nomine
1673 2580 1860 2625 sanc‘liffimae
1887 2585 2053 2614 Trinitatis
2082 2582 2179 2623 bapti-

1292 2637 1395 2661 zatum
1415 2634 1543 2661 curavit.
1574 2630 1616 2663 Et
1638 2631 1672 2663 in
1696 2632 1762 2664 alio
1783 2631 1928 2674 ejusdem
1951 2632 2070 2675 Operis
2092 2632 2176 2666 loco.

1293 2681 1402 2711 Serena
1424 2677 1664 2719 Christianiffima
1675 2683 1771 2714 vidua
1780 2692 1881 2714 curam
1893 2681 2006 2714 babens
2015 2680 2116 2725 sanc‘li
2126 2684 2180 2714 Sa'-

1295 2729 1356 2760 bini
1377 2725 1533 2769 Episcopi,
1564 2730 1696 2763 adduxit
1719 2732 1837 2764 adeum
1849 2738 1882 2763 in
1892 2743 2037 2764 carcerem
2049 2740 2180 2773 nepotem

1291 2777 1378 2820 suum
1392 2775 1595 2819 Priscianum,
1622 2786 1673 2820 qui
1685 2789 1751 2813 erat
1763 2792 1856 2814 caecus
1869 2794 1876 2812 :
1903 2785 1985 2813 Tunc
1990 2780 2114 2824 samqus
2124 2783 2178 2813 Sa·

1297 2828 1384 2860 binus
1398 2836 1515 2860 truncos
1520 2826 1590 2870 suosr
1596 2827 1688 2870 super
1699 2832 1791 2863 oculos
1804 2830 1890 2874 ipsius
1898 2830 1998 2874 posuit
2010 2855 2020 2871 ‚
2039 2833 2073 2865 Θ
2081 2836 2114 2863 in
2126 2833 2181 2862 Fi-

1298 2879 1335 2910 de
1358 2875 1468 2916 Christi
1479 2901 1489 2917 ,
1515 2885 1645 2911 oratione
1651 2879 1766 2921 sada,
1791 2892 1857 2914 eum
1867 2882 2059 2915 illuminavit.
2090 2880 2185 2923 ‚Quod

1299 2939 1362 2959 cum
1384 2932 1555 2960 nuntiatum
1575 2929 1639 2971 effer
1660 2930 1835 2971 Venustiano
1854 2930 1979 2972 Rraefidi
1995 2930 2183 2963 indoluerant

1279 3006 1285 3018 ,
1302 2983 1378 3010 enim
1391 2982 1417 3009 ei
1428 2978 1500 3009 oculi
1511 3000 1522 3016 ,
1548 2979 1656 3020 &prce
1667 2981 1761 3014 dolore
1773 2993 1867 3023 neque
1882 2981 1976 3014 cibum
1988 3003 1999 3019 ,
2011 2991 2103 3021 neque
2106 2978 2182 3022 som-

1302 3039 1372 3059 num
1383 3034 1486 3067 capere
1492 3035 1613 3068 poterat
1626 3054 1635 3068 ‚
1659 3029 1734 3072 misit
1753 3035 1878 3064 Uxorem
1890 3028 1978 3072 fitam
2000 3031 2034 3063 Θ
2046 3030 2119 3061 duos
2132 3031 2184 3066 Fi-

1301 3080 1355 3109 lios
1371 3100 1382 3115 ,
1406 3086 1440 3108 ut
1449 3078 1633 3111 adducerent
1645 3079 1765 3113 beatum
1777 3080 1919 3114 Sabinum
1937 3079 1982 3111 ad
1989 3080 2106 3111 domum
2119 3080 2183 3119 eius

1303 3129 1340 3158 de
1350 3137 1474 3159 carcere.
1496 3129 1629 3160 Adducto
1641 3129 1913 3172 itaqueprcfiravit
1918 3127 1951 3171 se
1961 3130 2006 3161 ad
2015 3131 2080 3169 ejus
2089 3131 2184 3171 pedes

1304 3176 1497 3216 Venustianus
1509 3189 1575 3210 cum
1584 3179 1656 3218 fletu
1669 3204 1679 3219 ‚
1705 3184 1841 3222 Uxorque
1851 3181 1915 3219 eius
1929 3179 1964 3211 (⁸5
1983 3180 2079 3218 Filii,
2099 3190 2186 3223 agen-

1305 3237 1349 3259 tes
1369 3229 1582 3260 Poenitentiam
1594 3253 1603 3268 ,
1617 3231 1651 3262 (D'
1663 3238 1803 3272 rogantes
1809 3227 1844 3271 se
1854 3228 2013 3269 baptizari.
2040 3231 2111 3261 Mox
2138 3229 2188 3261 ba-

1304 3282 1440 3318 ptizatus
1452 3301 1462 3317 ,
1489 3287 1521 3309 ut
1545 3279 1582 3311 de
1594 3280 1677 3319 pelui
1694 3280 1816 3312 Iovarus
1836 3277 1875 3317 est
1888 3302 1900 3317 ,
1925 3280 2038 3312 nullum
2061 3280 2188 3312 dolorem

1283 1931 1398 1964 indidit
1410 1953 1419 1969 ,
1446 1932 1595 1973 numquid
1609 1933 1704 1973 plant³
1709 1939 1846 1975 gratiam
1856 1957 1867 1974 ‚
1894 1944 1962 1976 quae
1968 1940 2026 1975 per
2031 1931 2171 1976 satillum
2185 1960 2187 1964 ,

1306 3327 1448 3359 oculorum
1452 3325 1550 3370 ftnſst.
1578 3328 1710 3361 Sanetus
1732 3327 1870 3362 Sabinus
1890 3339 1957 3362 erat
1977 3328 2100 3371 Spoleti
2114 3329 2191 3372 Epi-

1309 3378 1430 3419 scopus.
1459 3377 1503 3410 Et
1517 3376 1557 3411 ad
1577 3379 1684 3420 quinti
1696 3377 1808 3411 Saeculi
1828 3377 1971 3420 primum
1983 3390 2108 3412 annum
2120 3379 2193 3412 scri-

1309 3426 1399 3460 bitin
1412 3426 1633 3460 Ecclefiastica
1645 3426 1792 3462 Historia
1804 3427 1992 3462 Cardinalis
2006 3427 2192 3463 Anastasius

1312 3476 1472 3510 Romanae
1485 3476 1631 3511 Ecclefiae
1648 3475 1921 3512 Bibliothecarius
1937 3492 1943 3511 :
1968 3482 2084 3515 Atticus
2105 3475 2194 3519 Epis—

2106 3534 2192 3568 copus

1272 942 1355 965 mus:
1381 932 1425 966 Et
1438 934 1563 968 sancstus
1584 934 1798 970 Alexandr-iz
1809 934 1999 972 Patriarcha
2011 935 2160 979 Cyrillus
2175 944 2235 976 Lib.
2245 954 2272 979 ⁷·

1266 1385 1342 1424 ejus
1367 1381 1572 1423 ineffabilem,
1598 1384 1633 1416 Θ
1651 1381 1751 1426 supra
1770 1395 1883 1418 omnem
1895 1382 2171 1427 naturam-postcunt
2208 1424 2210 1426 ¹

2200 2274 2311 2327 iti-Ost.

2197 2671 2314 2707 30.Dec.
