2346 3776
64 277 85 309 E
88 275 148 315 pist.
153 281 180 307 6.

63 657 180 697 Epist-5.

62 1077 120 1110 L7.
142 1083 182 1106 c.1
197 1086 216 1104 ι.

643 117 950 175 Senomrs,
986 134 1049 163 ET
1084 132 1255 164 Νοτῐε
1291 131 1662 166 urusraarr.

237 214 313 238 eum
336 204 372 238 in
392 201 580 248 Episcopali
611 202 724 237 officio
749 203 934 237 eruditurus
954 228 960 235 .
991 203 1116 238 Eadem

235 254 289 287 via
311 255 429 288 suame
455 254 541 287 laico
553 253 800 296 promotionem
824 253 996 296 justificare
1022 266 1115 289 cona·

235 313 289 337 tus
300 303 345 337 est
359 300 520 342 Photius,
548 303 712 346 respondit
725 302 803 337 vero
824 303 986 337 Nicolaus
997 305 1118 347 primus

236 353 396 387 Pontifex
419 377 430 393 ‚
458 352 666 387 Ambrosium
689 378 700 394 ‚
733 365 802 388 non
825 353 977 388 instinstu
1013 353 1120 388 horni-

236 414 318 437 num
339 427 349 442 ‚
385 402 438 436 sed
460 404 574 438 divina
595 405 772 438 vocatione
795 415 851 447 per
885 403 1118 438 miraculorum

237 452 387 496 prodigia
399 453 535 486 electum
548 479 558 494 ‚
589 454 778 488 Nestarium
794 452 872 487 vero
892 453 936 486 ob
961 465 1118 498 magnam

236 502 456 536 necessitatem
478 528 487 544 ‚
515 506 547 536 eo
568 506 649 546 quod
681 510 713 536 in
729 502 839 546 sanda
861 502 1120 546 Constantinopoli·

235 560 312 584 tana
341 552 466 594 Ecclesia
485 555 585 586 nullus
618 555 796 586 clericorum
816 559 941 594 reperm·
967 563 1084 597 poterat
1109 579 1120 594 ,

237 609 289 644 qui
295 603 422 644 peffimae
434 603 575 646 baereseos
587 602 718 645 nimbosa
727 605 853 647 caligine
876 615 932 636 non
936 603 1018 644 foret
1028 610 1120 645 Impe-

236 654 336 685 ditus.
364 653 530 687 inlitteris
553 654 592 687 ad
605 653 807 687 Michaelem
835 652 1044 696 Augustum,
1074 655 1120 687 fa-

236 704 323 736 &um
336 702 367 736 id
379 703 423 737 ait
436 704 454 736 a
466 704 604 737 secunda
616 703 754 746 Synodo
767 704 848 736 fulta
860 714 914 745 pet
925 702 1016 737 Sedis
1029 704 1119 746 Apo-

235 753 611 793 stolicaeaustoritatem,
639 752 672 787 id
684 752 754 793 est,
782 751 1120 797 subsecutamdispen-

234 803 388 836 satoriam
409 803 696 837 confirmationem
708 828 715 835 .

285 853 340 886 De
350 864 412 896 qua
424 853 586 896 quidquid
610 853 669 893 fit,
695 853 856 887 Romanae
876 865 913 887 ac
942 854 1006 888 toti
1020 853 1118 888 Occi—

234 902 360 936 dentali
387 902 535 936 Ecclesiae
555 902 721 946 displicuit
758 904 942 948 gravissime
969 904 1116 937 Flaviani

234 1003 398 1035 &novas
424 1002 569 1037 miserias
597 1002 818 1037 Antiochenae
844 1003 994 1037 Ecelefiae
1019 1029 1030 1045 ‚
1069 1014 1118 1037 to-

233 1053 363 1093 tiusque
375 1052 522 1086 Orientis
534 1078 541 1084 .
571 1052 659 1086 Nam
673 1053 706 1095 <Sc
720 1053 806 1087 hanc
827 1054 931 1096 ipsam
943 1053 1116 1096 Synodum

233 1102 374 1146 graviter
398 1103 491 1135 fuisse
513 1103 636 1137 scissam
651 1103 1004 1143 scribifflozomenus,
1031 1103 1116 1145 adeo

233 1162 270 1185 ut
288 1153 484 1187 exulceratis
505 1154 625 1187 animis
645 1178 655 1194 ,
683 1153 838 1194 nullaque
860 1153 900 1188 ad
925 1154 1116 1187 Romanam

234 1202 415 1237 Ecclesiam
438 1203 519 1236 fasta
543 1203 703 1237 relatione
724 1228 734 1243 ,
762 1202 802 1236 ab
826 1204 970 1237 invicem
983 1203 1117 1246 Episco-

235 1253 268 1295 pi
293 1252 492 1286 discesserint
513 1278 519 1284 .
551 1253 630 1287 Hoc
653 1253 724 1296 ipso
747 1262 837 1288 anno
862 1254 942 1287 fasta
963 1252 1117 1296 Synodus

234 1302 443 1345 Aquileenfis
455 1303 637 1344 Gratiano,
664 1302 905 1337 Valentiniano
920 1328 930 1342 ‚
952 1315 990 1336 ac
1002 1302 1118 1336 Theo-

232 1350 323 1385 dosio
361 1351 521 1396 Augustis
548 1353 730 1396 gratulatur
763 1352 806 1386 de
831 1354 1026 1387 confirmata
1062 1364 1117 1395 per

234 1399 321 1435 hanc
346 1401 519 1444 Synodum
546 1403 683 1436 Nicaena
718 1402 784 1437 fide
806 1426 817 1442 ,
855 1402 1026 1446 ejestisque
1063 1413 1117 1445 per

233 1451 322 1495 leges
345 1452 528 1495 imperiales
550 1450 710 1486 haereticis
735 1452 777 1486 de
804 1452 951 1486 Bafiiicis
970 1464 980 1492 3
1011 1451 1117 1494 gravi-

233 1511 283 1535 ter
298 1503 376 1535 vero
387 1501 478 1536 dolet
489 1502 614 1535 crebras
637 1503 722 1535 inter
735 1502 822 1544 ipsos
841 1500 1026 1534 catholicos
1040 1499 1117 1543 Epi-

232 1552 348 1594 scopos
371 1551 583 1584 dissensiones
593 1551 627 1583 ὅ(
640 1552 816 1592 impacatas
828 1549 1006 1584 discordias
1018 1574 1029 1590 ‚
1055 1561 1116 1584 nec

232 1611 303 1634 non
340 1598 529 1634 Timotheo
567 1599 799 1633 Alexandrino
837 1601 1002 1643 Episcopo
1030 1622 1040 1639 ,
1078 1612 1114 1632 ac

232 1648 375 1683 Paulino
400 1648 639 1690 Antiocheno,
665 1648 810 1691 antiquis
830 1650 945 1682 amicis
970 1648 1004 1683 ὃς·
1027 1660 1117 1682 com-

232 1699 406 1734 munionis
433 1699 530 1732 sociis
552 1723 562 1738 ‚
590 1699 728 1732 inlatam
750 1697 904 1741 injuriam
933 1712 943 1731 .-
972 1699 1115 1732 Paulino

235 1750 380 1793 promoti
408 1747 558 1783 Flaviani
585 1769 596 1787 ,
634 1746 823 1782 Timotheo
849 1748 1000 1791 injuriam
1027 1749 1113 1782 tertii

235 1799 407 1840 Canonis‚
433 1808 549 1833 contra
572 1800 701 1832 sextum
725 1798 896 1832 Nicaenum
917 1799 951 1832 &
975 1799 1117 1841 Aposto-

174 1863 177 1866 ⁴
235 1849 337 1883 licum
373 1848 584 1883 humiliantis
622 1849 800 1882 Ecclesiam
827 1846 1111 1882 Alexandrinam.

62 1985 218 2020 bacar.

63 2482 95 2512 L.
113 2488 178 2516 257.

68 3128 129 3162 Ly.
150 3136 217 3158 cdo

236 1900 382 1940 Duriora
410 1898 498 1933 haud
524 1898 626 1932 dubie
652 1899 775 1941 scripsit
804 1899 965 1932 Damasus
1002 1899 1118 1932 Ponti-

235 1950 312 1991 fex,
338 1960 437 1991 atque
458 1950 506 1982 ita
527 1950 649 1983 fastum
675 1948 719 1982 est
742 1973 753 1988 ,
779 1948 869 1991 quod
888 1949 990 1982 ’refert
1011 1948 1115 1982 Zozo·

236 2011 353 2034 menus
378 2012 386 2033 ε
415 2003 453 2032 Ut
479 2000 517 2032 de
556 1997 632 2041 bifie
665 1998 753 2032 rebus
779 1997 992 2046 cognosceretur
1017 2023 1026 2038 ,
1043 1997 1116 2041 scri-

231 2049 318 2093 psere
355 2059 419 2083 tum
458 2047 610 2091 Damasus
638 2048 782 2090 Pontifex
810 2073 821 2089 ‚
855 2057 920 2081 tum
947 2051 1115 2081 Gratianus

234 2105 400 2142 Imperator
427 2123 438 2140 ,
464 2105 498 2131 in
523 2100 708 2132 occidentem
732 2108 927 2132 convocantes
953 2097 1115 2141 Episcopos

235 2151 406 2184 orientales
433 2175 439 2181 .
466 2149 616 2183 Omnem
637 2149 809 2192 Synodum
836 2173 847 2188 ,
874 2150 1033 2182 fastorum
1071 2160 1117 2181 ra-

235 2200 345 2234 tiones
365 2198 585 2240 reddituram,
612 2210 673 2232 nec
694 2210 763 2232 non
780 2198 928 2240 &ipsum
954 2210 1029 2232 cum
1045 2198 1116 2231 Fla-

236 2251 335 2284 viano
357 2249 535 2283 Paulinum
562 2272 573 2288 ,
597 2248 647 2282 uti
668 2247 788 2283 diserte
809 2247 942 2281 testatur
964 2248 1113 2282 Flaviani

234 2299 464 2334 Encomiastes
485 2298 724 2333 Theodoretus
748 2322 758 2337 ,
785 2298 930 2332 Romam
957 2297 997 2331 ad
1026 2300 1114 2331 suam

236 2349 412 2393 Synodum
425 2350 588 2383 Damasus
610 2348 786 2389 evocavit,
813 2347 912 2390 idque
933 2347 967 2380 in
990 2358 1115 2382 annum

235 2397 388 2443 proxime
400 2400 588 2443 sequentem
600 2422 607 2431 .

288 2448 397 2484 Addit
416 2449 552 2482 tandem
571 2447 656 2492 apud
669 2446 829 2482 Photium
852 2449 885 2481 in
909 2447 1116 2483 Bibliotheca

238 2498 366 2534 Auctor
388 2498 580 2542 incognitus
601 2499 730 2533 causam
751 2499 861 2533 Sanffl
886 2498 980 2532 Pauli
999 2523 1010 2540 ,
1042 2499 1118 2542 Epi·

237 2549 326 2592 scopi
350 2547 719 2591 Constantinopolitani
750 2573 760 2587 ,
785 2548 827 2582 ab
855 2547 1117 2583 Eusebianorum

237 2598 413 2633 calumniis
436 2597 577 2632 absoluti
601 2609 656 2641 per
677 2597 851 2642 Synodum
870 2598 1093 2633 Sardicensem
1107 2623 1117 2638 ,

238 2649 273 2683 δε
309 2659 365 2692 per
391 2647 524 2682 eosdem
550 2647 754 2682 Eusebianos
787 2647 873 2692 apud
899 2647 1117 2692 Cappadociae

237 2698 409 2732 Cucusum
430 2697 622 2743 strangulati
645 2722 655 2737 ,
680 2699 775 2732 fuiffe
787 2697 900 2732 denuo
925 2699 1117 2742 probatam,

238 2747 374 2790 ejusque
390 2759 509 2791 corpus
535 2748 679 2793 gloriose
703 2748 895 2783 translatum
924 2748 1116 2783 Constanti-

241 2797 415 2841 nopolim,
442 2797 524 2832 adeo
548 2808 584 2832 ut
605 2798 715 2832 omnis
735 2798 889 2841 synodus
910 2798 1045 2834 obviam
1066 2799 1116 2832 illi

240 2847 424 2890 Processerit
460 2848 560 2891 usque
584 2848 832 2882 Chalcedonem
861 2862 871 2882 :
903 2849 1008 2890 ldque
1041 2859 1118 2883 cum

241 2899 402 2940 pomposo
424 2897 552 2931 lumine
575 2898 608 2931 &
629 2908 726 2932 cantu
747 2922 757 2937 ,
784 2898 902 2940 quibus
918 2899 1116 2935 San-storum

243 2947 396 2991 reliquias
424 2946 566 2981 Ecclesia
593 2949 717 2991 semper
743 2947 918 2982 honoravit
946 2973 953 2980 .

242 3006 314 3030 tum
338 2997 372 3030 in
396 2995 538 3030 Ecclesia
561 2996 677 3037 Pacis,
703 3008 759 3041 per
780 2997 1021 3032 Macedonium
1044 2998 1115 3032 Hae-

241 3047 431 3081 refiarcham
443 3058 480 3080 ac
502 3046 569 3089 ejus
588 3048 824 3089 persecutorem
842 3048 997 3083 exstructa
1010 3073 1020 3089 ,
1046 3061 1117 3092 quae

242 3097 321 3131 inde
343 3097 449 3130 Sansti
470 3096 566 3130 Pauli
587 3096 653 3130 dici
675 3097 829 3140 coeperit,
854 3109 892 3131 ac
905 3098 1013 3132 Sansti
1035 3098 1116 3133 Pau-

219 3147 225 3153 '
242 3147 267 3180 li
279 3146 433 3190 Apostoli
454 3146 495 3180 ab
519 3156 646 3180 errante
667 3147 762 3191 plebe
782 3146 986 3183 existimetur
1006 3172 1020 3191 ‚
1045 3149 1117 3183 scri-

243 3195 291 3234 bit
303 3195 456 3233 Hermias
466 3196 689 3232 Zozomenus.

340 3552 478 3582 canones
488 3551 672 3593 Conc.const.
686 3555 792 3585 Tom.1.

990 2948 1117 2983 Condi·
1138 2984 1145 2991 ,

1895 104 1957 185 36
1966 142 1982 173 1

1258 265 1512 318 CAPUT
1561 268 1967 332 QJARTUM.

1182 390 1238 432 De
1251 386 1462 432 canonibus
1473 390 1532 432 (φ
1542 385 1763 434 αωῖἶονὶταῖε
1779 385 1882 455 hujus
1900 394 1930 434 S
1917 390 2035 452 ynodi
2042 425 2055 436 .
2077 427 2080 430 -

1253 505 1351 538 Rima
1375 506 1506 547 quaestio
1526 506 1593 546 est,
1622 518 1662 540 an
1693 507 1846 550 Synodus
1870 506 1935 542 haec
1954 508 2059 543 edide-

1276 556 1317 587 rit
1338 556 1460 597 septem
1483 555 1666 590 canones?
1692 558 1793 591 Ratio
1816 558 1990 592 dubitandi
2010 559 2057 592 est

1181 605 1335 647 Dionysii
1354 605 1477 649 Exigui
1500 617 1537 638 ac
1548 606 1724 648 symeonis
1736 606 1931 651 Logothetae
1952 609 2061 642 austo-

1179 655 1278 694 ritas,
1307 666 1446 696 quorum
1460 654 1545 697 prior
1569 656 1656 689 solos
1678 667 1761 697 tres,
1789 657 1945 700 posterior
1970 658 2058 692 solos

1180 706 1234 738 sex
1249 705 1355 738 codici
1370 706 1427 738 suo
1443 705 1616 748 inscripsit.
1648 705 1689 738 Et
1706 707 1792 749 apud
1805 706 2002 741 Gratianum
2017 719 2072 741 exv

1180 754 1348 787 Cardinali
1380 754 1543 788 Anselmo
1569 755 1711 799 legimus
1737 756 1777 789 de
1807 755 1902 799 hujus
1931 757 2061 800 Synodi

1181 804 1370 847 Episcopis:
1397 805 1608 837 Condemnata
1619 806 1783 838 Macedonii
1807 805 1927 847 haerefi,
1946 806 2058 846 statue-
2078 813 2149 845 Djst.
2169 819 2213 847 ιε,

1178 865 1250 887 rum
1276 859 1500 889 canonesttres
1527 879 1537 894 ,
1563 866 1685 896 quorum
1712 857 1845 888 maxima³
1871 855 1971 899 audo(
1991 855 2153 898 fun-cdo·

1180 905 1345 937 Nedlarius
1365 903 1532 947 Episcopus
1558 904 1919 946 Constantinopolitanus.
2034 930 2039 933 >

1229 955 1332 1000 Qod
1354 955 1460 998 ipsum
1481 956 1515 987 in
1531 954 1719 988 Annalibus
1739 954 1836 989 habet
1846 956 2060 991 Hermannus
2079 974 2115 1004 A,
2126 975 2192 1009 331,

1183 1004 1393 1038 Contradius.
1422 1004 1465 1037 Et
1487 1006 1551 1047 ipsa
1575 1005 1749 1047 Synodus,
1775 1005 1922 1040 Damaso
1943 1005 2060 1040 Ponti-

1181 1055 1234 1087 fici
1256 1055 1395 1098 referens
1416 1055 1484 1087 asta
1498 1055 1552 1087 sua
1573 1054 1721 1088 distinste
1732 1056 1866 1095 omnia,
1893 1057 1987 1090 refert
2010 1057 2059 1090 so-

1179 1104 1249 1137 lum
1272 1105 1413 1147 primum
1435 1104 1611 1137 (janonem
1635 1105 1676 1138 de
1703 1106 1896 1139 confirmata
1920 1106 2058 1140 Nicaena

1180 1154 1244 1187 fide
1269 1179 1279 1193 ,
1305 1154 1339 1186 ὃς
1366 1153 1544 1187 seeundum
1566 1153 1612 1187 -de
1634 1154 1973 1190 administrationibus
2001 1156 2058 1189 seu

1181 1202 1391 1237 hierarchicis
1418 1203 1606 1248 Privilegiis
1634 1204 1848 1239 Ecclefiamm
1875 1230 1881 1236 .
1910 1206 2058 1247 Respon-

1177 1254 1239 1287 deo
1264 1264 1373 1287 tamen
1400 1255 1463 1287 esse
1491 1254 1630 1296 septem.
1660 1254 1793 1288 Etenim
1816 1255 1883 1298 ipsa
1904 1255 2058 1297 Synodus

1178 1302 1374 1346 Theodosio
1390 1303 1542 1347 Augusto
1565 1305 1660 1337 refert
1680 1305 1711 1338 se
1726 1317 1795 1338 non
1817 1305 1947 1338 tantum
1960 1305 2000 1338 de
2022 1305 2058 1338 fi-

1179 1352 1219 1386 de
1244 1353 1384 1387 statuisse
1398 1377 1407 1392 ‚
1436 1353 1488 1386 sed
1509 1353 1542 1386 δε
1565 1354 1671 1387 varios
1692 1354 1827 1388 edidisse
1839 1354 1995 1388 Canones
2016 1354 2059 1389 ad

1181 1403 1262 1437 reste
1287 1403 1510 1436 ordinandum
1538 1403 1687 1437 Ecclefiae
1712 1404 1830 1438 statum
1857 1405 1890 1438 &
1916 1404 2062 1447 discipli-

1183 1463 1257 1485 nam
1272 1475 1279 1482 .
1307 1453 1464 1496 Singulos
1488 1453 1616 1486 nostros
1643 1454 1764 1496 septem
1784 1452 1908 1486 habent
1921 1452 2061 1486 Photius

1181 1502 1216 1534 in
1237 1501 1512 1535 Nemo-Cauone
1535 1526 1546 1541 ‚
1573 1501 1731 1538 Arsenius
1753 1500 1935 1535 monachus
1958 1502 1992 1535 in
2014 1503 2063 1544 sy-

1181 1550 1272 1594 nopfi
1296 1551 1476 1584 Canonum
1498 1574 1510 1590 ,
1536 1548 1678 1590 Alexius
1699 1550 1863 1585 Aristinus
1890 1576 1901 1598 ,
1927 1563 1966 1586 ac
1989 1563 2063 1596 prae·

1180 1601 1287 1633 sertim
1308 1599 1427 1634 Codex
1447 1600 1627 1633 Canonum
1641 1601 1791 1634 Ecclefiae
1810 1602 1968 1635 universae
1983 1626 1992 1642 ,
2019 1602 2064 1635 le—

1181 1651 1248 1682 &us
1268 1650 1300 1682 ὃς
1315 1648 1469 1692 probatus
1492 1650 1526 1682 in
1550 1650 1687 1692 Synodo
1709 1649 1988 1685 Chalcedonenfi.
2018 1651 2065 1685 Et-

1181 1699 1341 1733 Nicolaus
1369 1699 1491 1742 primus
1511 1698 1671 1733 Pontifex
1696 1724 1706 1739 ,
1734 1701 1768 1733 in
1793 1701 1909 1734 litteris
1935 1701 1976 1735 ad
1997 1702 2065 1734 Mi-

1181 1748 1325 1783 chaelem
1339 1747 1526 1792 Augustum
1541 1773 1550 1788 ,
1577 1749 1710 1783 adducit
1722 1751 1897 1784 Canonem
1915 1751 2042 1785 sextum
2054 1776 2063 1788 .,

1228 1801 1375 1841 Symeon
1407 1798 1597 1842 Logotheta
1624 1823 1635 1838 ,
1665 1800 1774 1834 nescio
1797 1811 1861 1844 qua
1881 1801 1923 1835 de
1945 1802 2063 1841 causa,

1181 1849 1354 1892 septimum
1369 1873 1379 1888 ‚
1405 1849 1589 1891 Dionysius
1612 1849 1763 1894 Exiguus
1784 1859 1848 1884 tres
1870 1850 2063 1894 posteriores

1180 1899 1329 1937 omittit,
1357 1898 1461 1931 sciens
1483 1899 1686 1939 aRomana,
1714 1900 1748 1932 in
1770 1911 1834 1943 qua
1850 1900 1990 1945 degebat
2001 1901 2064 1934 Ee·-

1180 1949 1270 1983 clefia
1293 1947 1468 1991 improbari
1482 1972 1489 1979 .
1517 1949 1669 1992 Eumque
1691 1949 1922 1984 &cardinalis
1945 1949 2062 1984 Ansel-

1181 2010 1275 2039 mus,
1300 1998 1558 2032 &Hermannus
1570 1998 1971 2043 Contrastussequuntur.
2001 2001 2062 2035 Ea-

1180 2048 1308 2083 demde
1327 2049 1421 2081 causa
1433 2048 1587 2090 synodus
1614 2049 1701 2082 solos
1718 2049 1801 2083 duos
1812 2051 1958 2084 Damaso
1971 2050 2061 2084 Pon-

1180 2098 1263 2133 tifici
1275 2098 1384 2132 retulit
1399 2112 1409 2130 :
1437 2097 1604 2141 increpata
1616 2099 1705 2132 enim
1714 2099 1825 2133 retulit
1838 2101 1921 2134 irato
1935 2124 1945 2140 ,
1972 2100 2062 2135 ideo-

1181 2160 1243 2191 que
1268 2147 1510 2191 prudentissime
1535 2149 1636 2182 tacuit
1657 2160 1694 2182 ea
1716 2149 1850 2190 omnia,
1876 2161 1919 2183 ex
1941 2150 2060 2194 quibus

1183 2208 1278 2233 norat
1299 2198 1403 2231 acrius
1428 2197 1620 2231 irritandum
1643 2224 1650 2230 .
1680 2199 1723 2232 Et
1745 2209 1886 2242 quatuor
1908 2201 2060 2242 prioresa

1183 2250 1213 2283 se
1240 2247 1397 2282 addustos
1423 2248 1609 2290 Dionysius
1636 2248 1786 2293 Exiguus
1823 2247 1990 2283 contrahit
2016 2249 2060 2285 ad

1182 2310 1245 2332 tres
1272 2323 1282 2338 ‚
1309 2297 1480 2338 quomodo
1510 2298 1650 2332 Alexius
1677 2298 1844 2333 Aristinus
1868 2310 1909 2332 ex
1936 2301 2059 2343 septem

1182 2349 1259 2383 facit
1279 2349 1355 2382 0610
1369 2372 1379 2386 ‚
1407 2347 1544 2391 septimo
1566 2347 1672 2382 diviso
1692 2349 1726 2381 in
1750 2348 1850 2382 duos.
1879 2349 1984 2383 Porro
1996 2350 2060 2384 Ca-

1184 2409 1312 2433 nonum
1334 2396 1453 2431 horum
1474 2398 1671 2440 praecipuum
1693 2400 1856 2432 austorem
1878 2400 1970 2433 fuisse
1994 2399 2061 2434 Ne-

1180 2449 1313 2483 starium
1327 2471 1337 2486 ‚
1362 2448 1406 2481 est
1419 2458 1508 2480 error
1529 2447 1736 2482 manifestus.
1765 2448 1903 2482 Certum
1924 2449 1968 2483 est
1983 2461 2061 2483 con*

1180 2499 1269 2533 ditos
1293 2497 1353 2530 sub
1366 2497 1531 2541 Gregorio
1546 2498 1762 2532 Nazianzeno
1783 2508 1859 2531 ante
1880 2498 2058 2533 Timothei

1183 2547 1402 2583 Alexandrini
1441 2546 1624 2581 adventum
1649 2547 1682 2585 δε
1709 2547 1855 2581 Νεέὶειῐίἰ
1882 2549 2058 2592 Episcopa-

1181 2599 1245 2633 lem
1258 2598 1502 2641 provectionem
1518 2622 1525 2630 .

1231 2647 1380 2683 Secunda
1404 2647 1538 2691 quaestio
1564 2647 1609 2682 est
1629 2673 1639 2689 ‚
1666 2658 1708 2682 an
1733 2648 1848 2682 tertius
1871 2649 1990 2683 Canon
2013 2647 2057 2684 de

1182 2698 1272 2733 Sedis
1293 2697 1675 2741 Constantinopolitanae
1696 2698 1839 2732 secundo
1863 2699 1898 2732 i'n
1911 2698 2058 2733 Ecclesia

1182 2750 1259 2783 loco
1281 2748 1318 2781 fit
1336 2747 1444 2782 revera
1466 2747 1572 2781 edi-tus
1584 2747 1625 2781 ab
1646 2746 1707 2781 hac
1721 2747 1881 2790 Synodo?
1908 2748 2058 2796 Qidam

1181 2797 1324 2834 omnino
1345 2806 1468 2842 negant
1487 2822 1498 2837 ‚
1523 2797 1656 2839 quidam
1678 2798 1820 2831 fatentur
1839 2796 1966 2831 editum
1986 2823 1997 2839 ,
2023 2808 2058 2832 at

1183 2850 1218 2884 in
1243 2846 1388 2883 secundo
1415 2848 1580 2889 sequentis
1608 2847 1687 2880 anni
1714 2857 1882 2881 conventu
1906 2847 1924 2881 a
1945 2848 2059 2891 paucis

1184 2898 1353 2942 Episcopis
1379 2922 1390 2939 ,
1427 2896 1578 2931 adversus
1616 2896 1805 2931 Romanam
1828 2900 2057 2933 evocationem

1181 2948 1304 2984 auxilia
1313 2947 1549 2991 quaerentibus,
1572 2956 1674 2991 ¹atque
1688 2948 1731 2981 ita
1746 2946 1811 2983 hoc
1825 2947 1981 2982 adulante
1993 2947 2057 2982 Ca-

1184 3010 1271 3033 none
1291 2998 1476 3032 ementibus
1499 2997 1643 3031 Nectarii
1658 2997 1813 3041 Episcopi
1835 2998 1936 3041 &per
1953 2998 2058 3041 ipsum

1181 3048 1366 3082 Theodosii
1391 3046 1535 3092 Augusti
1565 3048 1711 3080 favorem
1739 3072 1746 3079 .
1775 3047 1909 3081 Etenim
1936 3047 2058 3091 primus

1181 3098 1307 3141 Synodi
1333 3108 1538 3137 conventus,
1564 3096 1653 3130 disto
1675 3096 1821 3140 Principi
1842 3098 1910 3132 asta
1931 3098 1987 3131 sua
2012 3107 2060 3131 ro·

1181 3150 1285 3182 serens
1297 3172 1308 3188 ‚
1329 3148 1455 3181 nullam
1476 3148 1544 3190 ejus
1567 3146 1718 3180 canonis
1743 3147 1822 3181 facit
1842 3147 2056 3182 memoriam.

1184 3199 1224 3232 Et
1251 3197 1431 3231 Anatolius
1457 3195 1849 3239 constantinopolitanus
1876 3197 2057 3241 Episcopus
2074 3207 2205 3249 Epist,55,

1181 3248 1221 3281 ad
1248 3248 1398 3281 Leonem
1423 3246 1621 3280 Pontificem
1643 3246 1752 3281 statim
1776 3246 1944 3290 aSynodo
1957 3246 2058 3282 Chal-v

1182 3297 1354 3332 cedonensi
1378 3321 1390 3337 ,
1417 3296 1450 3331 id
1471 3295 1517 3331 est
1537 3321 1548 3337 ,
1575 3307 1666 3331 anno
1694 3296 1814 3331 Christi
1840 3294 2058 3340 quadringen-

1183 3348 1295 3382 tesimo
1329 3347 1599 3391 quinquagesimo
1628 3346 1734 3390 primo
1759 3370 1769 3387 ,
1802 3347 1920 3389 scripsit
1948 3344 2056 3379 Cano·

1186 3409 1258 3431 nem
1273 3395 1362 3430 hunc
1385 3397 1512 3430 editum
1533 3395 1575 3430 ab
1585 3395 1681 3430 annis
1704 3396 1890 3441 sexagint23
1917 3395 2056 3430 &anno

1182 3446 1348 3489 sequenti,
1375 3446 1569 3480 Herculano
1590 3445 1760 3485 Consule,
1785 3444 1825 3479 ad
1847 3442 2055 3478 Pulcheriam

1184 3496 1367 3543 Augustam
1388 3496 1456 3543 ipse
1479 3496 1612 3532 sanstus
1634 3495 1706 3530 Leo
1727 3495 1790 3532 effe
1809 3505 1914 3531 annos
1935 3493 1999 3532 fere}
2011 3494 2055 3533 se·

1524 3560 1526 3562 ’
1583 3545 1613 3581 Ζ
1637 3557 1657 3582 z
1952 3555 2004 3579 xa·
