2346 3776
153 1450 230 1486 cap.
243 1455 270 1481 7.

152 2213 220 2246 ’'L-1.
237 2222 312 2250 c.i9·

419 135 516 179 -180
867 112 1239 176 SYMBOLUM

342 217 462 255 Sancto
481 212 697 255 Hieronymo
719 208 879 253 adscripta
901 234 909 242 .
934 207 1052 244 Hodie
1068 206 1222 241 constan-

342 277 392 306 ter
403 262 541 300 Ruffino
550 260 766 297 adscribimus
780 285 788 292 .
815 259 897 303 Ejus
909 258 983 295 sanc
994 259 1106 293 audior
1126 257 1221 301 profi-

340 326 427 352 tetur
437 316 471 351 se
481 312 639 358 Aquilejae
648 311 854 357 baptizatum
866 334 877 351 ,
903 310 1109 354 peritumque
1119 307 1220 342 moris

340 364 559 403 Ecclefiastici
569 362 718 399 Romani
730 385 742 402 ,
766 372 838 406 quae
856 359 972 395 omnia
985 358 1123 394 Ruffino
1140 368 1220 402 qua·

337 417 453 453 drant.
482 415 556 451 Esse
567 413 657 450 illius
668 423 747 447 cum
763 409 861 447 laude
879 410 1012 446 restatur
1026 407 1220 443 Gennadius

340 466 548 504 Maffilienfis
574 477 581 497 ε
602 468 726 507 proprio
748 462 851 496 labore
865 485 878 502 ‚
912 468 1003 497 immo
1023 464 1136 504 gratiae
1162 461 1219 491 Dei

338 520 416 552 dono
435 542 446 558 ,
469 513 605 559 exposuit
620 514 756 557 Ruffi‘nus
767 511 929 559 symbolum
941 535 951 551 ,
977 519 1011 544 ut
1022 517 1054 543 in
1064 511 1128 550 eJus
1146 519 1222 541 com-

330 573 496 612 paratione
516 566 573 599 alli
593 575 653 600 non
675 560 835 608 exposuiffe
854 563 1034 596 credantur.
1060 559 1109 595 At
1129 558 1219 592 dicet

334 618 432 660 quis.-
458 617 571 663 Qare
597 613 752 659 Apostoli
776 612 976 657 Symbolum
994 635 1004 651 ,
1031 610 1054 644 fi
1081 607 1217 651 quidem

333 665 503 712 ipsorum,
528 677 599 701 non
610 664 771 701 tradidere
784 663 922 706 scripto,
950 658 1122 705 quomodo
1144 668 1214 691 ora-

332 720 464 754 tionem
488 716 732 753 Dominicam?
758 713 853 748 Idem
877 711 1031 748 Ruffinus
1055 708 1112 742 dat
1138 718 1213 740 cau-

334 770 403 805 sam
414 794 423 803 .
448 768 559 803 Idcirco
568 763 632 800 baec
642 777 701 800 non
706 763 800 809 scribi
818 761 937 797 chartis
961 769 1051 801 atque
1070 757 1213 790 membra-

332 825 383 854 nis
406 844 418 861 ,
440 816 500 864 sed
506 817 642 853 cordibus
653 819 777 850 retineri
798 812 1016 848 tradiderunt,
1042 818 1076 841 ut
1101 816 1212 841 certum

331 870 398 913 esset
422 873 567 904 neminem
589 865 652 900 baec
671 877 709 899 ex
720 863 856 897 eleatem
868 873 936 904 quae
946 860 1098 892 interdum
1106 867 1210 899 pervev

333 925 398 955 nire
421 924 516 952 etiam
544 918 591 950 ad
601 914 751 961 *infideles
770 911 869 956 filet,
889 909 948 954 sed
963 921 1001 944 ex
1017 908 1210 951 Apostolorum

331 969 497 1004 traditione
519 965 666 1009 didiciffe.
692 963 737 996 Et
758 964 852 1006 supra
874 962 893 996 a
913 962 1031 995 Sansto
1044 960 1209 1004 Hierony-

330 1030 389 1054 mo
422 1016 611 1051 audivimus
637 1012 871 1058 Apostolicum
906 1009 1104 1055 Symbolum
1142 1020 1212 1042 non

333 1067 477 1102 scribiin
488 1064 624 1105 charta,
651 1063 752 1101 sedin
774 1062 894 1100 tabulis
920 1061 1050 1102 cordis,
1075 1069 1112 1093 ut
1134 1060 1211 1093 effer

329 1116 528 1152 Christianae
554 1114 759 1161 profeffionis
783 1112 989 1159 signaculum
1013 1119 1139 1146 certum
1175 1120 1214 1143 ac

330 1170 478 1203 securum
497 1191 508 1208 ,
533 1166 679 1202 exclufio
703 1165 814 1199 omnis
838 1161 982 1198 fictionis
1002 1185 1013 1201 ‚
1039 1171 1077 1195 ut
1102 1158 1211 1203 quivis

330 1219 421 1253 illius
441 1220 563 1264 peritus
587 1217 656 1250 fine
675 1224 766 1251 metu
789 1224 958 1258 tamquam
970 1211 1055 1246 fidus
1067 1212 1163 1246 frater
1176 1209 1208 1244 in

325 1268 604 1304 rcommunionem
616 1265 748 1300 admitti
772 1265 874 1308 poffet
887 1288 897 1304 ,
922 1272 960 1296 ut
982 1271 1062 1305 pore
1073 1261 1210 1296 noscens

329 1329 480 1354 arcanam
502 1317 579 1352 solis
591 1315 759 1360 probatis,
786 1314 821 1347 ὅ(
833 1313 902 1348 sola
914 1323 995 1348 voce
1030 1310 1118 1345 credi
1138 1310 1211 1344 soli-

328 1380 413 1409 tam,
437 1366 697 1402 Christianitatis
706 1364 1017 1399 contesserationem
1034 1387 1041 1394 .
1069 1362 1141 1406 Jam
1164 1361 1212 1395 su-

328 1432 383 1465 pra
394 1418 464 1453 dixi
474 1416 646 1452 attendisse
656 1414 837 1459 Apostolos
848 1413 890 1448 ad
911 1415 1061 1448 naturam
1073 1410 1212 1444 Tesserae

328 1469 479 1506 militaris
491 1482 501 1502 .·
512 1466 557 1502 ob
567 1465 705 1503 affiduas
718 1463 902 1508 Judaeorum
923 1474 962 1497 ac
974 1461 1163 1496 Gentilium
1174 1461 1208 1494 in

328 1532 390 1556 nos
417 1518 570 1560 infidias,
594 1516 636 1554 dc
660 1515 779 1561 quibus
806 1514 843 1552 in
869 1512 956 1548 libro
982 1511 1209 1560 Apologetico

329 1569 563 1607 Tertullianus
573 1592 583 1602 .

379 1618 494 1656 Aliam
515 1619 644 1653 causam
657 1616 767 1660 scrffit
778 1616 895 1652 Petrus
905 1612 1134 1657 chrysologus
1144 1612 1207 1646 Ra-

328 1679 511 1705 vennatum
538 1666 814 1711 Archiepiscopus
840 1661 907 1699 haec
942 1663 1132 1698 declamans
1166 1662 1208 1696 ad

330 1723 405 1756 suos
417 1718 684 1754 Cathecumenos
696 1742 703 1750 .
731 1720 792 1752 Hoc
796 1714 863 1761 spei
867 1714 990 1758 sallum
1001 1739 1012 1754 ‚
1036 1712 1089 1746 boc
1095 1711 1207 1756 salutis

328 1773 479 1815 placitum
489 1795 499 1811 ‚
525 1769 576 1803 boc
587 1774 664 1804 vitae
670 1766 830 1812 symbolum
843 1790 854 1807 ,
876 1765 954 1798 hanc
961 1763 1034 1806 fidei
1042 1768 1207 1797 cautionem

328 1834 413 1856 mens
424 1827 536 1860 teneat,
546 1814 699 1862 conservet
709 1822 863 1856 memoria,
880 1827 917 1849 ne
931 1818 1120 1848 Divinitatls
1129 1821 1208 1854 prae-

329 1871 435 1915 tiosum
447 1881 554 1904 munus
578 1870 725 1911 depreciet
745 1867 851 1900 charta
872 1867 946 1899 vilis
959 1888 970 1904 ,
996 1876 1033 1898 ne
1045 1863 1206 1903 mysterium

328 1924 400 1956 lucis
412 1930 513 1955 atrum
525 1919 659 1953 tenebret
670 1925 873 1951 atramentum
884 1939 895 1955 ‚
921 1926 958 1948 ne
979 1917 1037 1947 Dei
1059 1911 1205 1956 secretum

327 1972 437 2006 habeat
450 1973 593 2015 indignus
604 1980 638 2004 ac
643 1967 821 2011 prophanus
832 1966 951 1999 auditor
963 1989 970 1996 .
991 1963 1088 1999 Adeo
1100 1964 1206 2006 ipsum

326 2023 421 2056 scribi
440 2021 619 2055 noluerunt
639 2017 794 2061 Apostoli
816 2025 996 2059 eorumque
1015 2014 1207 2048 successores

326 2072 479 2117 Episcopi
494 2094 504 2110 ,
530 2080 566 2103 ut
579 2080 639 2103 nec
649 2068 690 2101 ab
702 2067 773 2112 ipsis
786 2064 1045 2101 Cathecurnenis
1053 2063 1208 2107 adjuvan-

326 2121 375 2157 εἰπε
385 2121 538 2157 discentis
549 2117 713 2155 memorias
725 2117 821 2151 causa
842 2113 979 2150 describi
999 2123 1187 2157 paterentur
1196 2137 1203 2145 .

328 2173 460 2215 Nempe
470 2170 515 2204 ob
525 2167 711 2214 generalem
725 2167 836 2201 secreti
848 2165 954 2210 legem
966 2175 1037 2208 quae
1048 2163 1089 2197 de
1098 2164 1207 2196 omni-

329 2222 389 2256 bus
400 2221 477 2255 fidei
490 2220 604 2255 nostrae
614 2218 740 2253 arcanis
761 2216 829 2251 dici
846 2215 933 2259 jussit
954 2222 1063 2248 norunt
1077 2213 1204 2257 fideles.

328 2272 506 2307 Nicaenum
519 2268 716 2314 Symbolum
729 2265 870 2314 historiae
888 2266 949 2301 suae
959 2263 1098 2300 inserere
1116 2273 1208 2307 puta-

328 2332 378 2358 rat
400 2321 554 2356 Hermias
576 2317 785 2355 Zosomenfis
797 2341 808 2358 ,
834 2315 947 2350 verum
966 2312 1034 2358 jam
1052 2313 1137 2348 dieta
1153 2313 1207 2347 lex

331 2373 437 2407 vetuit
450 2397 460 2413 ,
484 2371 526 2406 dc
536 2381 600 2415 qua
611 2370 697 2415 ipse:
720 2379 786 2403 cum
799 2371 918 2411 piivirt
931 2367 1020 2407 jique
1037 2369 1147 2404 amici,
1173 2365 1207 2397 (ν

329 2435 429 2457 rerum
451 2424 516 2463 ejus
519 2426 639 2465 generis
647 2422 742 2461 periti
751 2428 797 2451 me
809 2416 945 2450 docerent
965 2427 1013 2448 res
1033 2412 1206 2457 eiusmodi&

332 2471 541 2507 Sacerdotibus
549 2468 643 2512 solum
656 2471 690 2503 (τ
702 2472 732 2500 E
730 2466 860 2510 piscopis
870 2476 935 2499 tum
949 2465 1051 2498 debere
1063 2466 1134 2504 dici,
1145 2473 1208 2498 tum

332 2523 434 2557 audiri
447 2519 646 2562 ,eorumsane
666 2518 836 2559 approbavi
845 2515 988 2557 confilium
999 2527 1008 2557 ;
1021 2526 1093 2547 nam
1112 2512 1208 2556 verifi-

331 2573 400 2606 mile
411 2570 449 2612 est
461 2569 614 2604 nonnullos
625 2573 677 2612 qui
688 2579 746 2601 non
752 2565 825 2610 sunt
835 2570 952 2599 initiati
976 2564 1112 2607 misteriis
1133 2563 1210 2597 hune

331 2622 440 2656 librum
457 2619 636 2663 perlec‘luros
658 2641 665 2650 .
704 2616 784 2651 Hoc
806 2617 973 2652 secretum
998 2625 1075 2650 anre
1098 2613 1210 2649 datam

333 2671 487 2707 Ecclefiis
509 2669 526 2704 a
555 2667 781 2704 Constantino
792 2664 946 2711 Augusto
966 2675 1080 2709 pacem
1101 2663 1211 2699 nullus

331 2720 540 2757 Christianus
550 2719 693 2763 Scripror
705 2715 795 2752 libris
804 2716 867 2751 suis
878 2713 1012 2749 inseruit
1025 2738 1036 2754 ,
1063 2714 1122 2748 nist
1142 2715 1213 2748 uni-

331 2783 390 2807 cus
401 2770 648 2805 Tertullianus:
668 2768 702 2803 δε
720 2765 855 2812 quidem
872 2775 994 2801 vocum
1013 2763 1212 2808 compendio

331 2824 545 2857 immutatum
557 2844 564 2851 .
590 2815 675 2866 Qae
685 2817 800 2853 omnia
817 2815 989 2861 respiciens
1000 2815 1212 2850 Doffiffimus

334 2869 521 2908 Cardinalis
541 2869 688 2915 Julianus
711 2867 885 2902 Cesarinus
906 2863 1075 2908 respondit
1094 2864 1211 2899 Marco

337 2919 478 2964 Ephesio
491 2921 596 2965 ipsum
610 2918 770 2953 Romaein
781 2915 951 2952 Archiviis
962 2913 1078 2949 servari
1096 2924 1132 2948 ut
1151 2915 1212 2958 pri-

330 2971 477 3007 ‚mnrium
499 2978 774 3004 monumentum.
803 2966 958 3001 Creditur
985 2964 1026 2999 ab
1048 2963 1212 3008 Apostolo

338 3022 521 3064 expressum
543 3021 579 3053 in
603 3019 752 3065 Epistola
775 3016 817 3053 ad
841 3015 1019 3057 Hebraeos,
1045 3014 1212 3057 distusque

338 3072 438 3105 sermo
457 3069 661 3103 inchoationis.

205 3129 327 3163 Additio
390 3120 564 3163 Legitimis
586 3118 771 3162 Apostolici
793 3117 945 3162 Symboli
961 3115 1125 3151 natalibus
1134 3124 1213 3150 atte-

167 3172 315 3205 Pollhum·

339 3168 441 3204 statur
459 3171 557 3202 etiam
574 3170 708 3203 Sanetus
735 3168 1003 3213 Lugdunensium
1029 3166 1212 3210 Episcopus

340 3219 501 3252 Frenaus.
528 3218 695 3252 Sceleratis
716 3218 952 3252 Gnosticorum
973 3216 1092 3253 fabulis
1109 3227 1212 3262 oppo—

340 3268 392 3304 nit
419 3266 622 3302 immobilem
646 3268 791 3302 veritatis
819 3268 1006 3314 Regulam,
1032 3278 1131 3311 quam
1155 3277 1212 3310 per

168 3330 199 3362 1„
213 3337 238 3358 1,
257 3335 282 3358 ς,
300 3336 324 3356 2.
341 3317 546 3362 Baptismum
566 3317 768 3360 accepimus.
796 3317 839 3351 Et
861 3318 968 3363 pergit
980 3331 991 3351 .·
1008 3316 1134 3358 Ecclesia
1153 3324 1211 3359 per

341 3365 512 3410 universum
536 3366 634 3400 orbem
658 3364 747 3409 usque
773 3368 817 3399 ad
832 3366 908 3409 fines
921 3371 1022 3403 Terrae
1038 3366 1208 3412 seminata,

333 3419 378 3456 2&
403 3417 442 3450 ab
468 3414 608 3458 ApostoIIs
635 3416 670 3449 (θ’
691 3418 711 3447 ἃ
734 3414 884 3458 discipulis
903 3429 1002 3451 eorum
1023 3423 1132 3460 accepit
1141 3427 1209 3450 ‘eam

171 3485 201 3517 L
217 3494 239 3514 ,‚
262 3491 285 3514 c,
298 3493 323 3512 2,
338 3466 433 3511 fidem
445 3489 457 3507 ,
485 3477 554 3509 quae
570 3464 610 3506 est
635 3471 668 3499 in
690 3476 781 3498 unum
792 3468 886 3498 Deum
897 3469 1019 3500 Patrem
1032 3469 1217 3509 omnipoten-'

341 3527 416 3560 tem,
426 3521 477 3563 qui
478 3516 557 3562 fecit
566 3515 680 3552 Coelum
690 3516 725 3551 ό*
732 3523 855 3560 terram,
866 3525 960 3560 mare,
978 3518 1012 3552 <a
1022 3523 1121 3552 omnia
1142 3528 1208 3559 quae

1276 128 1327 174 N
1338 137 1354 171 1
1365 137 1395 174 c
1406 136 1456 174 [ε
1469 137 1504 174 N
1518 136 1556 175 U
1570 140 1610 174 M
1624 165 1636 176 .

1287 213 1320 268 in
1330 214 1375 242 eis
1381 209 1454 254 sunt
1463 236 1470 243 .
1497 215 1543 244 Et
1566 218 1598 246 in
1609 224 1700 247 unum
1704 218 1738 261 J
1739 213 1819 258 esum
1829 216 1980 258 christum
1990 218 2089 260 fillum
2098 221 2160 256 De!

1284 270 1476 295 incarnatum
1482 270 1540 304 pro
1550 262 1609 303 κρῆ
1610 275 1646 296 ra
1650 262 1796 306 saluta&
1806 272 1839 300 in
1848 270 1869 301 5
1863 273 1994 311 piritum
2003 270 2159 311 Sanam,

1286 314 1338 351 qui
1342 317 1399 351 per
1407 312 1573 355 Prophetas
1579 314 1766 354 pradicavtt
1777 317 1973 363 disposiliones
1982 321 2089 360 Dea&
2101 322 2159 355 ad·

1286 369 1422 401 ventum,
1435 363 1470 396 &
1481 374 1558 404 eam,
1569 374 1635 405 quae
1646 363 1685 403 est
1694 376 1732 398 ex
1750 371 1886 412 Virgine,
1907 372 2159 412 Generationem,

1286 411 1490 453 Paffionm,&
1501 411 1750 457 Resurreclionem
1759 418 1922 461 amortuis,
1936 421 1971 454 Θ
1979 426 2013 453 in
2024 432 2114 454 earne
2121 427 2158 455 in

1284 462 1380 494 Coelos
1388 461 1604 507 Adscenfionem
1616 464 1714 498 dile&
1713 468 1748 509 J
1749 465 1797 509 esic
1804 468 1916 511 Christi
1923 473 2045 504 Domini
2057 470 2161 513 nostri,

1285 511 1319 543 (ν
1336 512 1372 544 de
1381 514 1458 546 coelis
1472 515 1606 558 ingloria
1620 516 1726 548 Patris
1738 517 1904 553 adventum
1914 521 1981 559 eius
1991 522 2039 554 ad
2045 525 2159 563 recapi-

1283 561 1414 595 tulanda
1422 562 1564 607 universa
1574 589 1585 604 ,
1611 569 1646 598 C‘f
1657 563 1890 610 resuscitandam
1907 582 2022 605 omnem
2037 581 2159 606 carnem

1278 618 1400 656 generis
1407 611 1543 648 humani.
1556 615 1733 650 Manifeste
1744 616 1856 652 laudat
1864 620 2011 656 nostrum
2021 622 2160 665 Symbo-

1283 662 1352 719 lum
1362 686 1374 703 ,
1386 663 1433 720 .&
1442 662 1590 698 adfirmat
1602 667 1664 700 effe
1676 666 1909 710 Apostolicum
1919 694 1931 711 ,
1947 670 2038 715 quod
2049 672 2159 706 adver-

1283 722 1325 747 tit
1350 723 1452 771 etiam
1459 713 1529 757 ejus
1550 715 1804 756 Commentaror
1820 719 2010 754 Franciscus
2021 722 2158 757 Feuzar·

1282 762 1416 799 dentlus
1429 778 1440 798 .·
1465 764 1626 804 symbolum
1639 766 1716 808 fidei
1740 773 1887 812 integrum
1890 770 1962 811 sere
1985 769 2035 804 bic
2045 770 2158 812 habet,

1280 814 1361 855 quod
1364 816 1458 856 paulo
1464 813 1602 857 superius
1628 817 1759 850 vocabat
1778 817 1853 860 fidei
1878 821 2037 865 Regulm,
2064 833 2157 864 quam

1281 865 1512 906 appellationem
1520 866 1560 898 ab
1570 877 1601 898 eo
1611 873 1740 901 mutuati
1762 870 1906 903 videntur
1914 896 1924 911 ‚
1949 873 2156 906 Tertullianus

1281 913 1458 962 Augustinus
1472 939 1482 954 ,
1508 915 1736 958 Cbrrsbstomus.
1765 916 1821 952 Ab
1849 919 2034 956 Eusebiana
2061 921 2157 956 Aria-

1279 975 1397 1018 norum
1420 965 1563 1000 fastione
1573 966 1768 1011 degradatus
1777 969 1954 1005 Marcellus
1966 972 2108 1016 Ancyrae
2117 971 2154 1008 in

1279 1025 1382 1071 prima
1402 1013 1535 1051 Galatia
1544 1015 1826 1062 Metropolitanus
1847 1021 2029 1066 Episcopus
2046 1023 2155 1067 appel-

1278 1065 1359 1099 lavit
1381 1063 1528 1099 Romam
1538 1090 1549 1108 ‚
1574 1067 1609 1101 ὅ(
1634 1078 1746 1102 coram
1771 1068 1860 1111 Julio
1884 1070 2048 1108 pontifice
2069 1074 2151 1108 fecit

1280 1113 1366 1149 hanc
1389 1113 1466 1149 fidei
1486 1116 1716 1158 profeffionem
1728 1143 1735 1150 .
1762 1121 1858 1152 credo
1869 1126 1902 1154 in
1912 1125 2007 1156 Deum
2020 1131 2154 1166 omnipo-

1279 1174 1393 1198 tentem
1404 1189 1415 1205 ,
1440 1165 1475 1198 (9
1486 1170 1519 1198 in
1530 1165 1682 1206 christum
1684 1169 1716 1212 J
1719 1165 1798 1208 esum
1808 1169 1897 1210 ipfius
1911 1171 2009 1212 filium
2018 1178 2154 1217 unigeni·

1279 1225 1343 1249 tum
1355 1241 1366 1256 ,
1393 1217 1556 1249 Dominum
1578 1215 1705 1258 nostrum
1720 1223 1858 1260 genitum
1876 1220 1915 1253 de
1923 1222 2037 1263 spiritu
2044 1222 2154 1257 Sana·

1279 1267 1313 1299 (5
1323 1269 1427 1299 Maria
1437 1268 1560 1309 Virgine
1571 1290 1578 1297 .
1605 1266 1672 1310 ‚Qui
1685 1264 1744 1309 fieb
1758 1268 1864 1303 Pontio
1878 1271 1977 1305 Pilato
1995 1271 2154 1316 cruc-fixus

1280 1315 1316 1354 est
1335 1317 1370 1350 <9³
1383 1313 1539 1358 similius,
1565 1317 1600 1349 &
1620 1322 1713 1349 tertia
1730 1317 1780 1351 die
1802 1315 1965 1362 resurrexit
1985 1323 2153 1357 amenis.

1280 1365 1420 1409 Ascendit
1432 1371 1465 1398 in
1477 1366 1590 1399 coelum
1604 1389 1614 1405 ‚
1641 1367 1678 1400 Θ
1692 1365 1779 1409 ledet
1799 1369 1845 1401 ad
1853 1371 2011 1404 dexteram
2022 1375 2156 1416 Patrls',

1279 1418 1356 1449 unde
1378 1425 1524 1449 venturus
1535 1415 1574 1457 est
1585 1417 1726 1457 ‚iudicare
1736 1423 1828 1452 vivos
1839 1420 1875 1453 6·
1882 1429 2010 1455 mortuos
2020 1444 2031 1455 f
2054 1426 2102 1456 Ee
2115 1428 2153 1457 in

1280 1470 1422 1508 Spiritum
1432 1468 1452 1498 5
1453 1466 1574 1498 ane‘lum
1581 1490 1591 1506 ,
1601 1468 1622 1498 5
1622 1467 1744 1500 anBam
1751 1468 1907 1510 Ecclefiam
1916 1495 1928 1512 ,
1953 1473 2154 1514 Remiffionem
2218 1482 2222 1487 ”

1271 1525 1457 1560 peccatorum
1471 1540 1480 1555 ‚
1493 1520 1605 1551 Carnis
1617 1516 1852 1562 resurrefflonem
1863 1544 1874 1562 ‚
1883 1524 1986 1554 Vitam
1995 1528 2155 1558 ‚eternam-

1275 1566 1450 1603 Manifeste
1459 1566 1504 1599 cst
1517 1565 1756 1610 Apostolorum
1767 1567 1963 1613 Symbolum
1973 1596 1981 1604 .
2011 1571 2056 1607 Et
2065 1572 2153 1608 Mar·

1275 1617 1377 1652 cellus
1389 1616 1557 1660 profitetur
1564 1617 1669 1659 ipsam
1680 1618 1743 1652 esse
1753 1619 1923 1663 antiquam
1934 1622 1952 1655 a
1963 1621 2151 1666 Maioribus

1274 1677 1441 1710 acceptam
1454 1665 1676 1701 traditionem.
1689 1666 1813 1703 Latino
1823 1668 2069 1713 Apostolicurn,
2079 1683 2152 1707 nonv

1274 1728 1367 1751 more
1377 1727 1481 1762 graeco
1491 1727 1611 1761 graecus
1632 1717 1802 1765 profitetur
1814 1718 1988 1756 Nicaenum
2009 1722 2152 1767 Symbo-

1274 1768 1343 1802 lum
1353 1779 1362 1809 ;
1391 1766 1467 1810 quia
1494 1777 1613 1809 nempe
1638 1766 1725 1810 apud
1751 1768 1942 1804 Romanam
1969 1764 2151 1807 Eccleliim

1273 1816 1504 1861 profitebatur.
1533 1815 1647 1849 Exstat
1659 1815 1817 1853 Profeffio
1835 1819 1870 1854 in
1882 1819 2023 1856 Panario
2039 1822 2150 1858 Sansti
2167 1818 2321 1855 Utres-7²2

1275 1865 1454 1911 Epiphanii
1466 1890 1473 1897 .
1495 1865 1565 1900 Hic
1577 1865 1688 1902 scribit
1697 1867 1798 1903 etiam
1808 1867 1844 1902 i'n
1854 1868 1940 1905 libro
1951 1870 2125 1908 Ancorato
2137 1885 2150 1908 .-
2162 1867 2227 1899 ap.
2247 1868 2276 1899 3⁶

1274 1917 1417 1951 Sanc‘lam
1427 1914 1561 1955 Ecclefiae
1570 1914 1852 1962 conservataefidem
1863 1944 1873 1960 ,
1883 1931 1975 1962 quam
1984 1921 2024 1955 ab
2037 1920 2151 1965 Aposto-

1271 1969 1311 2001 lis
1323 1970 1444 2000 Domini
1453 1967 1599 2000 creditam
1610 1972 1729 2009 accepit.
1741 1968 1827 2013 Agit
1837 1968 1879 2003 de
1886 1970 2049 2014 Symbolo
2060 1969 2151 2010 Con-

1272 2015 1615 2060 stantinopolitano,&
1624 2016 1731 2060 ipsum
1743 2017 1824 2053 dicit
1835 2020 1900 2053 esse
1907 2022 1936 2054 A
1941 2021 2152 2064 postolicum,

1272 2068 1350 2112 quia
1371 2077 1489 2110 nempe
1511 2066 1546 2100 ὅ(
1569 2066 1703 2101 Nicaena
1713 2092 1725 2108 ,
1751 2068 1786 2102 &
1807 2058 2151 2115 Constantinopolim*

1273 2130 1315 2152 na
1336 2116 1492 2161 Synodus
1509 2127 1578 2150 non
1596 2116 1775 2152 condidere
1793 2129 1920 2154 novum
1931 2120 2151 2164 Symbolum,

1272 2167 1325 2202 sed
1352 2166 1551 2210 Apostolico
1588 2166 1759 2202 dumtaxat
1784 2168 1975 2205 indiderunt
1998 2171 2150 2213 quadam

1271 2217 1494 2253 additamenta
1507 2241 1514 2247 .
1540 2216 1579 2249 In
1593 2216 1835 2262 quadragesima
1854 2220 1946 2263 super
1956 2221 2094 2264 primam
2104 2221 2147 2256 ad

1273 2264 1469 2303 Corinthios
1496 2265 1679 2309 Epistolam
1689 2266 1828 2302 homilia
1849 2270 1986 2304 Sanetus
2005 2271 2149 2315 Joannes

1273 2315 1529 2360 Chrysostomus
1539 2315 1604 2350 haec
1615 2314 1770 2360 Apostoli
1783 2317 1897 2354 verba:
1923 2322 2150 2364 Alioquiniqaiae

1265 2367 1386 2411 facient
1396 2372 1448 2409 qui
1469 2366 1666 2408 baptizantur
1671 2374 1729 2409 pro
1740 2373 1865 2402 mortuis
1877 2393 1888 2410 ‚
1907 2368 1940 2411 fi
1944 2376 2063 2404 omnino
2068 2383 2147 2405 mor-

1273 2423 1317 2452 tui
1344 2428 1402 2450 non
1433 2415 1591 2460 resurgant
1601 2441 1612 2456 ,
1637 2427 1879 2453 commentatur
1904 2432 1912 2452 :
1942 2423 2070 2463 Propter
2093 2421 2147 2456 hoc

1274 2468 1442 2509 baptizaris
1453 2491 1463 2507 ,
1486 2471 1594 2500 mortui
1604 2472 1731 2509 corporis
1741 2470 1863 2502 credens
1874 2467 2125 2513 Resurrefflonem
2133 2494 2146 2514 ‚

1275 2526 1379 2559 nempe
1389 2518 1471 2559 quod
1477 2527 1535 2550 non
1545 2525 1668 2550 maneat
1677 2527 1824 2551 mortuum
1835 2531 1844 2560 3
1870 2520 1907 2553 (ς’
1915 2528 1949 2553 tu
1959 2522 2083 2563 quidem
2088 2529 2146 2564 per

1274 2567 1371 2602 verba
1382 2568 1456 2601 dicis
1469 2580 1481 2602 .·
1500 2576 1678 2602 mortuorum
1699 2566 1954 2611 resurreHionem.
1981 2568 2147 2607 Adfirmat

1274 2618 1316 2652 ab
1337 2616 1517 2661 Apostolos
1542 2627 1598 2661 per
1617 2616 1677 2652 ista
1698 2617 1793 2654 verba
1813 2618 1938 2653 laudari
1954 2621 2147 2657 consuetam
2178 2635 2182 2640 >

1274 2677 1352 2702 ante
1364 2667 1408 2702 Ba
1413 2666 1528 2710 prisma
1539 2666 1610 2702 fieri
1621 2666 1849 2704 recitationem
1858 2668 2011 2713 symboli
2020 2686 2044 2712 ,·
2059 2668 2147 2707 hanc

1273 2719 1335 2752 esst
1346 2716 1591 2753 institutionem
1601 2715 1630 2749 A
1636 2716 1829 2762 postolicam
1840 2742 1851 2759 ,
1875 2719 1911 2753 δε
1921 2721 1957 2753 in
1979 2720 2045 2756 isto
2054 2721 2147 2766 Syn*

1275 2767 1355 2802 bolo
1364 2766 1529 2802 contineri
1539 2767 1716 2803 articulum
1725 2767 1768 2802 de
1776 2767 2011 2806 Resurretione
2019 2771 2144 2811 carnit»-

1273 2816 1420 2852 Proinde
1438 2818 1582 2852 omnino
1605 2818 1775 2860 profitetur
1790 2818 1937 2854 nostrum
1948 2819 2144 2864 Symbohn

1273 2868 1337 2902 este
1346 2878 1454 2902 revera
1466 2866 1698 2912 Apostolicum
1709 2891 1717 2900 .
1743 2869 1819 2903 Scio
1831 2870 1866 2903 in
1886 2869 1999 2905 nostro
2008 2866 2145 2915 syhbo·

1274 2918 1309 2952 lo
1329 2916 1464 2958 haberi,
1489 2928 1559 2951 non
1585 2915 1824 2961 resurreolionem
1849 2929 2034 2954 mortuorunm
2050 2942 2063 2960 ‚
2088 2919 2144 2954 sed

1273 2973 1375 3002 carnis
1400 2965 1637 3010 resurrec‘lionem
1657 2993 1664 3000 .
1679 2968 1822 3013 ·Nempe
1848 2971 1983 3005 Sanetus
2000 2969 2145 3013 Ioannes

1275 3019 1404 3052 locutus
1414 3017 1459 3052 est
1475 3017 1566 3061 juxta
1578 3019 1659 3053 fasta
1670 3030 1726 3062 per
1737 3018 2144 3064 Constantinopolitanam

1274 3067 1447 3111 Synodum
1457 3067 1681 3104 additamenta
1691 3093 1699 3101 .
1727 3069 1817 3105 Nam
1834 3067 1936 3104 hocce
1945 3067 2145 3112 Symbolum

1274 3118 1338 3152 suis
1359 3116 1616 3153 Cathecumenis
1636 3127 1717 3153 tunc
1737 3118 1882 3154 tradebat
1890 3118 2072 3153 Orientalis
2082 3119 2146 3153 Ec-

1273 3168 1367 3203 clefia
1381 3193 1388 3200 .
1416 3167 1499 3203 Haec
1508 3169 1619 3203 omnis
1630 3169 1694 3204 fuit
1703 3167 1932 3204 solemoiffime
1943 3178 2144 3214 congregata

1274 3218 1309 3252 in
1321 3217 1556 3255 Calcedonenfi
1569 3219 1746 3254 Concilio:
1773 3219 1808 3252 &
1819 3216 1882 3252 hoc
1893 3216 2118 3262 dogmaticam
2130 3243 2142 3260 ‚

1274 3279 1345 3311 quae
1354 3268 1501 3303 nostrum
1513 3268 1709 3312 Symbolum
1728 3267 1877 3309 adfinmt
1896 3267 1961 3303 effe
1973 3268 2143 3312 Apostoli-

1272 3330 1348 3352 cum
1360 3344 1371 3361 ,
1397 3318 1506 3353 Sanrsti
1528 3318 1653 3354 Leonis
1673 3317 1854 3362 Epistolam
1873 3317 2027 3362 probavit
2044 3328 2143 3362 atque

1271 3370 1381 3404 evexit
1399 3369 1435 3404 in
1447 3368 1654 3404 immobilem
1673 3368 1750 3403 fidei
1768 3366 1960 3402 columnam
1972 3393 1983 3409 ‚
2009 3380 2071 3404 nec
2095 3369 2144 3402 so-

1274 3419 1339 3452 lam
1349 3419 1417 3462 ejus
1427 3418 1658 3457 substantiam,
1682 3416 1735 3452 sed
1757 3417 1900 3461 singulos
1919 3418 2045 3462 apices3
2073 3429 2143 3463 pro-

1273 3468 1349 3503 inde
1361 3467 1574 3513 Apostolicos
1584 3466 1733 3511 symboli
1744 3467 1867 3506 natales
1886 3468 2013 3505 admisit
2033 3470 2070 3505 in
2081 3469 2144 3505 Ca-

1273 3529 1412 3554 nonem.
2091 3516 2094 3520 ’
2115 3530 2132 3548 -2

1989 3565 2094 3615 Qoa

2158 2352 2234 2392 Cap,
2255 2359 2297 2391 ις.

2336 2907 2339 2915 ·
2336 2882 2343 2888 ¹
2339 2862 2342 2867 ·
2334 2727 2346 2837 '‘mx-2·
2336 2698 2340 2712 -
