2346 3776
32 1545 94 1577 Lib.
103 1554 129 1583 3.

32 1594 96 1624 cap.
107 1593 154 1622 ις.

619 112 1066 163 DissERTATro
1116 103 1534 155 PRoOEMers.

162 195 292 229 v'afisset.
321 194 365 230 Et
386 193 452 237 ipse
470 191 577 236 palam
597 190 738 225 affirmat
755 200 833 224 eum
854 197 935 223 tunc
956 188 1041 232 apud

161 243 381 279 orthodoxos
391 243 483 277 fuisse
493 241 740 277 ufitatissimum.
763 240 806 273 Et
816 238 989 283 probatum
1001 238 1041 273 ab

160 296 258 329 omni
269 295 409 338 ipsorum
421 291 572 327 Ecclefia.
600 291 644 325 Et
657 289 721 325 hoc
733 290 838 333 ipsum
849 289 955 323 firmat
974 289 1043 323 san·

161 346 231 378 stus
251 343 407 378 Rutilius.
443 342 514 375 Hic
534 341 625 376 enim
649 350 718 375 erat
737 341 771 374 ὅ(
791 338 1042 375 Orthodoxis&

161 390 376 429 Montanistis
385 392 573 426 communis
594 392 726 435 Martyr
742 415 753 431 ‚
779 390 920 433 ideoque
940 390 1042 432 passus

161 453 239 478 ante
248 452 356 477 ortum
368 440 458 475 istius
469 441 611 476 Haerefis.
638 442 682 476 Et
693 440 855 486 gloriosus
866 431 974 473 noster
985 438 1045 473 Pa-

164 490 304 528 triarcha
315 490 431 527 Petrus
442 492 478 525 in
491 492 637 535 praesenti
647 490 785 535 synodo
797 490 832 523 ὃ(
849 488 988 524 Canone
1000 491 1042 523 αθ

162 543 270 576 firmat
282 542 386 584 ipsum
395 541 525 576 fundari
537 543 571 575 in
586 540 783 585 Apostolico
795 539 955 584 exemplo.
993 541 1045 574 Ita

161 591 275 628 evertit
286 591 429 635 palmare
439 592 643 626 Tertulliani
655 600 892 635 argumentum.

213 640 293 675 Alia
303 641 452 685 Septimii
463 652 654 687 argumenta
667 642 740 676 sunt
752 639 875 674 modici
885 639 1046 684 ponderis.

164 692 292 727 Eorum
303 692 402 726 unica
415 691 494 727 bafis
503 693 547 726 est
561 717 572 734 ,
599 691 688 736 quod
708 690 945 725 persecutionis
967 691 1046 734 fuga

165 741 365 783 nonliceat,
392 741 532 785 ideoque
543 751 601 778 nec
623 741 804 776 nummaria
827 740 1046 783 Redemptio,

164 792 283 834 utique
306 793 391 836 fugae
410 792 539 835 species.
576 792 632 827 Est
660 790 805 825 haeretica
831 791 907 824 bafis
931 815 942 830 ,
978 801 1045 823 non

164 841 336 876 dumtaxat
346 840 388 875 ab
401 840 591 883 Apostolis‚
617 840 711 875 led&
732 840 773 874 ab
796 840 870 884 ipso
892 841 1045 876 Domino

164 1040 341 1085 &Lingua
352 1066 362 1081 ,
387 1041 420 1074 ὅ(
434 1040 534 1075 Mens
542 1042 706 1076 servantur
717 1041 870 1086 integrae,
889 1042 955 1075 sola
967 1041 1048 1075 Cru-

162 1101 261 1126 mena
273 1102 435 1126 vacuatur.
450 1091 634 1135 Exequitur
644 1092 862 1126 Dominicam
873 1091 1051 1135 Regulam:

163 1141 392 1186 Quidproderit
401 1140 512 1174 homini
524 1165 534 1180 ‚
554 1140 586 1182 fi
597 1140 769 1183 univerficm
791 1143 936 1175 Mundam
960 1142 1049 1173 lucre*

163 1202 216 1225 tur
225 1216 236 1231 ‚
262 1198 372 1224 animae
384 1188 526 1232 verhsuae
536 1192 746 1225 detrimentum
751 1198 892 1232 patiatur
906 1193 922 1222 .?
955 1189 1048 1224 Adeo

163 1253 234 1276 non
247 1240 592 1275 servivitMatnrnonz.
621 1240 699 1282 Ejus
720 1250 843 1283 partem
868 1240 1049 1283 expendit,

162 1302 203 1327 ut
211 1290 316 1325 fibi&
326 1291 389 1323 suis
400 1290 491 1323 dives
502 1290 624 1322 Fidelis
637 1291 738 1323 servet
761 1290 943 1323 necessaria.
971 1289 1049 1323 Por-

162 1341 203 1376 ro
212 1339 301 1383 quod
314 1338 482 1372 liberatum
493 1339 512 1371 a
524 1338 657 1372 Christo
670 1339 823 1372 Domino
846 1340 975 1383 Corpus
994 1349 1049 1383 per

163 1389 269 1433 ipsam
286 1387 514 1429 vili-pendatur
528 1412 538 1426 ,
565 1387 611 1421 est
632 1388 796 1423 frivolum.
837 1389 1048 1432 Respondeat

165 1439 356 1474 Lactantius
369 1437 554 1478 Firmianus
576 1451 588 1472 .-
614 1437 710 1472 Plato
729 1439 763 1473 ὃς
784 1440 956 1484 Diogenes
969 1440 1046 1473 servi

165 1501 236 1524 non
249 1489 389 1522 fuerunt.
418 1492 473 1521 His
481 1486 615 1530 servitus
626 1496 735 1521 evenit.
764 1491 784 1521 5
786 1499 840 1521 unt
861 1495 941 1522 em’m
959 1496 1046 1531 capti.

166 1540 323 1574 Platonem
332 1539 452 1580 quidem
462 1539 608 1576 redemifsi’
622 1541 752 1572 Anicert's
775 1541 900 1581 quidam
917 1541 1049 1573 traditur

161 1588 302 1637 fistertiis
311 1588 377 1620 030.
405 1592 510 1630 Itaque
529 1586 690 1630 infidatus
709 1588 747 1628 est
772 1594 912 1622 convitiis
935 1585 1049 1623 redem-

158 1647 280 1682 pmem
298 1641 407 1673 Seneca
419 1662 429 1678 ,
455 1639 536 1681 quod
548 1646 650 1680 parvo
673 1640 826 1672 Platonem
845 1639 1048 1679 aestimaeverit.

164 1687 311 1732 Furiosus
322 1713 333 1729 ‚
359 1698 393 1722 ut
403 1688 477 1721 mibi
485 1690 607 1730 quidem
617 1690 739 1723 videtur
750 1715 761 1729 ,
786 1696 838 1732 qui
856 1689 967 1722 bomini
980 1689 1047 1730 fue·

171 1744 216 1772 rit
224 1745 323 1772 iratus
336 1763 347 1778 ,
372 1740 453 1780 quod
459 1751 516 1771 non
526 1740 650 1772 multicm
656 1746 791 1781 pecuniae
796 1741 941 1781 perdidit.
969 1742 988 1772 5
990 1741 1048 1772 cili-

165 1798 212 1822 eet
229 1799 337 1821 aarum
356 1790 525 1828 appendere
544 1789 647 1822 debuit
660 1813 670 1827 ,
697 1799 844 1832 tanquam
860 1798 918 1831 pro
940 1799 1051 1822 mortuo

165 1837 289 1872 neam
300 1862 310 1877 ,
336 1846 390 1870 aut
402 1838 662 1882 tantiamingerere
672 1850 856 1872 nummorum
871 1864 882 1879 ‚
906 1840 1052 1881 quantiam

163 1889 304 1921 venditor
315 1898 373 1919 non
380 1885 518 1929 popoftlt.
548 1887 615 1922 Uti
628 1899 745 1922 aurum
756 1913 766 1928 ‚
793 1889 837 1923 ita
848 1889 949 1923 etiam
961 1913 971 1929 ‚
992 1889 1052 1922 im-

163 1936 220 1972 mo
231 1935 330 1980 longe
343 1936 448 1981 magis
461 1960 471 1975 ,
482 1937 609 1970 fatuum
619 1937 665 1970 est
675 1939 842 1982 proprium
855 1950 972 1983 corpus
985 1939 1051 1971 fine

163 1986 348 2022 neeesfitate
360 1985 496 2029 prodere
506 1998 545 2020 ac
553 1987 745 2030 expendere.
757 1987 861 2036 Qod
872 1989 977 2031 ipsum
987 1999 1051 2022 ver-

163 2036 209 2071 bo
220 2038 253 2070 δε
263 2035 415 2079 exemplo
425 2035 609 2071 docuerunt
620 2037 744 2080 semper
756 2049 793 2071 ac
814 2036 937 2073 docent
955 2036 1053 2071 Fide-

163 2086 212 2121 les
222 2097 338 2120 omnes
350 2110 359 2125 ,
387 2087 444 2130 qui
454 2085 514 2120 sub
523 2085 687 2122 Saracenis
699 2111 709 2126 ,
736 2086 860 2122 Turcis
869 2112 880 2128 ‚
906 2099 943 2121 ac
956 2087 1052 2122 variis

161 2137 334 2172 Haereti'cis
344 2136 495 2170 vixerunt
507 2160 518 2176 ‚
528 2136 562 2170 &
573 2137 698 2171 vivunt.
727 2135 887 2171 Attamen
899 2138 1052 2181 antiquo-

162 2197 238 2221 rum
259 2185 394 2219 Parrum
417 2185 525 2219 nullus
555 2186 653 2221 istum
682 2187 885 2221 Tertulliani
908 2198 1051 2222 errorem

163 2236 294 2278 Scripto
307 2235 435 2269 retudit.
462 2236 569 2270 Miror
581 2261 591 2276 ‚
617 2237 782 2282 &ignoro
793 2238 944 2272 caussam.
973 2238 1050 2271 Exi-

164 2286 265 2320 stimo
275 2285 363 2329 quod
375 2286 513 2321 refutatu
534 2286 711 2332 indignum
731 2287 917 2330 judicarint.
945 2287 1051 2335 Qid-

166 2334 248 2379 quid
268 2335 328 2376 fit,
355 2337 487 2379 praesens
507 2337 612 2371 Sana}
629 2336 717 2371 Petri
740 2338 861 2372 Canon
881 2337 926 2371 est
947 2339 1050 2381 Syno-

165 2385 249 2420 dalis
276 2410 287 2425 ,
324 2384 464 2429 ideoque
489 2387 658 2430 aequivalet
684 2388 796 2421 multis
823 2387 1048 2431 scriptoribus.

165 2434 562 2483 Qidamcensentetiam
581 2438 784 2471 Eliberixum
809 2437 983 2480 Synodum
1006 2449 1051 2471 er-

150 2484 246 2520 'raffe
256 2484 331 2518 cum
343 2485 510 2527 Septimio.
539 2487 687 2521 Damnat
698 2488 863 2521 Flamines
874 2513 884 2527 ,
911 2488 968 2530 qui
980 2499 1049 2521 non

166 2534 428 2575 immolaverint,
456 2535 509 2569 sed
521 2548 640 2570 munus
652 2539 780 2571 tantum
792 2537 951 2571 dederint.
980 2538 1051 2571 Fer-

164 2584 330 2619 dinandus
342 2583 508 2619 Mendoza
520 2586 574 2628 per
587 2587 713 2621 Munus
737 2587 896 2632 intelligit
911 2588 1050 2630 pretium

165 2634 381 2668 Libellorum.
411 2633 482 2668 Alii
493 2636 727 2679 redemptionis
738 2649 901 2671 nummos.
916 2637 1049 2671 Gabriel

165 2684 411 2727 Alba-Spinaeus
431 2686 591 2731 intelligit
613 2688 761 2723 Gentilia
783 2687 967 2732 spestacula.
1006 2689 1050 2721 Et

166 2735 257 2769 reste.
283 2734 365 2767 Haec
375 2735 463 2769 enim
475 2747 566 2770 erant
577 2748 698 2771 munus
709 2762 719 2778 ,
737 2738 936 2781 quandoque
945 2750 985 2772 ex
998 2738 1051 2772 de-

168 2784 243 2818 bito
256 2807 266 2823 ,
292 2783 487 2828 quandoque
499 2797 539 2820 ex
550 2788 691 2831 gratuita
706 2799 813 2822 mente
825 2814 836 2829 ,
853 2789 871 2822 a
892 2787 1050 2822 Flamini-

169 2834 230 2868 bus
240 2833 354 2868 datum
367 2833 503 2878 Populo.
520 2836 664 2871 Proinde
676 2837 729 2872 hic
742 2838 862 2873 Canon
873 2838 914 2872 ad
929 2840 1051 2882 presen-

170 2893 238 2918 tem
249 2895 317 2918 tem
330 2895 398 2917 non
409 2885 530 2921 faciens
541 2913 552 2928 ‚
577 2887 622 2921 est
634 2889 691 2922 suo
706 2889 782 2923 loco
793 2889 1017 2934 exponendus.

251 3065 687 3132 CANON
732 3072 963 3138 XIII.

318 3201 478 3249 NDE
514 3219 592 3250 nec
617 3219 690 3250 eos
715 3204 793 3268 qui
817 3206 964 3252 omnia
990 3221 1055 3251 re-

339 3270 557 3336 liquerunt
571 3288 748 3340 propter
762 3271 941 3321 salutem
962 3276 1053 3321 ani-

171 3353 251 3383 mae
273 3372 286 3396 ,
319 3342 362 3387 &
386 3339 632 3391 secesserunt
656 3380 669 3404 ,
719 3344 822 3391 licet
859 3342 1053 3393 accusare

165 903 223 935 per
233 890 367 925 verbum
379 890 609 934 &exemplum
630 891 795 926 damnata.
823 890 884 924 Ista
907 892 936 924 R

164 941 238 985 ptio
250 951 456 983 nequaquam
463 940 507 973 est
519 940 751 985 abnegationis
762 942 893 984 species.
915 940 970 973 Est
983 951 1048 975 ma-

162 990 282 1025 nifesta
292 990 522 1035 abnegationis
531 991 642 1025 evasio.
669 990 732 1024 Per
743 991 844 1035 ipsam
858 992 891 1025 ὃς
905 992 1026 1025 Manus
1037 1014 1048 1031 ,

1107 1660 1171 1711 eff
1270 1658 1374 1726 juffu
1399 1660 1558 1722 Angeli
1585 1660 1772 1707 Domini
1798 1694 1810 1718 ,
1848 1656 1964 1706 ἓᾱᾶο
1989 1694 2005 1717 ,

1110 1734 1281 1799 inquit,
1316 1730 1388 1779 die
1413 1746 1505 1779 erat
1534 1747 1622 1778 non
1659 1745 1815 1796 parvus
1842 1728 2007 1776 tumul-

1921 126 1990 165 117

1108 186 1403 238 Aristarchum
1428 186 1475 233 in
1511 181 1685 234 theatro
1708 189 1991 254 comprehen-

1100 257 1279 317 derunt,
1315 254 1401 305 una
1425 273 1526 304 cum
1550 255 1686 304 Paulo
1710 262 1990 323 peregrinan-

1101 345 1193 389 τες,
1229 329 1306 394 qui
1331 325 1508 376 volebat
1532 324 1589 375 ad
1615 325 1991 394 populumsadiret

1102 400 1324 467 Qoniam
1349 412 1529 464 propter
1554 395 1692 464 ipsum
1717 399 1795 464 qui
1821 395 1994 465 persua-

1103 467 1210 519 serat
1232 504 1245 528 ,
1293 471 1336 516 &
1376 468 1558 516 multam
1596 467 1769 517 turbam
1807 466 1863 516 ad
1899 469 1992 515 Dei

1103 540 1269 588 cultum
1293 535 1564 596 traduxerat,
1599 535 1755 586 seditio
1781 537 1891 586 faeta
1905 537 1998 586 fue-

1113 625 1192 658 rat.
1227 611 1336 658 Non
1361 607 1546 657 {iverunt
1570 624 1692 666 eum,
1718 611 1888 673 inquit,
1914 610 2000 656 Di-

1108 679 1274 747 scipuli.
1312 680 1433 746 Qin
1458 679 1594 727 etiam
1619 678 1841 737 nonnulli,
1866 695 1920 725 ex
1936 684 2000 726 A-

1106 751 1263 799 fiaticis
1288 746 1611 811 Magistratibus
1635 784 1647 807 ,
1696 749 1774 813 qui
1801 750 1842 795 ei
1868 762 1999 796 erant

1105 822 1261 879 amici,
1298 817 1501 867 miserunt
1514 817 1570 868 ad
1583 835 1680 867 eum
1695 822 1736 866 &
1750 815 1968 866 suaserunt
1979 852 1993 876 ,

1107 890 1159 938 ne
1196 888 1239 938 se
1275 889 1448 938 theatro
1484 887 1620 938 daret.
1670 891 1712 936 Si
1737 890 1815 954 qui
1842 902 1992 936 autem

1106 978 1204 1008 cum
1230 961 1283 1007 iis
1307 958 1568 1010 contendere
1594 961 1884 1027 perrexerint,
1918 959 1999 1024 qui

1106 1034 1299 1079 animum
1326 1028 1533 1077 sincerum
1556 1033 1597 1077 ei
1624 1027 1834 1078 adhibent
1859 1065 1873 1088 ,
1921 1028 2004 1094 qui

1106 1099 1216 1148 dicit
1233 1119 1244 1147 :
1262 1099 1515 1160 Diligenter
1527 1096 1646 1147 serva
1658 1102 1849 1145 animam
1863 1113 2002 1156 tuam,

1106 1175 1149 1219 δε
1173 1168 1226 1218 ne
1254 1172 1370 1217 retro
1384 1167 1618 1236 aspexeris:
1658 1172 1807 1216 Petrus
1822 1183 2005 1234 quoque

1106 1240 1414 1307 Apostolorum
1453 1241 1657 1306 Princeps
1694 1241 1756 1286 eis
1797 1241 1843 1285 in
1881 1254 2004 1284 men-

1108 1327 1197 1358 tem
1222 1325 1447 1359 revocetur
1472 1346 1485 1369 ,
1533 1312 1611 1377 qui
1649 1313 1737 1373 jam
1777 1310 1823 1356 in
1858 1307 2004 1355 custo-

1107 1380 1224 1430 diam
1250 1396 1341 1429 erat
1355 1384 1568 1444 conjestus
1582 1416 1595 1438 ,
1631 1383 1674 1427 δε
1688 1376 1875 1426 traditus
1889 1393 2000 1443 qua-

1108 1467 1205 1499 tuor
1229 1449 1586 1516 quaternionibus
1612 1449 1804 1495 militum
1819 1445 1875 1494 ad
1899 1463 2006 1494 eum*

1108 1520 1360 1570 servandum
1388 1539 1399 1567 :
1451 1521 1542 1589 Qi
1578 1535 1678 1566 cum
1718 1521 1846 1566 noffitu
1875 1514 2007 1579 fugis-

1109 1590 1193 1651 set,
1229 1595 1273 1641 &
1298 1608 1349 1638 ex
1365 1588 1618 1654 Judaeoruzn
1645 1604 1774 1636 manu
1812 1585 2009 1636 servatus

1116 1818 1185 1850 tus
1210 1805 1323 1850 inter
1348 1802 1515 1849 Milites
1540 1798 1751 1867 quidnam
1777 1798 1936 1848 fastum
1948 1795 2009 1846 es-

1115 1870 1175 1919 set
1201 1875 1343 1919 Petro.
1382 1869 1578 1918 Herodes
1602 1885 1749 1918 autem
1772 1869 1874 1918 cum
1910 1885 2013 1916 eum

1110 1939 1392 2008 quaefiviffet,
1419 1944 1461 1988 δε
1487 1958 1575 1988 non
1601 1937 1852 1999 invenisset,
1879 1941 2010 1986 inter-

1117 2026 1291 2073 rogatos
1316 2008 1508 2058 custodes
1533 2008 1645 2074 juffit
1669 2007 1887 2067 suffocari,
1913 2026 2012 2075 pro-

1111 2096 1207 2148 pter
1242 2097 1362 2146 quos
1401 2080 1520 2127 nulla
1558 2079 1689 2146 culpa
1738 2081 1785 2126 in
1833 2081 2011 2126 Petrum

1110 2150 1353 2199 confertur:
1392 2149 1574 2197 Licebat
1599 2152 1718 2197 enirn
1745 2150 1808 2197 eis
1835 2148 1915 2196 illo
1942 2151 2008 2197 vi-

1112 2220 1155 2270 so
1177 2219 1299 2288 quod
1325 2220 1487 2268 factum
1512 2218 1651 2268 fuerat
1677 2217 1866 2283 effugere
1892 2255 1906 2278 ,
1954 2218 2007 2267 fi-

1110 2307 1184 2339 cut
1209 2296 1252 2339 &
1276 2307 1426 2339 omnes
1452 2288 1642 2338 infantes
1679 2293 1760 2356 qui
1797 2304 1920 2337 erant
1962 2291 2011 2336 in

1112 2362 1354 2420 Bethleem,
1390 2364 1433 2408 δι
1471 2363 1517 2407 in
1556 2359 1759 2408 omnibus
1796 2363 1886 2422 ejus
1911 2357 2012 2406 fini-

1111 2432 1188 2479 bus
1214 2452 1226 2488 3
1274 2431 1306 2479 fi
1343 2428 1556 2480 scivissent
1603 2448 1751 2478 eorum
1800 2433 2011 2477 Parentes

1110 2500 1230 2568 quod
1254 2517 1346 2550 erat
1374 2500 1567 2548 futurum
1597 2520 1608 2548 ε
1661 2502 1741 2566 qui
1780 2497 1805 2547 a
1843 2497 2012 2547 crudeli

1112 2570 1333 2620 homicida
1368 2570 1542 2619 Herode
1582 2569 1738 2618 sublati
1773 2568 1869 2617 sunt
1896 2605 1908 2628 ,
1960 2584 2011 2618 ut

1111 2660 1218 2691 unus
1255 2644 1334 2709 qui
1373 2641 1430 2689 ab
1463 2658 1518 2690 eo
1554 2639 1827 2708 quaerebatur
1865 2637 2009 2687 infans

1112 2715 1293 2780 periret,
1330 2715 1408 2778 qui
1433 2715 1475 2759 &
1501 2709 1589 2778 ipse
1613 2708 1717 2775 jussu
1743 2710 1903 2771 Angeli
1918 2710 2009 2756 Dei

1114 2781 1265 2845 effugit
1289 2820 1302 2842 ,
1350 2784 1431 2848 qui
1458 2782 1654 2830 celeriter
1690 2785 1778 2847 jam
1814 2794 2011 2845 coeperat

1114 2853 1246 2920 spolia
1270 2856 1488 2919 accipere,
1525 2855 1568 2900 &
1594 2853 1750 2900 acriter
1777 2847 2013 2917 praepasce-

1114 2941 1183 2982 re,
1221 2922 1450 2972 secundum
1488 2923 1827 2988 appellationem
1864 2922 2007 2967 norni-

1114 2997 1179 3042 nis
1203 3030 1216 3052 ,
1264 2990 1631 3059 quemadmodum
1659 2988 1865 3056 scriptum
1902 2988 1963 3037 est
1997 3026 2011 3050 ,

1117 3080 1225 3113 voca
1250 3081 1407 3111 nomen
1432 3067 1521 3126 ejus
1546 3097 1559 3120 ,
1607 3061 1806 3108 celeriter
1841 3057 2003 3127 spolia,

1117 3134 1323 3183 velociter
1334 3131 1619 3198 depopulare,
1657 3148 1710 3179 eo
1734 3128 1855 3196 quod
1869 3128 2004 3197 prius-

1114 3221 1250 3271 quam
1275 3202 1416 3250 infans
1444 3200 1549 3249 sciat
1574 3218 1731 3250 vocare
1754 3191 1936 3252 patrem
1960 3204 2004 3248 δε

1117 3281 1303 3322 Matrem
1327 3309 1339 3332 ,
1375 3274 1519 3338 capiet
1543 3271 1804 3320 Potestatem
1841 3274 2008 3318 Darna-

1118 3343 1202 3403 sci,
1237 3348 1279 3391 &
1304 3341 1440 3409 spolia
1465 3344 1685 3403 Samariae,
1711 3358 1858 3391 coram
1885 3344 2010 3403 Rege

174 3481 362 3527 Nam&
385 3481 539 3546 Ephefi
563 3501 644 3550 pro
667 3485 802 3534 Paulo
827 3486 984 3550 Gijurn
1012 3489 1052 3534 δε
1120 3487 1241 3544 liati,
1278 3487 1319 3532 δε
1345 3482 1682 3552 praedationibus
1725 3480 1911 3532 infestati
1941 3484 2010 3528 In-

170 3423 380 3472 tanquam
393 3412 488 3460 aliis
513 3428 692 3480 propter
717 3412 828 3480 ipsos
851 3412 882 3460 d
1117 3412 1398 3481 Assyriorum.
1438 3415 1558 3476 Magi
1582 3412 1686 3476 ergo
1713 3430 1763 3462 ut
1787 3417 1877 3477 jam
1915 3409 2009 3477 spo-

1891 3550 2016 3583 fantem
