2346 3776
132 2893 272 2935 L-12.C·32

393 147 486 194 362

560 136 600 182 C
625 149 855 181 ANONES
891 137 1184 181 Coucnrr
1221 123 1959 186 Constantinoponnm

315 221 450 263 xaginta
466 243 476 258 ,
506 219 656 262 adeoque
670 245 680 261 ,
706 219 815 253 editus
838 221 900 252 esse
914 229 982 251 non
999 217 1202 261 potestaSy.
1259 219 1593 263 stantinopolitanum
1625 220 1828 267 Episcopum
1850 223 1953 260 etiam
1984 224 2151 267 >Flaviano

314 271 393 304 nodi
413 270 520 314 primo
541 281 730 310 conventu,
757 270 854 312 aquo
875 269 981 311 usque
1004 267 1044 300 ad
1061 267 1202 302 Marcia·
1260 268 1479 308 Antiocheno
1506 272 1665 315 praeponit
1690 296 1702 319 ,
1738 274 1854 326 utique
1886 285 1930 309 ex
1967 276 2151 326 praescripto

313 321 348 353 ni
375 320 518 365 Augusti
542 345 552 360 ,
577 321 749 354 &Clodii
776 316 937 361 Adelphii
961 343 972 359 ‚
998 317 1059 357 sub
1079 317 1200 360 quibus

311 372 392 405 fasta
405 369 683 405 Chalcedonensis
705 368 883 412 synodus,
910 370 985 407 sunt
1012 369 1200 413 septuagitr

310 431 344 455 ta
367 446 378 462 ,
407 420 448 455 ad
471 420 655 458 Herculani
679 419 757 453 vero
778 419 811 452 &
831 418 984 460 Asparati
1009 443 1019 459 ,
1048 419 1107 454 sub
1131 419 1201 461 qui-

313 470 373 504 bus
390 471 510 514 scripsit
523 472 657 508 Saniius
669 470 739 503 Leo
756 493 765 508 ‚
793 468 1016 509 Consulatum
1032 470 1106 504 sunt
1118 469 1198 503 anni

309 521 515 569 septuaginta
541 521 575 561 ὃς
597 531 704 554 unns.
734 519 778 552 Et
802 519 920 554 Codex
933 520 1114 557 Canonum
1139 519 1200 553 Ec-

310 571 411 612 clefiae
433 569 816 613 Constantinopolitanae
838 593 849 610 ,
875 581 917 603 ex
945 581 1013 619 quo
1035 571 1070 611 in
1094 570 1199 616 Syno—

308 621 355 656 do
367 619 631 661 Chalcedonensi
655 620 718 653 fuit
740 620 896 659 recitatus
916 622 1032 657 tertius
1053 620 1198 663 Canon,

307 670 348 704 {ic
361 669 483 710 habet:
510 674 583 704 Haec
593 669 802 711 constituerunt
816 665 958 712 Episcopi
979 695 988 710 ‚
1013 676 1109 713 quiin
1119 675 1197 703 Con-

303 719 498 763 stantinopoli
523 727 556 753 in
578 724 636 753 Dei
653 727 760 764 gratia
785 730 990 761 convenerunt
1012 732 1050 754 ex
1073 720 1197 763 diverfis

308 773 480 805 Provinciis
494 796 504 811 ‚
525 769 691 814 secundam
712 776 912 811 evocationem
925 775 982 811 Dei
1008 772 1198 813 amantiffimi

308 824 464 863 Principis
486 820 632 863 Theodofii
653 846 665 862 ,
695 820 753 865 sub
780 821 927 855 Net‘lario
948 819 1096 864 Episcopo
1121 825 1198 854 Con-

301 870 570 919 stantinopolitano
593 897 600 904 .
630 872 677 905 At
700 871 777 905 vero
802 871 975 912 Nestarius
999 883 1068 914 non
1091 872 1199 916 praese,-

305 922 356 956 dit
369 947 379 963 ‚
407 923 465 956 nifi
478 922 623 963 secundo
635 922 817 957 conventui
831 946 838 961 ,

358 972 559 1015 Respondet?
585 982 696 1009 tamen
708 972 888 1012 ,Cimonem
912 972 1057 1014 omnino
1068 972 1197 1007 editum

304 1023 322 1058 ὲ
336 1022 431 1066 plena
452 1020 513 1062 hac
525 1021 684 1067 Synodo.
715 1022 849 1063 Etenim
872 1022 938 1066 jam
968 1021 1197 1067 supraaChal-

303 1072 481 1115 cedonensi
505 1068 649 1115 &sexta
662 1071 802 1115 Synodo
825 1072 1019 1115 audivimus
1033 1073 1196 1115 Concilio

305 1123 384 1158 huic
413 1122 502 1166 prius
529 1123 732 1167 Gregorium
761 1123 1013 1165 Nazianzenum
1037 1148 1047 1164 ,
1074 1123 1197 1158 deinde

307 1174 502 1214 Nestarium
523 1173 702 1217 praesediffe
725 1197 735 1213 ,
773 1174 864 1217 quod
884 1173 926 1208 de
948 1174 1052 1223 seipso
1078 1174 1197 1213 diserte

301 1223 413 1258 scribit
454 1224 491 1258 in
524 1224 671 1258 carmine
703 1224 745 1257 de
782 1224 850 1257 vita
894 1225 949 1265 sua
995 1224 1061 1268 ipse
1097 1225 1196 1259 etiam

302 1274 485 1320 Gregorius
523 1288 535 1307 .·
574 1273 757 1307 Praesediffe
794 1284 905 1309 autem
941 1285 1011 1315 non
1050 1275 1160 1318 potuit
1185 1298 1197 1316 ‚

302 1324 361 1358 nisi
397 1319 493 1367 hujus
532 1323 685 1358 Canonis
728 1324 845 1368 vigore
860 1358 862 1361 ,
880 1334 1041 1368 tanquam
1087 1320 1197 1366 secuns-

300 1374 362 1408 dus
400 1373 553 1417 Ecclefiae
589 1373 773 1423 Episcopus
799 1398 812 1414 ,
847 1374 997 1417 adeoque
1036 1376 1195 1411 Romano

301 1426 403 1459 etiam
452 1436 508 1468 per
554 1424 701 1469 Legatos
747 1424 881 1467 absente
927 1426 1051 1471 primus
1090 1450 1096 1458 .
1150 1426 1193 1459 Et

303 1473 523 1517 Aquilejenfis
549 1500 560 1515 ,
599 1474 663 1510 hoc
688 1475 759 1519 ipso
787 1486 877 1518 anno
913 1486 992 1518 ante
1013 1475 1192 1519 secundum

300 1535 506 1566 conventum
530 1525 612 1567 fadia.
636 1550 647 1565 ‚
679 1524 834 1568 Synodus
857 1537 928 1566 non
949 1526 1096 1569 queritur
1124 1535 1195 1560 tan—

300 1575 373 1609 tum
387 1575 532 1612 Paulino
557 1573 777 1616 Antiocheno
789 1574 982 1619 Episcopo,
1007 1574 1062 1610 sed
1086 1575 1192 1608 &Ti-

301 1623 443 1662 motheo
466 1624 698 1666 Alexandrino
719 1625 837 1666 fastam
861 1624 1044 1667 injuriam‚·
1077 1625 1192 1668 utique

300 1686 356 1719 per
377 1673 468 1708 hunc
492 1673 701 1717 Canonerti,
739 1673 917 1716 conditum
941 1674 1012 1716 ipso
1040 1673 1191 1707 absente.

299 1725 454 1767 Eundem
468 1723 613 1765 omnino
624 1722 765 1758 attendit
779 1723 814 1756 in
827 1723 981 1758 oratione
1007 1723 1050 1756 de
1062 1723 1196 1767 Episcoe

299 1777 349 1821 pis
370 1799 380 1822 ,
419 1773 515 1818 hujus
558 1774 688 1819 Synodi
720 1774 939 1817 increpatoria
960 1798 971 1814 ,
1011 1774 1193 1818 Gregorius

300 1824 550 1867 Nazianzenus:
581 1826 709 1865 Valete,
736 1822 897 1867 insolentes
916 1824 1001 1868 estote
1017 1848 1027 1864 ‚
1055 1827 1194 1866 Patriarr

298 1876 404 1918 §batus
423 1883 480 1918 per
499 1873 595 1918 sortes
621 1880 700 1908 inter
715 1886 769 1907 vos
792 1873 979 1914 distribuite,
1007 1886 1133 1918 magnus
1147 1874 1193 1907 hic

299 1927 386 1968 (vobis
398 1927 529 1958 mundus
543 1926 629 1958 cedat
641 1949 651 1965 ,
678 1925 716 1957 de
732 1926 802 1957 locis
817 1926 889 1968 aliis
913 1931 945 1964 itt
956 1925 1020 1967 aliq
1041 1931 1169 1968 migrate
1183 1950 1192 1964 ,

299 1976 351 2010 hos
363 1978 504 2017 dejicite,
530 1976 595 2008 illos
619 1976 765 2019 attollite.
793 1979 952 2008 Nimirum
975 1973 1039 2015 baec
1051 1976 1194 2017 jucunda

295 2027 368 2071 sunt
391 2027 500 2060 vobis:
529 2029 671 2071 Pergite.
716 2025 848 2066 Vetusti
872 2037 989 2059 omnes
1013 2026 1192 2059 Canonum

299 2078 492 2120 concitores
502 2077 536 2117 ὃς
549 2076 682 2117 codices
696 2100 707 2115 ,
733 2076 834 2116 etiam
846 2076 1029 2119 Dionysius
1044 2075 1194 2120 Exiguus

300 2128 452 2168 &codex
467 2127 618 2169 Ecclesiae
641 2126 818 2165 universae,
844 2137 922 2160 eum
945 2126 1130 2170 agnoscunt
1157 2137 1193 2170 ut

301 2189 418 2212 verum
431 2177 713 2220 Synodifoetum:
741 2176 961 2220 Agnoverunt
989 2177 1069 2210 &in
1089 2178 1192 2220 Syno-

302 2228 347 2266 do
361 2226 622 2263 Chalcedonenli
649 2227 772 2270 Legati
792 2225 883 2260 Sedis
906 2225 1128 2269 Apostolicoe,
1156 2239 1194 2268 ac

303 2279 375 2324 post
398 2278 490 2312 illam
515 2277 583 2321 ipse
605 2276 740 2318 Sanitus
764 2276 836 2310 Leo
860 2275 1018 2318 Pontifex
1041 2301 1051 2316 ,
1080 2276 1195 2320 utpote

303 2341 378 2364 eum
401 2339 541 2373 arguens
565 2326 690 2361 nonde
712 2326 956 2369 suppositione,
983 2326 1036 2371 sed
1059 2326 1100 2360 de
1123 2328 1193 2362 solo

303 2381 430 2421 defediu
456 2379 618 2414 Romanae
650 2377 822 2411 relationis
855 2377 889 2421 §c
911 2377 1193 2415 confirmationis.

305 2431 456 2474 Antiqua
470 2429 624 2471 omnium
638 2425 758 2469 horum
772 2428 896 2471 septem
920 2427 1100 2462 Canonum
1116 2427 1191 2472 Epi-

304 2479 450 2524 graphe‚
476 2490 576 2523 quam
598 2477 752 2518 relationi
776 2477 818 2518 ad
841 2477 1030 2521 Principem
1053 2477 1195 2513 creditur

305 2531 374 2574 ipsa
395 2529 550 2572 Synodus
570 2527 775 2571 adposuisse,
802 2528 842 2569 sic
855 2526 971 2562 habet:
1001 2532 1075 2561 Haec
1098 2529 1195 2562 decre·

304 2588 418 2618 verunt
444 2578 658 2619 &statuerunt
678 2576 845 2619 Episcopi,
871 2584 924 2620 qui
939 2582 1051 2610 Gratia
1077 2581 1134 2611 Dei
1157 2590 1194 2611 ex

307 2628 433 2670 diver-fis
468 2631 638 2661 Provinciis
672 2626 924 2668 Constantinopoli
957 2637 1161 2669 convenerunt
1186 2653 1196 2669 ‚

310 2685 413 2719 vocati.
420 2681 440 2712 ἃ
451 2676 602 2720 Theodofio
609 2675 796 2721 gloriofiffimo
806 2680 997 2720 imperatore.
1025 2677 1195 2719 Secundus

307 2729 473 2774 sequentis
493 2728 574 2762 anni
593 2725 798 2768 conventus,
825 2727 862 2760 in
885 2727 1046 2767 relatione
1066 2727 1107 2769 ad
1130 2727 1195 2762 Da-

308 2781 435 2816 masum
456 2778 681 2818 Pontificem,
707 2775 824 2811 diserte
845 2777 967 2821 fategur
987 2778 1020 2811 se
1041 2789 1111 2821 non
1132 2779 1196 2812 effe

308 2829 499 2875 generalem
512 2828 686 2872 Synodum
699 2851 710 2868 ‚
737 2829 885 2871 resteque
897 2826 1008 2870 scribit
1019 2828 1196 2870 Facundus

310 2879 557 2922 Hermianenfis
571 2892 578 2913 :
604 2883 711 2922 Novas
725 2877 893 2921 constituere
905 2882 1042 2920 Curiones
1054 2889 1112 2912 non
1118 2879 1195 2919 licet,
1216 2891 1219 2894 ’

310 2930 367 2973 m'Jt'
375 2932 479 2965 multis
504 2930 539 2970 i&
549 2935 583 2962 in
593 2940 685 2971 tinum
693 2934 877 2972 congregatis
886 2934 982 2970 primi
1004 2929 1132 2962 ordinis
1142 2930 1195 2961 Sa·

309 2981 475 3015 cet-dotibus
496 3005 504 3013 .
542 2979 649 3028 Qdd
673 2990 854 3023 paucorum
876 2978 933 3021 ille
955 2979 1196 3023 Episcoporutn

309 3041 493 3066 conventus
515 3030 698 3071 Damasum
720 3028 944 3072 Pontificem,
971 3040 1070 3073 quem
1093 3029 1197 3063 offen·

240 3078 246 3086 ‘
312 3082 382 3115 sum
394 3090 490 3116 norat
517 3079 655 3114 &omni
667 3078 775 3120 studio
789 3079 915 3126 placare
938 3080 1075 3124 sategit,
1101 3077 1197 3122 hujus

313 3130 463 3165 Canonis
485 3139 647 3165 attentato
670 3130 776 3174 magis
797 3130 922 3174 irritare
937 3130 1196 3174 praesumpserit,

313 3190 522 3222 nequaquam
533 3181 579 3215 est
589 3180 694 3217 limile
705 3191 781 3214 vero
789 3206 796 3212 .
940 3179 946 3183 '

367 3228 441 3270 Nec
463 3230 585 3265 obsunt
605 3240 801 3275 argumenta
821 3229 857 3264 in
878 3229 1081 3271 contrarium
1103 3254 1110 3262 .
1139 3227 1195 3271 Ad

315 3278 458 3324 primum
468 3278 545 3319 dico
558 3281 733 3319 Canonem
760 3280 795 3314 in
809 3280 963 3324 synodali
983 3279 1024 3314 ad
1035 3278 1197 3320 Theodof

315 3330 399 3365 sium
421 3327 598 3369 Relatione
618 3330 712 3364 fuisse
733 3330 877 3364 omnino
902 3331 1084 3375 expressum
1107 3329 1196 3369 hisce

316 3378 426 3413 verbis
447 3390 455 3410 :
481 3381 588 3418 §mos
621 3382 758 3413 canones
779 3380 942 3421 statuimus
962 3406 973 3422 ,
1008 3392 1077 3423 quae
1098 3386 1197 3420 omnia

315 3428 384 3465 huic
405 3426 499 3469 nostro
511 3425 623 3470 scripto
638 3425 818 3469 subjecimus
840 3455 847 3462 .
886 3431 980 3478 Qin
1008 3431 1112 3464 immo
1135 3442 1196 3472 nec

315 3478 477 3519 secundus
490 3474 674 3518 convent&
685 3477 771 3520 apud
791 3479 972 3514 Damasum
994 3479 1196 3523 Pontificem

315 3529 358 3569 de
377 3528 440 3564 illo
459 3527 557 3573 plene
577 3526 683 3569 tacuit
701 3523 712 3566 ζ
735 3525 874 3569 Etenim
893 3528 1083 3569 Nectarium
1105 3531 1196 3567 Con-

1260 318 1357 362 hujus
1370 319 1536 361 Canonis,

1311 369 1368 410 Ad
1392 371 1570 412 secundum
1598 373 1709 406 nescio
1721 374 1835 417 aliud,
1861 376 1961 420 quam
1989 384 2148 415 numeros

1260 420 1323 454 effe
1344 420 1497 462 vitiatos,
1522 423 1556 456 &
1582 435 1639 466 pro
1646 422 1812 469 sexaginta
1824 420 2002 471 legendum
2024 424 2150 475 septua-

1255 477 1364 514 ginta.
1393 471 1495 506 Haud
1516 472 1615 513 credo
1637 486 1691 512 me
1714 475 1806 517 loqui
1829 476 1894 510 fine
1907 477 2148 518 fundamento.

1262 521 1399 562 Etenim
1418 534 1489 556 non
1510 523 1552 557 de
1573 523 1644 558 solo
1666 523 1732 559 hoc
1754 525 1824 569 ipso
1837 549 1850 566 ‚
1875 526 1930 560 sed
1958 527 2000 567 de
2023 526 2148 568 cunetis

1263 573 1383 615 septem
1404 570 1502 614 hujus
1513 574 1642 616 Synodi
1665 574 1864 610 Canonibus
1885 577 1973 611 dixit
1995 578 2030 618 in
2055 579 2147 619 sexta

1261 622 1389 661 decima
1403 621 1546 657 Astione
1556 622 1837 666 Chalcedonensis
1865 626 1995 669 Synodi
2016 627 2149 668 Lucen-

1262 672 1328 706 tius
1355 671 1539 715 Esculanus
1565 673 1748 718 Episcopus
1775 699 1786 716 ,
1821 687 1860 718 ac
1886 677 1996 712 Sancti
2022 677 2147 718 Leonis

1261 722 1357 766 Papae
1368 722 1532 768 Legatus,
1560 724 1731 765 adversum
1745 725 1962 770 Episcopatus
1984 725 2149 763 Constan-

1261 773 1479 816 tinopolitani
1501 775 1719 817 exaltatores:
1744 780 1782 808 1n
1797 775 1942 819 sinodicis
1969 778 2146 817 Curionibus·

1262 835 1318 856 non
1341 823 1491 858 habentur
1513 849 1523 865 ‚
1550 837 1619 867 quae
1638 827 1740 859 dicunt
1760 836 1835 867 ante
1858 827 2028 871 “quaginta
2050 835 2148 870 prope

1261 885 1357 906 annos
1377 874 1534 915 constituta
1545 875 1636 919 fusffe
1656 901 1663 908 .
1701 876 1815 926 Qem
1842 889 2018 912 numerum
2044 878 2146 911 etiam

1261 923 1417 965 existimo
1440 925 1611 966 vitiatum.
1639 925 1729 967 Nam
1749 926 1791 961 ab
1813 926 1981 970 Eucherio
2006 928 2040 969 ὃς
2061 927 2150 966 Evae

1260 974 1358 1019 grio,
1385 973 1444 1016 sub
1464 974 1585 1018 quibus
1610 975 1719 1016 nostra
1746 977 2147 1022 Constantinopolitana,

1260 1025 1362 1068 usque
1372 1025 1413 1061 ad
1425 1024 1638 1066 Marcianum
1650 1025 1838 1070 Augustum
1851 1027 2034 1063 Consulem
2047 1053 2057 1069 ,
2084 1027 2145 1063 sub

1259 1085 1326 1120 quo
1338 1075 1421 1114 fasta
1431 1075 1589 1119 Synodus
1600 1074 1881 1111 Chalcedonensis
1891 1103 1901 1119 ‚
1928 1080 2006 1112 sunt>
2015 1077 2146 1121 praecis&

1260 1125 1338 1159 anni
1363 1126 1591 1177 septuaginta,
1618 1126 1676 1171 qui
1701 1126 1774 1169 vere
1798 1126 1866 1169 dici
1892 1138 2057 1171 nequeant
2077 1128 2146 1169 feri

1260 1176 1466 1220 oCtuaginta.
1630 1175 1633 1179 ⁴
1947 1174 1951 1178 ⁴

1310 1226 1367 1267 Ad
1386 1226 1520 1268 tertium
1541 1227 1729 1270 responderi
1746 1230 1850 1271 poflet
1871 1228 2044 1267 adduam!
2067 1229 2146 1272 Epi-

1260 1274 1404 1319 graphen
1427 1289 1496 1310 non
1519 1278 1583 1311 esse
1606 1276 1831 1314 authenticam
1857 1292 1864 1317 ;
1893 1279 1949 1313 Est
1972 1280 2065 1314 enim
2085 1279 2146 1315 illa

1259 1327 1325 1369 ipsa
1340 1350 1352 1366 ,
1377 1337 1476 1370 quam
1498 1328 1576 1369 asiis
1595 1328 1636 1365 ad
1658 1327 1848 1373 Principem
1875 1330 1983 1369 relatis
2009 1329 2050 1364 ab
2077 1330 2146 1373 ipsa

1259 1375 1398 1419 Synodo
1410 1376 1477 1420 jam
1490 1378 1560 1418 dixi
1573 1379 1778 1426 appositam,
1802 1380 1899 1419 &cui
1914 1381 1987 1424 quis
2008 1379 2146 1423 Episco·

1259 1436 1352 1469 patus
1390 1427 1754 1472 constantinopolitani
1791 1441 1829 1463 ac
1866 1430 1964 1473 ipsius
1997 1426 2146 1470 Nectarii

1260 1477 1356 1519 palpo
1383 1477 1516 1512 Graecus
1542 1478 1728 1521 adjunxerit
1757 1476 1855 1514 voces
1875 1504 1887 1520 ,
1912 1479 1972 1520 Sub
1998 1479 2146 1519 Nec‘lario

1258 1525 1403 1569 Epifi‘opo
1429 1528 1755 1569 Constantinopolitano
1777 1554 1784 1562 .
1823 1530 1944 1565 Fateor
1969 1539 2085 1571 tamen
2107 1530 2144 1565 δε

1258 1577 1449 1610 Νεᾶειτὶυηι
1476 1577 1670 1620 praesediffe,
1698 1590 1816 1622 nempe
1836 1579 1907 1622 post
1922 1579 2076 1624 Gregorii
2089 1579 2144 1614 ab·

1257 1625 1460 1660 dicationem
1485 1628 1698 1669 spontaneam
1720 1628 2143 1664 statimasuainthroniza-

1257 1676 1370 1717 tione:
1397 1674 1634 1715 Nihilominus
1656 1687 1726 1710 non
1748 1677 1808 1711 sub
1828 1679 1898 1720 ipso
1911 1679 2068 1716 conditus
2093 1678 2142 1716 est

1257 1725 1376 1759 Canon
1400 1749 1411 1764 ‚
1439 1724 1492 1759 sed
1516 1725 1573 1759 sub
1594 1726 1761 1770 Gregorio
1782 1750 1792 1766 ‚
1819 1737 1918 1770 quem
1937 1727 2005 1770 ejus
2027 1729 2144 1772 vigore

1257 1775 1432 1819 praesediffe
1442 1775 1508 1818 jam
1522 1776 1601 1809 item
1613 1775 1683 1810 dixi
1701 1801 1708 1808 .
1736 1775 1864 1817 Verum
1876 1778 2000 1820 semper
2012 1777 2118 1817 Graeci
2128 1802 2145 1825 ‚⁴

1255 1836 1391 1870 agentes
1400 1825 1442 1859 de
1455 1824 1517 1860 hac
1528 1825 1668 1869 Synodo
1678 1850 1690 1868 ,
1715 1826 1903 1869 maluerunt
1925 1827 2116 1869 Nestarium
2129 1851 2144 1870 ,

1257 1876 1355 1918 quam
1387 1876 1591 1920 Gregorium
1614 1876 1749 1919 laudare
1770 1901 1781 1918 ,
1806 1877 1895 1912 unde
1921 1878 1954 1912 ὅ(
1976 1877 2055 1918 ille,
2082 1878 2142 1921 qui

1256 1925 1386 1974 Synodi
1409 1926 1662 1970 subscriptiones
1697 1938 1753 1961 aut
1781 1927 1879 1962 finxit
1904 1937 1962 1970 aut
1986 1927 2072 1972 varie
2095 1928 2144 1963 vi-

1255 1977 1350 2017 tiavit
1371 2001 1381 2017 ,
1409 1975 1602 2020 Nestarium
1635 1986 1672 2018 ut
1695 1977 1862 2020 praesidem
1885 2002 1896 2021 ,
1936 1978 2141 2023 Gregorium

1255 2026 1407 2060 adscribit
1418 2037 1456 2060 ut
1467 2026 1668 2070 Episcopum
1679 2027 1852 2063 dumtaxat
1863 2028 2115 2070 ,Nazianzenum
2126 2041 2140 2069 ‚-

1257 2078 1299 2111 Et
1313 2077 1538 2112 Meletiumut
1551 2078 1754 2121 Episcopum
1767 2076 2024 2113 Antiochenam
2036 2103 2047 2120 ,
2074 2090 2144 2123 quo

1258 2129 1336 2161 vivo
1361 2127 1491 2162 constat
1517 2139 1586 2163 non
1609 2128 1804 2163 Nestarium
1826 2153 1837 2170 ‚
1863 2128 1918 2163 sed
1941 2129 2146 2174 Gregorium

1257 2177 1350 2221 fuisse
1362 2176 1528 2212 Praefidem
1551 2179 1585 2214 ὃς
1611 2177 1811 2224 Episcopum
1832 2177 2147 2223 Constantinopoli-

1256 2239 1389 2263 tanum.
1596 2241 1603 2248 ·

1306 2278 1424 2315 Tertia
1447 2277 1579 2322 quaestio
1591 2278 1637 2312 est
1653 2302 1664 2318 ,
1689 2290 1731 2312 an
1757 2278 1855 2322 hujus
1864 2278 1993 2323 Synodi
2005 2278 2144 2323 Symbo-

1260 2328 1351 2368 lum,
1377 2329 1415 2362 fit
1428 2340 1482 2371 per
1493 2327 1608 2362 sedern
1629 2327 1861 2371 Apostolicam
1882 2329 2145 2369 confirmatum?

1255 2378 1321 2421 Pro
1334 2389 1423 2423 parte
1437 2378 1588 2423 negativa
1600 2379 1680 2417 facit
1691 2378 1860 2415 decretum
1886 2379 2022 2422 Synodi>
2038 2379 2145 2414 Sardi»

1255 2429 1379 2469 cenfis,
1407 2424 1546 2471 relatum
1567 2427 1584 2469 ὲ
1611 2429 1732 2472 ὃᾳηζὶρ
1756 2428 1942 2470 Athanasio
1961 2430 1996 2462 in
2024 2429 2144 2464 litteris

1257 2477 1471 2522 synodalibus
1483 2477 1524 2512 ad
1537 2477 1714 2520 Ecclesiam
1728 2477 1980 2522 Antiochenam
1990 2503 2002 2519 ,
2026 2479 2143 2519 &san-

1255 2529 1347 2572 ciens
1358 2526 1722 2570 nihilulteriusdefide
1745 2528 1867 2570 scribi,
1892 2531 2030 2567 cunstos
2049 2528 2144 2568 dein-

1256 2591 1331 2623 ceps
1351 2580 1414 2621 esse
1435 2587 1614 2615 contentos
1637 2578 1703 2619 fide
1724 2579 1863 2622 Nicaena
1875 2604 1894 2620 ,.
1912 2578 2029 2622 ,utpote
2047 2577 2145 2623 plen&

1258 2630 1406 2674 integra,
1435 2639 1540 2672 neque
1561 2628 1729 2663 edendum
1752 2629 1842 2672 aliud
1857 2628 2081 2672 Symbolum,
2103 2639 2142 2667 tie

1255 2680 1316 2713 illis
1329 2703 1340 2719 ,
1365 2678 1473 2722 quibus
1484 2678 1578 2712 libido
1586 2678 1626 2719 est
1637 2676 1755 2722 semper
1764 2691 1844 2714 nova
1858 2679 1992 2723 statuere
2006 2704 2017 2720 ‚
2040 2677 2142 2721 occafio

1250 2728 1499 2774 suppeditaretur
1513 2752 1524 2768 ,
1550 2735 1704 2762 utiterum
1728 2739 1818 2772 atque
1834 2725 1943 2763 iterum
1962 2729 2070 2772 deside
2090 2731 2144 2763 de·

1252 2779 1367 2821 finiant
1381 2804 1389 2813 .
1415 2778 1464 2812 At
1487 2776 1565 2812 vero
1587 2776 1654 2812 hoc
1676 2779 1874 2823 Symbolum
1895 2776 2039 2822 Nicaeno
2049 2779 2145 2823 plura

1256 2828 1386 2865 addidit
1409 2852 1420 2869 ,
1446 2828 1596 2872 adeoque
1618 2827 1638 2861 a
1657 2828 1811 2865 Romana
1833 2829 1977 2867 Ecclesia
1997 2854 2011 2870 ,
2034 2828 2142 2871 Sudi-

1255 2879 1401 2923 cenfiurn
1413 2879 1595 2923 §aponum
1605 2880 1806 2923 tenacissima
1814 2904 1827 2922 ‚
1846 2892 1917 2915 non
1928 2880 2033 2927 potest
2045 2878 2143 2922 fuisse

1255 2931 1509 2975 confirmatum.

1306 2980 1402 3025 Hinc
1423 2979 1575 3022 adversus
1599 2980 1669 3025 ejus
1695 2981 1922 3018 additamenta
1948 2980 1984 3016 in
2000 2980 2141 3024 synodo
2154 2967 2221 3008 Λᾶ·
2244 2979 2271 3003 ¹'

1257 3029 1519 3067 Chalcedonenfi
1545 3031 1730 3072 clamarunt
1756 3032 1915 3076 Episcopi
1948 3030 2113 3076 AEgyptii
2127 3041 2138 3062 ὲ

1257 3085 1355 3124 Nemo
1371 3079 1498 3124 suscipit
1519 3082 1717 3123 adjectionem
1736 3108 1747 3124 ‚
1786 3094 1871 3116 nemo
1889 3083 2133 3116 diminutivum:

1257 3134 1338 3175 ,ραι
1349 3137 1381 3164 in
1394 3135 1430 3164 N
1432 3137 1505 3165 icaea
1517 3132 1672 3173 constituta
1677 3132 1755 3178 sunt
1763 3158 1774 3176 ‚
1800 3141 1941 3171 teneant.
1954 3130 2136 3168 tatbolimi·

1256 3178 1421 3227 Imperator
1431 3180 1569 3225 hocjufflt
1579 3208 1586 3223 ,
1615 3183 1661 3226 Et
1672 3179 1790 3227 iterum
1802 3195 1810 3224 ς
1824 3182 2023 3224 Medionem
2033 3178 2132 3212 nullut

1250 3230 1378 3276 suscipit
1398 3244 1406 3264 :
1447 3235 1581 3267 Teneant
1595 3258 1606 3274 ‚
1631 3245 1700 3276 quae
1722 3237 1851 3275 Patriam
1866 3231 1964 3277 siam
1987 3236 2134 3267 teneant*

1252 3279 1322 3325 *qu‘ae
1346 3287 1378 3314 in
1401 3286 1512 3316 Nicaea
1536 3282 1691 3324 constituta
1709 3282 1805 3327 sunt;
1832 3289 1953 3316 teneant
1971 3303 1983 3319 ‚
2008 3289 2076 3320 quae
2096 3278 2134 3312 de

1253 3334 1368 3373 spiritu
1375 3330 1480 3374 sanc‘lo
1487 3330 1587 3375 fiant(
1607 3333 1779 3373 catholicus
1795 3338 1958 3375 Imperator
1978 3327 2028 3361 hoc
2035 3329 2116 3371 juffl?
2125 3353 2135 3361 ·

1253 3381 1306 3423 Ex
1318 3381 1389 3415 solo
1406 3406 1416 3421 ,
1442 3382 1613 3426 quomodo
1625 3394 1681 3426 per
1691 3383 1827 3425 Divales
1837 3380 1876 3414 ad
1886 3377 2060 3428 synodum
2084 3377 2136 3412 lit-

1252 3442 1336 3466 teras
1369 3431 1539 3477 Augustus
1569 3433 1761 3467 Marcianus
1790 3429 1919 3474 jusserat
1944 3453 1955 3470 ‚
1993 3428 2136 3462 Nicaeno

1254 3481 1417 3525 Symbolo
1429 3483 1549 3516 volunt
1559 3482 1688 3516 definiri
1716 3481 1758 3514 de
1771 3477 1968 3523 Eutychetis
1991 3477 2138 3522 quaestio-

1256 3531 1354 3574 nibus
1378 3555 1390 3572 ,
1424 3541 1630 3576 nequaquam
1659 3542 1702 3566 ex
1723 3528 2099 3588 Constantinopolitano
2123 3551 2136 3572 ,

1972 3587 2087 3623 utpote
