2346 3776
351 146 464 195 354³
504 134 804 181 'CANONES
840 135 1138 179 CONc1L11
1172 134 1923 184 Cousummoponnm'-

266 221 349 254 edita
378 219 485 262 fulsset
507 242 519 259 ,
551 217 613 263 sed
629 227 732 253 tmen
764 219 895 252 eandem
919 216 1158 258 complea‘lentem

261 268 448 313 sententiam
473 293 484 309 ,
511 270 547 304 &⁵
571 267 676 304 verbis
697 280 756 303 non
776 269 902 302 multum
927 266 966 299 ab
977 267 1030 300 illa
1052 268 1085 299 di
1099 277 1155 300 cre-

263 328 411 362 pantem.
438 319 529 363 Ista,
555 320 716 365 inquam,
741 317 973 355 tabellaeerant
984 317 1157 353 nonidem

265 370 414 411 austius,
441 370 496 405 sed
519 371 612 405 aliud
635 369 796 413 prolixius
817 379 856 402 ac
870 367 1004 411 penitus
1031 378 1157 402 novum

265 420 344 455 fidei
367 420 586 467 Symbolum:
614 421 659 454 Et
682 418 789 453 hocce
809 418 916 457 solum
938 417 1158 456 additamenti

266 481 372 516 genus
394 471 577 516 proscripsit
602 469 801 507 Sardicenfis
824 469 980 517 Synodus
1004 493 1015 510 ,
1040 469 1159 506 volens

267 522 399 561 Nicaeni
412 521 563 564 Symboli
577 530 676 554 voces
688 544 700 561 ‚
726 518 843 563 utpote
852 518 1015 557 divinitus
1028 519 1160 563 inspira-

265 580 339 613 tas,
369 573 432 606 efl‘e
445 571 679 611 sacrosanctas,
703 569 825 604 &nulla
839 568 980 613 Synodo
1003 570 1091 614 quali
1113 569 1161 608 inv

265 622 463 659 sufficientes
477 620 602 661 deseri,
627 630 728 664 atque
754 619 1020 658 Eusebianorum
1034 644 1045 661 ,
1072 631 1159 655 nova

269 672 422 714 quotidie
452 671 616 716 Symbola
645 670 884 710 abortientium
907 694 918 711 ,
942 670 1160 705 temeritatem

268 722 364 758 nullo
379 723 397 756 ὲ
410 721 508 757 nobis
519 722 640 760 firm-ari
651 721 807 766 exemplo
824 746 832 754 .
859 725 993 755 Ntcaena
1004 722 1136 765 Synodus
1150 744 1160 760 ,

269 772 379 818 inquit
391 773 427 808 in
437 773 588 811 Heronis
609 773 767 808 encomio
778 772 962 817 Gregorius
980 771 1163 806 Nazianzev

270 834 333 858 nus
347 848 358 869 ,
384 829 474 858 certis
481 823 760 866 finibur&verbts
783 826 970 861 Divinitaetis
993 822 1162 857 dodrinam

268 871 491 918 circumscripfit
511 900 519 907 .
547 873 626 911 Post
649 874 813 918 plurimos
836 871 990 907 humanae
1021 871 1163 917 diligen.-

269 925 325 963 tiae
340 925 468 964 labores
492 935 569 968 apta
591 924 728 962 tandem
753 922 795 957 ad
816 922 1046 962 nodosiffimos
1067 921 1162 956 Aria-

271 986 321 1010 nae
343 974 487 1019 perfidiae
508 975 542 1014 &-
568 975 714 1008 versutiae
737 973 837 1008 dolos
846 972 1162 1014 circumscribendos

267 1025 435 1060 vocabula
447 1024 587 1072 Synodo
601 1025 772 1068 inspiravit
793 1025 911 1066 Deus,
937 1023 1081 1068 ideoque
1093 1023 1162 1067 jure

270 1077 390 1116 merito
402 1074 441 1110 ea
462 1076 480 1108 a
501 1076 635 1115 nemine
647 1074 751 1110 deseri
776 1075 884 1110 sanxit
915 1073 1071 1118 Synodus
1094 1075 1163 1109 Sar-

273 1126 432 1167 dicenfis.
461 1125 510 1166 At
532 1124 609 1160 vero
632 1124 701 1159 haec
724 1125 832 1160 nostra
853 1125 921 1167 illis
942 1124 1037 1168 plene
1057 1134 1164 1159 reten-

270 1179 313 1211 tis
338 1175 485 1222 quaedam
499 1176 675 1211 dumtaxat
688 1187 773 1213 nova
785 1176 897 1218 infixit
917 1175 1090 1217 adversum
1104 1186 1163 1209 no-

270 1238 329 1263 vos
365 1227 563 1262 Macedonii
593 1227 628 1260 &
652 1226 855 1270 Apollinarii
875 1232 999 1262 errores
1020 1249 1031 1267 ,
1071 1224 1160 1269 quod

269 1277 415 1316 omnino
448 1278 573 1312 licuiffe
616 1277 745 1316 asseruit
776 1277 812 1317 in
845 1275 984 1321 Synodo
1021 1274 1163 1311 Chalce-

271 1328 408 1362 donenfi
420 1327 593 1373 Diogenes
607 1327 791 1371 Episcopus
811 1326 1019 1370 Cyzicenus.
1059 1325 1163 1373 Qod

268 1378 378 1421 ipsum
399 1378 436 1413 in
465 1379 561 1422 supra
584 1376 727 1419 addusto
763 1375 840 1416 fidei
863 1377 996 1411 decreto
1031 1376 1162 1411 laudata

269 1428 426 1472 Synodus
448 1428 626 1470 confirmat
649 1453 656 1460 .
694 1427 870 1466 Novarum
895 1439 1017 1462 vocum
1052 1426 1165 1461 adver-

269 1479 325 1518 sus
355 1489 463 1519 novos
493 1489 618 1513 errores
649 1477 877 1513 additamenta
899 1478 1024 1521 primus
1061 1478 1161 1512 inter-

269 1529 358 1564 dixit
381 1529 503 1564 Canon
524 1527 731 1572 Ephefinus,
757 1528 808 1569 uti
832 1529 868 1562 in
891 1527 1085 1566 Florentina
1107 1527 1164 1570 Sy-

261 1579 365 1621 ,nodo
376 1581 410 1615 δε
423 1579 581 1614 Latini&
593 1579 699 1614 Graeci
709 1580 843 1612 fuerunt
864 1589 922 1612 ore
933 1589 1004 1620 uno
1015 1577 1144 1622 proseffi
1157 1602 1164 1608 .

320 1629 378 1664 Ad
402 1629 585 1664 secundum
607 1628 790 1673 respondeo
814 1628 999 1672 Episcopos
1022 1627 1099 1661 illos
1130 1627 1164 1661 &

272 1681 307 1713 in
332 1679 473 1723 Synodo
495 1677 761 1719 Chalcedonenfi
790 1677 972 1711 clamantes
993 1701 1005 1717 ,
1040 1676 1075 1710 ἀ
1095 1676 1166 1719 post

272 1729 365 1764 illam
390 1729 569 1770 scribentes
591 1728 632 1762 ad
655 1728 807 1762 Leonem
830 1726 1021 1772 Augustum
1038 1751 1048 1766 ,
1074 1726 1168 1760 fuiffe

270 1780 487 1827 nequissimos
509 1791 547 1813 ac
559 1777 856 1813 turbulentissimos
878 1775 1168 1821 Eutychianistas,

273 1841 417 1875 quorum
437 1840 495 1871 aut
518 1830 658 1875 propriis
682 1828 851 1870 calcibus,
878 1837 936 1862 aut
958 1826 1045 1862 certe
1066 1826 1169 1863 con-fi·

272 1882 327 1916 liis
338 1880 506 1921 barbarice
518 1880 613 1924 periit
624 1880 760 1922 Saucius
780 1879 893 1921 Flavia
899 1889 960 1913 nus
971 1876 1168 1918 Constanti-

273 1931 492 1976 nopolitanus
506 1931 689 1979 Episcopus
701 1953 712 1970 ,
739 1941 777 1966 ac
791 1930 826 1971 in
840 1930 910 1973 ipso
922 1929 1021 1971 etiam
1035 1927 1169 1973 gentilie

273 1983 335 2017 bus
348 1982 551 2022 sacrosancto
563 1979 752 2025 baptisterio
764 1980 901 2014 Sanctus
913 1978 1080 2013 Protei-ius
1092 1976 1167 2012 Ale-

274 2032 460 2067 xandrinus
478 2057 489 2073 ‚
517 2030 590 2076 post
612 2040 756 2073 mortem
791 2030 926 2065 exustus
949 2030 984 2063 in
1017 2029 1166 2070 cineres,

272 2084 459 2127 sparsusque
469 2077 504 2117 in
517 2092 652 2117 ventos.
678 2080 884 2115 profitentur
895 2081 986 2114 enim
998 2079 1065 2121 sese
1075 2089 1167 2120 com-

272 2134 444 2169 municare
465 2132 612 2176 synodis
644 2132 679 2165 in
714 2130 848 2175 Epheso
871 2130 964 2165 factis
994 2143 1006 2163 .-
1042 2129 1076 2163 id
1097 2129 1167 2169 est,

272 2196 343 2219 non
358 2184 420 2218 soli
441 2194 519 2216 vero
533 2180 698 2226 Ephefino
723 2181 908 2221 Concilio,
935 2180 1036 2214 sed&
1060 2177 1167 2224 Ephe·

274 2235 344 2269 sino
355 2233 536 2268 latrocinio
550 2256 561 2273 ‚
587 2233 622 2266 in
634 2242 702 2276 quo
721 2232 873 2266 laudatus
886 2231 1081 2273 Flavianus,
1110 2241 1167 2267 nov

272 2296 331 2319 vus
356 2283 446 2318 Abel
467 2308 478 2325 ,
507 2282 689 2327 Episcopus
711 2281 752 2316 ab
773 2282 939 2327 Episcopo
972 2306 983 2323 ,
1008 2291 1164 2324 tanquam

273 2335 401 2375 {fratre
423 2334 544 2373 mter,
571 2334 636 2371 suit
665 2332 865 2367 trucidatus.
893 2331 1078 2372 Adversum
1090 2331 1166 2366 illos

275 2387 312 2420 in
334 2385 475 2429 Synodo
495 2382 760 2425 Chalcedonenfi
794 2384 1020 2419 clamaverunt
1047 2382 1166 2416 oriem

276 2437 356 2471 tales
379 2435 536 2479 Episcopi
560 2433 766 2475 orthodoxi:
796 2441 870 2469 Haec
890 2432 1037 2472 Eutyches
1064 2434 1164 2465 dixit.

276 2485 451 2529 Eutyches
475 2486 567 2520 enim
590 2485 625 2519 in
647 2486 704 2524 sua
725 2482 892 2528 Ephefino
913 2482 1091 2517 latrocinio
1114 2494 1166 2516 ex·

279 2535 393 2572 hibita
418 2536 484 2569 fide
506 2536 611 2570 solam
634 2535 810 2575 Nicaenatn
829 2535 864 2571 δε
889 2532 1088 2577 Ephefinam
1110 2533 1168 2576 Sy·

277 2586 409 2622 nodum
431 2585 588 2630 professus
622 2585 728 2619 fuerat
753 2609 765 2625 ‚
790 2583 1166 2627 Constantinopolitana

278 2637 412 2681 penitus
434 2635 552 2670 omissa
575 2659 583 2667 .
620 2634 716 2668 Hinc
739 2634 774 2667 in
797 2634 905 2678 ipsum
930 2634 971 2667 ad
992 2633 1166 2676 Synodum

278 2684 590 2726 Chalcedonense'm
601 2684 691 2719 dixit
702 2685 795 2728 supra
809 2684 960 2722 laudatus
985 2683 1168 2726 Episcopus

213 2766 221 2776 .
278 2737 468 2780 Cyzicenus
481 2750 492 2770 .·
521 2737 630 2769 Dolose*
646 2732 813 2778 praeposur‘t
834 2735 978 2773 synodum
995 2732 1169 2777 sant‘lorum

279 2791 412 2821 Patrum
425 2811 435 2826 ,
453 2799 522 2830 quae
535 2792 568 2818 in
582 2790 693 2819 Ntcaea
707 2784 799 2826 fae‘Ja
808 2783 847 2824 est
859 2809 866 2816 .
894 2788 1011 2826 Accepit
1039 2795 1169 2826 namque

279 2839 494 2877 additamenta
514 2838 534 2869 ἃ
542 2835 662 2885 sants
686 2836 833 2869 Patribus
849 2843 974 2877 propter
990 2832 1170 2877 perversum

279 2889 462 2923 intelleHum
486 2888 691 2930 Apollinum,
718 2888 753 2920 (9·
784 2886 940 2919 Valentini
961 2908 973 2924 ‚
1009 2886 1044 2918 (tt
1073 2888 1169 2919 Mace-

279 2940 382 2980 donn,
409 2940 444 2979 (ρ’
465 2944 516 2981 qut
537 2943 581 2970 eis
598 2936 710 2979 fimiles
727 2934 804 2979 sunt
820 2961 827 2968 .
855 2940 903 2968 Et
914 2936 1057 2968 additum
1084 2934 1122 2975 est
1138 2940 1171 2967 in

279 2990 405 3028 symbolo
430 2986 602 3031 sanc‘lorum
638 2990 769 3024 Parrum
795 3000 807 3020 :
844 2985 940 3033 QJI
967 2984 1171 3019 DESCEN·

280 3039 391 3079 DlT,
418 3039 487 3073 ET
514 3035 850 3072 INCARNATUS
879 3035 971 3070 EST
1000 3035 1066 3069 DE
1094 3035 1174 3068 SPI-

282 3087 411 3124 RITU
441 3088 639 3123 SANCTO
667 3088 731 3121 EX
754 3085 918 3123 MARIA
947 3085 1174 3125 VIRGINE.

284 3141 344 3171 Hoc
365 3148 491 3181 namque
509 3137 702 3181 praetermifit
723 3136 871 3176 Eutyches
892 3156 907 3177 ,·
923 3135 997 3178 ficut
1020 3137 1174 3178 sspollinaf

283 3186 357 3228 rista
379 3211 387 3219 .
424 3193 511 3221 Nam
546 3194 640 3227 ctiam
666 3189 851 3230 Apollinaris
880 3184 1007 3229 sussipit
1031 3184 1174 3229 sanblam

283 3238 449 3278 synodum,
475 3250 544 3280 quae
569 3244 602 3275 in
623 3237 829 3280 Nicaeafac‘la
850 3236 890 3278 est
903 3261 914 3278 ‚
935 3234 1174 3280 stcundfbmpro‘

279 3293 388 3333 priam
393 3287 624 3328 perversitatem
641 3290 812 3333 intelligens
822 3312 831 3320 .
859 3286 959 3326 Redite
970 3287 1010 3321 ad
1023 3286 1175 3325 Leonem

287 3337 477 3381 Augustum
490 3337 524 3369 in
539 3337 681 3372 laudatis
696 3337 913 3383 synodalibus
926 3337 1045 3371 litteris
1064 3337 1176 3371 scribit

287 3387 463 3426 Seleucus,
490 3385 671 3429 Episcopus
692 3388 879 3423 Amasenus
900 3388 935 3422 ὅ(
956 3387 1176 3436 Metropolita

162 3475 168 3481 ,
290 3436 544 3480 Helenoponti:
572 3439 726 3468 Novimus
740 3461 751 3477 ,
770 3445 843 3479 qula
853 3450 953 3472 omnes
964 3436 1174 3481 baerettcisanv

114 3473 202 3515 ¹39¹st
227 3482 270 3511 53·
290 3488 356 3521 aas
366 3488 490 3531 Synodos
504 3510 514 3526 ,
538 3496 638 3519 eorum
658 3487 757 3517 malas
774 3486 872 3528 sec‘lm
896 3487 1078 3527 destruentes
1094 3513 1105 3529 ,
1131 3499 1177 3521 ac,

289 3537 404 3583 cusam.
430 3537 508 3575 Hac
518 3535 652 3584 ergo-de
663 3536 758 3573 causa
773 3535 1031 3579 Eutychianistae
1044 3549 1111 3573 non
1129 3539 1176 3572 so-

90 1287 156 1323 Λᾶ.
169 1299 192 1324 ι.

1218 217 1283 251 lam
1305 215 1634 260 Chalcedonensem,
1664 220 1863 257 sed&hanc
1892 222 2037 258 nostram
2048 226 2113 269 Sym

1219 267 1349 302 nodum
1370 269 1496 315 semper
1508 269 1642 307 fuerunt
1662 270 1834 313 detestati,
1862 274 2052 308 accusantes
2062 274 2113 309 de

1218 317 1447 355 additamento
1460 343 1472 360 ,
1497 320 1800 364 proclamantesque
1820 324 1861 358 ad
1885 324 1985 358 solius
2005 324 2111 359 Nicae·

1222 379 1272 402 nae
1301 369 1502 411 Symbolum
1521 395 1532 411 ‚
1571 370 1664 417 quod
1690 372 1795 407 solam
1817 375 1992 418 praesertim
2028 374 2112 409 Filii

1220 418 1445 457 Divinitatem
1457 444 1469 461 ,
1494 432 1565 455 non
1586 420 1655 464 ejus
1675 422 1838 461 incarnati
1860 426 2111 462 Sacramentum

1221 469 1317 503 certis
1340 469 1463 508 finibus
1485 471 1520 505 δε
1542 472 1650 505 verbis
1670 472 1985 518 circumscripserat,
2010 475 2112 511 adeo·

1220 530 1286 563 que
1306 518 1444 555 istorum
1464 522 1727 564 expositionibus
1748 523 1872 558 dolofis
1894 525 2024 564 facilius
2058 537 2113 570 pa-

1221 569 1328 606 tebat.
1357 570 1453 610 Hine
1480 571 1653 609 adversum
1671 584 1729 607 eos
1755 574 1866 609 scribit
1893 575 1935 613 ad
1957 575 2112 614 Leonem

1222 619 1412 665 Augustum
1426 621 1590 665 Evoptius
1611 623 1730 667 Cyzici
1753 624 1960 668 Episcopus,
1986 636 2026 664 ae
2037 627 2112 660 Me-

1221 672 1381 714 tropolita
1401 672 1634 716 Hellesponti:
1665 673 1968 718 Dixeruntsanllam
1989 677 2110 721 quidem
2127 682 2267 724 Epimm

1221 723 1366 760 synodum
1386 728 1429 769 ‘tn
1449 727 1561 761 Nicaea
1585 723 1710 764 fallam
1728 723 1764 767 se
1793 723 1944 769 sus'ctpere
1966 750 1977 765 ‚
2003 727 2038 761 o·
2064 725 2111 770 se·

1221 773 1350 805 cundum
1370 784 1470 811 eorum
1490 772 1696 818 expofits‘onem
1718 776 1837 810 credere
1854 787 1864 818 3
1892 784 2011 810 centum
2024 782 2112 818 quin-

1222 829 1371 866 quaginta
1382 826 1454 857 vero
1464 825 1782 866 Reverendtffimorum
1798 824 2012 868 Epist-oporam
2034 830 2114 860 Con·

1222 874 1320 909 cilium
1335 879 1460 916 penitus
1487 879 1623 917 ignorare
1641 900 1649 908 .
1698 876 1786 909 Unde²
1803 875 1977 920 hujusmodi
2003 874 2113 920 sensus

1223 922 1345 963 ostendit
1366 947 1378 964 ‚
1415 925 1498 966 quod
1514 930 1659 963 contrarii
1687 927 1814 963 cultores
1840 925 1904 968 ssnt
1936 925 2114 976 sane‘lorum

1223 971 1439 1018 Episcoporm
1458 997 1470 1014 ‚
1495 980 1595 1017 quim
1611 984 1670 1012 toto
1691 976 1760 1010 orbe
1781 976 1935 1019 consistunt
1949 1002 1956 1010 .
1979 982 2068 1012 Nam
2084 975 2117 1019 fi

1223 1025 1389 1063 Concilium
1397 1033 1502 1061 contra
1511 1023 1640 1068 haere-lits
1659 1025 1822 1069 respuunt,
1849 1029 1939 1070 quade
1959 1027 1999 1073 est
2011 1029 2045 1062 <it
2054 1025 2114 1070 sub

1224 1074 1368 1108 matario
1384 1072 1501 1118 san8ae
1520 1082 1670 1114 mmortae
1694 1082 1727 1114 ,in
1746 1083 1884 1111 maxima
1900 1084 2029 1111 civitate
2047 1081 2110 1111 Re-

1215 1130 1272 1169 gia
1282 1136 1321 1158 ex
1343 1124 1468 1166 diver-fis
1490 1128 1662 1160 Provinciis
1672 1137 1900 1171 congregatum,
1921 1129 2031 1169 pelam
2046 1126 2116 1168 οβ’,

1224 1181 1364 1218 quoniam
1384 1177 1456 1209 illas
1466 1174 1594 1220 hereses
1614 1176 1773 1220 prohibere
1783 1179 1881 1211 nolint
1897 1201 1908 1218 ,
1926 1173 1988 1220 sed
1995 1189 2049 1213 eas
2056 1186 2111 1220 po-

1224 1226 1285 1258 tius
1307 1225 1528 1268 ampleaeantur
1549 1251 1560 1268 ,
1599 1238 1677 1269 quas
1706 1225 1879 1271 sandffmt
1914 1230 2023 1266 Patres
2050 1227 2118 1263 haee-

1220 1277 1271 1318 pi?
1292 1275 1499 1317 constituentes
1508 1276 1699 1314 anathemati
1716 1276 1942 1322 subdiderunt.
1970 1277 2051 1313 Dici
2062 1289 2116 1312 er-

1223 1337 1268 1371 go
1291 1326 1386 1369 poffit
1396 1326 1439 1366 de
1460 1325 1527 1362 hoc
1539 1327 1651 1362 nostro
1664 1327 1828 1371 Symbolo
1839 1353 1850 1369 ‚
1875 1328 1966 1371 quod
1981 1329 2023 1364 de
2033 1329 2111 1363 San·

1224 1378 1274 1411 έῖο
1293 1377 1488 1422 Augustino
1509 1378 1645 1414 Sanetus
1674 1379 1908 1422 Hieronymus
1930 1391 1938 1410 :
1975 1378 2112 1415 euholt,
2131 1372 2267 1414 Elfistdi·

1223 1433 1249 1460 ci
1268 1435 1298 1461 te
1319 1429 1500 1467 conditorem
1517 1434 1654 1471 antiquae
1678 1430 1799 1463 rursum
1812 1429 1888 1472 fidei
1907 1439 2112 1470 venerantur,

1224 1479 1279 1568 urst,
1305 1479 1387 1520 quod
1397 1477 1516 1523 signum
1535 1481 1661 1522 maJ'oris
1680 1481 1787 1525 glortae
1805 1479 1845 1522 est
1856 1503 1868 1522 ,
1893 1478 2045 1518 haretici·
2062 1479 2115 1519 de·

1224 1536 1255 1560 te
1279 1536 1390 1561 antur.

1275 1576 1331 1611 Ad
1362 1578 1498 1612 tertium
1529 1579 1712 1622 respondeo
1733 1580 1804 1613 falli
1839 1581 1874 1614 δε
1907 1580 2114 1624 Gregorium

1228 1626 1411 1661 Aristinum
1422 1629 1456 1662 ἃ,
1470 1627 1648 1671 Josephum
1659 1627 1916 1664 Methonensern
1927 1655 1934 1661 .
1964 1630 2115 1673 Ejusmo-

1226 1677 1261 1711 di
1282 1677 1495 1711 correctionis
1513 1688 1614 1712 nemo
1635 1680 1792 1720 antiquus
1813 1679 1972 1713 meminit
1997 1704 2004 1710 .
2044 1679 2114 1713 Pro

1226 1726 1295 1769 ejus
1308 1750 1319 1767 ,
1345 1727 1482 1771 inquam
1503 1752 1515 1768 ,
1541 1726 1759 1761 additamenti
1781 1726 1977 1770 antiquitate
1997 1728 2111 1763 admo-

1227 1777 1308 1818 dum
1329 1776 1491 1811 laboravit
1513 1776 1549 1811 in
1584 1777 1781 1812 Florentina
1803 1777 1943 1821 synodo
1967 1778 2011 1811 D.
2037 1777 2117 1812 Car-

1227 1827 1348 1868 dinalis
1368 1827 1539 1871 Julianus,
1564 1827 1634 1871 ejus
1655 1838 1767 1869 tamen
1779 1828 1918 1872 primam
1943 1828 2116 1873 originem

1228 1877 1408 1921 adscribere
1432 1878 1559 1921 nescit,
1585 1878 1645 1912 nili
1658 1878 1797 1926 Synodo
1817 1879 1961 1923 septimae
1980 1902 1991 1919 ,
2017 1878 2114 1922 cujus

1229 1928 1366 1971 protulit
1395 1927 1647 1968 vetustissimum
1688 1929 1839 1963 codicem
1872 1927 2052 1963 habentem
2076 1929 2116 1963 in

1229 1978 1394 2022 Symbolo
1416 1990 1472 2022 per
1497 1979 1599 2023 ipsam
1623 1979 1786 2022 probato.-
1813 1981 1879 2025 ,Qui
1896 1989 1936 2019 ex
1947 1981 2043 2016 Patre
2060 1983 2117 2013 Fi-

1226 2030 1322 2071 lioque
1350 2030 1487 2071 procedit
1511 2054 1518 2061 .
1557 2029 1671 2070 Etiam
1702 2030 1906 2070 Francorum
1932 2029 2089 2074 Episcopi
2102 2052 2117 2068 ,

1227 2079 1307 2121 dum
1331 2079 1572 2125 Carolimagni
1596 2090 1745 2124 tempore
1757 2091 1875 2115 vocem
1898 2080 2036 2123 Filioque
2056 2078 2115 2114 ad·

1226 2129 1337 2170 didere
1351 2155 1362 2170 ‚
1381 2130 1579 2174 ignorarunt
1602 2132 1724 2171 fafikum
1735 2129 1823 2166 istud
1834 2125 1989 2170 Damalii
2014 2129 2116 2174 Igno-

1228 2181 1311 2215 ravit
1333 2181 1369 2214 &
1387 2180 1532 2216 Ecclesia
1556 2180 1737 2217 Romana.
1764 2181 1846 2225 Ejus
1865 2179 1941 2215 sane
1964 2179 2117 2220 Damaso

1228 2230 1318 2264 nulla
1337 2231 1402 2264 fuit
1422 2231 1590 2270 neceffitas
1616 2256 1626 2271 ,
1665 2231 1758 2265 nulla
1786 2231 1915 2265 occasio
1939 2243 1947 2264 ε
1983 2230 2118 2265 Primus

1227 2292 1370 2324 namque
1382 2280 1424 2315 de
1447 2282 1587 2324 Spiritus
1600 2280 1700 2316 sanasti
1721 2293 1764 2315 ex
1775 2280 1871 2321 Patre
1895 2282 1930 2320 ἀ
1943 2279 2031 2315 Filio
2043 2290 2118 2323 pro-

1226 2331 1368 2365 ceffione
1389 2330 1574 2375 disputator
1595 2333 1630 2366 &
1652 2331 1736 2365 Erro
1759 2332 1823 2370 fuit
1845 2331 1973 2369 dudum
2005 2329 2121 2373 poste·v

1226 2382 1292 2416 rior
1313 2381 1488 2415 Nestorius
1507 2404 1518 2422 ‚
1545 2392 1602 2422 aut
1622 2381 1690 2424 ejus
1712 2382 1821 2417 fautor
1847 2380 2087 2419 Theodorerus
2102 2401 2114 2422 ,

1226 2443 1262 2466 ut
1293 2431 1329 2470 in
1351 2431 1544 2472 florentina
1566 2431 1704 2476 Synodo
1726 2430 1809 2466 reste
1842 2430 1931 2471 dixit
1963 2429 2115 2468 Andreas
2132 2440 2197 2477 sem
2221 2453 2247 2478 7-

1227 2481 1445 2525 Metropolita
1466 2481 1683 2522 Rhodiorum
1706 2505 1713 2513 .
1752 2482 1905 2522 Errorem
1937 2480 2115 2518 continent

1226 2533 1260 2567 &
1281 2530 1350 2566 haec
1361 2532 1459 2566 verba
1482 2531 1730 2572 Methonenlis:
1758 2534 1874 2575 Dogma
1903 2529 1956 2564 boc
1979 2540 2039 2563 non
2075 2527 2116 2570 est

1228 2595 1357 2622 novum,
1382 2584 1448 2616 cum
1467 2580 1560 2626 usque
1581 2584 1602 2615 ἃ
1618 2580 1752 2625 secunda
1772 2582 1882 2620 Synodo
1896 2579 1938 2623 fit
1956 2604 1967 2621 ,
1989 2581 2024 2614 Θ
2045 2589 2125 2614 cam

1227 2643 1307 2667 tetur
1328 2638 1361 2666 in
1382 2637 1519 2666 Romana
1541 2631 1691 2673 Ecclefia.
1717 2633 1800 2679 Qo
1820 2632 1913 2666 enim
1938 2630 2011 2664 istic
2032 2640 2116 2664 tem-

1230 2694 1306 2727 pore
1317 2683 1516 2725 Symbolum
1534 2682 1947 2731 Constantinopolitanum
1959 2705 1969 2721 ‚
1996 2680 2032 2714 δε
2044 2680 2118 2723 qui·
2184 2675 2188 2678 ⁴

1229 2733 1304 2767 dem
1324 2733 1390 2770 fine
1415 2733 1645 2772 additamento
1673 2758 1684 2779 ,
1710 2733 1835 2772 cantari
1856 2730 2013 2774 eruperit,
2039 2729 2115 2765 dixi

1231 2783 1322 2826 supra
1333 2783 1367 2820 in
1381 2783 1470 2822 notis
1481 2783 1522 2817 ad
1544 2783 1742 2828 Symbolum
1754 2783 1931 2817 Nicaenum
1945 2806 1951 2812 .

1280 2833 1338 2871 Ad
1371 2843 1525 2876 quartum
1551 2833 1734 2876 respondeo
1761 2833 1780 2866 a
1811 2831 1897 2866 libro
1921 2829 2120 2865 Pontificali.

1230 2884 1264 2917 &
1287 2882 1436 2922 adductis
1457 2884 1623 2923 Romanis
1643 2882 1866 2924 Pontificibus
1888 2881 2023 2925 quidem
2044 2891 2120 2914 non

1232 2934 1402 2977 exprimi,
1438 2945 1583 2975 attamen
1616 2945 1687 2968 non
1721 2933 1921 2977 praetermitti
1948 2930 2035 2966 hanc
2058 2942 2119 2964 no-

1234 2983 1331 3018 stram
1352 2984 1528 3027 Synodum
1541 3008 1552 3024 ‚
1575 2984 1690 3027 utpote
1709 2984 1909 3018 intellestam
1923 2981 1981 3017 sub
2010 2981 2118 3015 Nicae-

1236 3046 1294 3068 na.
1322 3035 1410 3081 Qis
1435 3035 1560 3069 nesciat
1582 3034 1673 3069 aliud
1698 3034 1762 3068 else
1782 3034 1958 3070 Nicaenum
1980 3031 2118 3074 Symbo-

1236 3086 1303 3119 lum
1317 3109 1327 3124 ,
1354 3084 1446 3119 aliud
1457 3083 1896 3128 Constantinopolitauum?
1925 3082 2117 3123 Utrumque

1234 3146 1344 3169 tamen
1366 3146 1425 3179 pro
1446 3134 1565 3169 eodem
1585 3134 1685 3169 habet
1708 3134 1870 3175 Ecclefia,
1898 3131 2002 3181 &qui
2024 3129 2115 3163 Con·

1235 3185 1572 3229 stantinopolitanum
1584 3186 1624 3220 ad
1648 3184 1799 3229 mysteria
1809 3184 1956 3223 utimus,
1981 3179 2029 3214 uti
2050 3187 2113 3211 ¹10⁵

1235 3236 1377 3270 dicimus
1392 3236 1540 3270 Nicaeno.
1555 3236 1698 3270 Causam
1709 3235 1766 3269 dat
1778 3236 1812 3268 in
1826 3232 1966 3277 Synodo
1978 3229 2116 3264 Floren-

1237 3287 1307 3323 tina
1318 3286 1453 3319 Marcus
1467 3284 1633 3329 Ephesius:
1661 3284 1886 3326 statutumfuit
1895 3282 1935 3319 ab
1945 3276 2115 3322 Ephefinae

1238 3336 1368 3385 synodi
1396 3336 1544 3375 Patribus
1555 3362 1567 3378 ‚
1592 3338 1669 3372 nulli
1686 3337 1825 3377 deinceps
1840 3341 1946 3377 patere
1963 3331 2116 3364 licentiam

1237 3388 1422 3424 immutandi
1432 3393 1540 3429 quovis
1551 3388 1636 3424 modo
1655 3386 1816 3425 symbolum
1827 3387 1989 3420 Nicaenum
2002 3403 2012 3418 ›
2035 3379 2116 3420 4²⁰⁴

1238 3438 1315 3470 idem
1335 3436 1375 3477 est
1395 3438 1492 3472 dicere
1527 3449 1563 3471 ac
1601 3433 1957 3478 constantinopolitanum
1979 3443 1990 3463 ··
2017 3434 2067 3462 vir
2070 3436 2118 3470 Ψ·
2171 3433 2187 3441 ””

1239 3496 1267 3521 te
1287 3493 1367 3520 em'm
1389 3493 1555 3521 continetur
1575 3493 1609 3520 in
1630 3487 1680 3519 illo
1694 3510 1705 3524 ‚
1729 3482 1871 3524 amboque
1889 3489 1945 3523 pro
1967 3491 2026 3513 uno
2041 3476 2117 3523 sunt

1240 3537 1345 3572 habita
1365 3561 1377 3578 ,
1403 3546 1437 3571 ut
1453 3536 1555 3581 prstea
1581 3536 1710 3580 planum
1725 3533 1780 3578 fiet
1803 3557 1810 3564 .
1839 3530 1991 3581 Nerrose
2013 3528 2120 3614 ‹asien-

2045 3587 2072 3612 rt
