2346 3776
167 1032 169 1034 ,
213 1001 275 1041 Lib.
295 1004 338 1031 18.

215 1050 333 1080 &lp-5¹·

353 130 375 174 5
382 131 402 156 2

351 185 613 228 interpretationi
624 182 826 228 praepofitum
837 206 848 223 ‚
870 179 912 214 ad
923 178 1033 220 turbas
1047 179 1234 218 suscitatum

348 236 369 276 a
382 235 532 270 Diabolo
543 259 552 274 ‚
566 234 743 279 indignato
754 231 799 266 ob
810 231 990 265 extinctam
1000 228 1233 262 idololatriam.

350 285 502 330 Antiqua
516 285 716 320 Officiorum
727 283 758 316 ὅ(
773 280 988 325 Dignitatum
1001 289 1128 323 magnae
1145 278 1235 312 Con-

350 335 656 384 stantinopolitanae
670 332 818 366 Ecclesiae
831 331 963 364 Notitia
976 330 1011 362 in
1026 338 1142 371 quarto
1153 328 1237 375 Qi-

350 387 445 420 nario
459 385 525 419 haec
538 384 637 418 habet
650 396 657 414 :
670 382 776 415 Doc‘lor
787 382 966 424 Evangelii,
992 385 1044 421 qui
1057 386 1238 420 interpreta-

349 445 401 477 tur
412 437 494 470 illud.
507 436 612 467 Doc‘lor
625 431 747 474 Apostoli
758 456 769 472 ,
781 438 833 474 qui
846 431 927 464 illius
939 436 1091 471 interpres
1103 427 1149 469 est.
1179 431 1237 461 Do-

348 487 409 525 Hor
421 485 574 529 Psalterii‚
584 487 610 516 P
608 482 731 527 salterio
740 482 934 523 explanando
941 478 1113 519 destinatus.
1127 478 1236 531 Rheto-

347 542 394 576 ris
407 547 514 569 munus
529 533 566 574 est
575 537 596 575 5
596 540 747 576 cripturas
754 536 957 577 interpretari.
962 530 1070 574 Hujus
1079 530 1238 564 Officium

349 586 415 620 alia
429 583 563 619 Notitia
575 583 717 618 lucidius
729 583 870 626 exponit
884 594 891 613 :
914 579 1027 613 Rhetor
1045 585 1161 612 nomine
1180 580 1239 610 Pa-

348 634 491 677 rriarchae
503 637 658 675 Sermones
667 633 845 671 doHrina&
864 632 1029 665 eruditione
1049 630 1154 671 plenos
1166 639 1240 660 com-

345 692 442 728 ponit.
455 686 532 728 Hec
542 685 741 721 officiorum
751 682 920 717 distinstio
935 680 1064 714 videtur
1075 689 1145 712 non
1157 677 1240 711 adeo

350 736 495 779 antiqua.
514 734 689 782 Qidquid
699 734 892 777 fit,ipsorum
902 730 995 763 nullfi
1004 728 1105 762 Arius
1113 726 1239 766 habuit.

350 785 430 821 Fuit
448 785 653 820 Baucalenfis
670 783 812 825 Ecclefie
843 781 965 816 Retlor
994 778 1028 812 ὃ(
1053 777 1239 812 Cardinalis

350 835 532 879 Presbyter.
537 836 588 868 Ex
597 833 663 869 hoc
672 833 797 870 Officio
809 830 924 865 debuit
931 828 1049 862 docere
1058 827 1238 873 Populum,

351 887 387 924 ἃ
397 888 507 921 Sacras
518 886 645 920 Literas
656 878 979 926 interpretari.Quod
990 878 1097 922 ipsum
1107 889 1240 927 propter

352 936 520 973 labentem
530 932 758 969 Idololatriam
768 930 915 964 offensus·
923 928 1090 964 Diabolus
1111 930 1240 969 suscita-

354 987 436 1020 verit
447 1010 457 1025 ,
484 984 595 1018 scribit
605 984 640 1016 in
651 981 745 1016 libris
755 980 796 1015 de
808 980 875 1015 Dei
889 978 1036 1015 Civitate
1048 977 1241 1024 &Augusti—

351 1047 415 1071 nus
429 1046 436 1067 z
457 1036 569 1068 Videns
581 1032 726 1066 Diabolus
738 1031 863 1073 Templa
875 1033 1006 1066 Deorum
1015 1028 1112 1073 desivi
1125 1053 1137 1070 ‚
1163 1031 1198 1064 ὀ*
1207 1035 1240 1062 in

351 1096 455 1119 nomen
466 1085 624 1118 liberantis
636 1083 814 1116 mediatoris
826 1092 943 1114 currere
949 1091 1048 1125 genus
1061 1079 1238 1120 humanum,

351 1141 514 1170 Haereticos
524 1140 635 1174 movit,
645 1138 698 1176 qui
703 1131 761 1176 sub
775 1132 915 1170 vocabulo
928 1125 1240 1174 cbrfflianoldoarinf

350 1185 510 1226 resisterent
520 1183 699 1226 cbrfflianae
711 1207 723 1223 ,
745 1180 946 1225 quafipeffent
956 1179 1162 1221 indifferenter
1179 1179 1242 1229 fine

349 1237 412 1271 ulla
422 1241 600 1279 correptione
610 1233 713 1268 haberi
720 1238 753 1265 in
761 1238 888 1265 civitate
899 1234 970 1271 Dei,
973 1229 1049 1272 ficut
1058 1237 1171 1265 civitas
1179 1241 1242 1264 con-

345 1284 472 1328 fusionis
492 1284 700 1325 indifferenter
711 1282 818 1317 habuit
831 1279 1022 1324 Philofhpbos
1033 1305 1044 1320 ‚
1066 1279 1186 1330 ‘mers‘
1197 1282 1240 1316 di-

348 1334 483 1379 versa&
493 1333 624 1377 adversa
630 1330 911 1380 sentientes,Q10d
923 1331 1030 1374 ipsum
1041 1331 1077 1364 in
1088 1330 1192 1373 Libro
1199 1331 1240 1366 de

350 1387 497 1421 Unitate
509 1385 657 1419 Ecclesia:
679 1383 802 1427 scripsit
821 1383 854 1421 S.
875 1381 1074 1426 Cyprianus.
1104 1382 1240 1427 Etenim

343 1437 408 1478 rista
419 1437 622 1473 Daemonum
631 1434 678 1468 ita
688 1427 761 1469 non
771 1431 877 1468 solam
889 1428 1050 1465 Arianam
1063 1456 1074 1473 ‚
1102 1431 1156 1473 sed
1169 1443 1240 1467 om-

347 1485 433 1524 nino
444 1495 581 1525 omnem
593 1482 692 1518 nobis
703 1494 739 1526 pr
762 1483 880 1527 genuit
892 1481 1060 1520 Haerefim.
1083 1481 1123 1518 In
1133 1481 1239 1519 erudi-

346 1545 403 1578 t0,
414 1548 450 1577 ac
463 1547 519 1580 pet
529 1533 691 1578 Iacobum
706 1533 738 1567 G
752 1575 754 1581 y
777 1533 899 1567 tserum
908 1531 1058 1575 vulgate,
1071 1531 1241 1573 adversum

346 1580 618 1629 Eutychianistas
632 1582 736 1618 Libro
759 1582 930 1629 insigniter
950 1580 1016 1615 hoc
1038 1580 1240 1616 demonstrat

347 1633 561 1673 Venerabilis
573 1633 761 1671 Anastasius
771 1632 899 1667 Sinaita
911 1656 922 1673 ,
948 1631 1131 1675 adjungens
1150 1632 1185 1671 id
1197 1633 1241 1667 es

348 1687 382 1728 se
393 1684 598 1731 singulariter
610 1695 723 1722 vetum
733 1682 774 1718 de
786 1681 912 1717 Ariana
927 1680 1042 1722 hatrefi.
1055 1682 1136 1716 Haec
1150 1694 1241 1717 nam-

348 1747 413 1781 que
426 1735 626 1777 Mediatoris
637 1733 863 1769 Divinitatem
874 1756 885 1773 ,
911 1743 969 1776 per
988 1743 1087 1777 quam
1099 1732 1241 1772 Idolola-

348 1787 410 1828 tria
421 1784 646 1820 destruebatur
658 1808 670 1825 ,
692 1792 815 1819 conata
825 1783 872 1818 est
885 1782 973 1827 apud
985 1781 1130 1817 nostram
1141 1783 1242 1818 fidem

350 1836 512 1875 destruere
523 1860 534 1876 ,
559 1845 659 1880 atque
670 1834 719 1876 ita
729 1832 886 1871 inducere
907 1831 1036 1867 novum
1055 1833 1241 1873 monstrum

350 1885 557 1926 Idololatrix.
585 1886 678 1925 Nam
687 1884 756 1918 Dei
767 1883 891 1925 Filium
904 1906 915 1923 ,
938 1882 961 1922 fi
973 1882 1087 1916 Deum
1097 1894 1167 1916 non
1177 1894 1243 1917 cre-

349 1936 407 1975 das
419 1961 429 1976 ,
454 1935 590 1970 adorare
603 1933 648 1969 est
659 1932 805 1968 omnino
827 1930 1021 1976 nequiffima
1040 1932 1240 1973 Idololatria.

348 1985 516 2020 Diabolus
527 1997 582 2033 per
594 1983 717 2026 Arium
728 1982 853 2023 studuit
861 1993 988 2019 novum
1000 1982 1062 2017 fibi
1081 1983 1241 2028 Regnum

372 2047 469 2070 arare.

347 2047 370 2088 'P
405 2083 508 2132 Qod
529 2082 631 2122 Arius
651 2083 752 2117 etiam
774 2082 909 2116 avaritia
928 2080 1144 2123 laboraverit,
1169 2092 1240 2116 non

350 2134 419 2178 fine
427 2134 648 2176 fundamento
661 2133 747 2167 dixit
757 2131 969 2169 Caesaraeenfis
980 2132 1169 2176 Gregorius.
1185 2131 1242 2166 Et-

348 2187 425 2223 nim
436 2183 569 2219 avaritia
578 2184 624 2218 est
635 2182 896 2226 antiquissimum
919 2181 1008 2216 Cleri
1030 2182 1149 2216 vitium
1160 2207 1170 2223 ,
1197 2193 1240 2216 ex

351 2246 422 2281 quo
432 2235 533 2270 etiam
546 2234 618 2277 ipfis
628 2231 871 2277 Apostolorum
892 2231 1094 2276 temporibus
1104 2232 1241 2276 quidam

354 2284 531 2324 censebant
542 2283 696 2328 quaestum
707 2283 769 2317 effe
780 2283 945 2325 pietatem.
973 2282 1018 2316 Et
1041 2281 1083 2316 ab
1106 2283 1177 2326 ipso
1187 2282 1242 2317 de—

353 2334 490 2371 hortans
500 2332 727 2368 Timotheum
738 2332 934 2366 Antistitem
961 2331 1143 2375 Apostolus
1154 2332 1245 2368 addi-

355 2386 407 2423 dit
420 2398 427 2417 :
441 2386 547 2418 Radix
559 2390 689 2419 omnium
700 2384 844 2416 malorum
855 2381 894 2422 est
904 2383 1068 2424 cupiditas,
1079 2394 1171 2425 quam
1180 2388 1245 2426 qui-

355 2437 429 2475 dam
436 2443 610 2477 appetentes
621 2443 802 2468 erraverunt
814 2434 834 2465 ἃ
840 2433 910 2475 fide.
936 2432 1005 2466 Cur
1026 2431 1069 2466 ab
1094 2434 1163 2476 ipso
1177 2444 1246 2476 prm-

355 2485 469 2523 :sertim
482 2484 599 2518 Clerus
609 2483 783 2517 invadatur
794 2507 805 2522 ,
825 2482 927 2521 edicit
945 2483 974 2516 S.
987 2481 1196 2527 Augustinus
1208 2484 1244 2516 in

355 2534 462 2579 Libro
473 2533 515 2567 de
527 2534 642 2571 Sancta
653 2532 838 2568 Viduitate.
866 2531 970 2572 Porro
993 2532 1033 2566 de
1045 2533 1200 2572 scelerata
1211 2533 1244 2567 &

356 2583 510 2628 sacrilega
524 2581 598 2617 Arii
610 2583 745 2617 avaritia
768 2592 838 2622 rem
857 2592 1008 2620 arcanam
1030 2582 1140 2626 prodit
1158 2583 1195 2622 in
1214 2583 1244 2617 S.

356 2633 504 2675 Thomas
517 2633 673 2676 Apostoli
686 2631 854 2667 Encomio
865 2631 1040 2674 S.Joannes
1052 2631 1245 2678 Chrysosto-

358 2695 441 2720 mus.
469 2683 602 2718 Inducit
614 2681 815 2727 Apostolum
826 2680 909 2716 Ario
921 2680 986 2716 haec
998 2681 1174 2721 dicentem
1187 2688 1247 2724 Hec

359 2746 410 2778 ego
418 2740 621 2787 experimento
629 2737 749 2775 percepi
763 2757 772 2772 ,
800 2731 864 2767 baec
874 2732 978 2776 digitis
997 2733 1132 2770 traHavi
1147 2757 1157 2773 ,
1183 2732 1247 2767 baec

360 2791 459 2823 animo
469 2785 615 2823 intellexi.
637 2782 770 2826 Utique
779 2783 846 2816 Dei
857 2781 961 2817 Verbi
973 2795 1050 2818 cum
1062 2783 1139 2818 Deo
1149 2783 1246 2817 Patre

361 2832 761 2868 Consubstantialitatem:
783 2835 829 2865 Tu
839 2835 926 2874 verb,
939 2835 992 2871 Ari
1005 2857 1014 2873 ‚
1024 2834 1103 2867 unde
1114 2831 1248 2877 blasphe-

362 2890 454 2924 miam
464 2896 495 2917 cs
506 2883 626 2919 edoc‘lus
638 2884 654 2915 .2
667 2884 753 2916 Unde
765 2883 1148 2928 quaepraedicasstidicilii?
1162 2887 1247 2917 Num

363 2936 486 2970 CHRIS
488 2937 572 2966 TUM
584 2958 594 2973 ‚
622 2942 656 2967 ut
667 2945 717 2977 ego
731 2957 740 2973 ,
747 2932 878 2975 palpasti
891 2933 907 2964 ,ἲ
918 2937 1004 2969 Num
1015 2945 1138 2966 manum
1151 2935 1245 2965 admo*

362 2980 433 3021 ¹misti
443 2983 455 3015 ?
467 2986 554 3014 Num
564 2985 716 3017 clavorum
728 2981 850 3026 vestigia
858 2980 1012 3025 scrutatus
1025 2995 1056 3016 es
1068 2985 1081 3016 ?
1104 2988 1191 3020 Num
1203 2985 1247 3015 di-

360 3037 419 3084 giti
430 3030 740 3080 testimoniumferunt
752 3034 768 3064 ,ἓ
780 3034 875 3069 Tu-ne'
886 3035 1008 3070 CHRIS
1010 3037 1096 3066 TUM
1107 3033 1222 3074 tenuisti
1232 3034 1248 3064 ?

364 3082 439 3128 ‘Qua
449 3083 520 3113 ver&
531 3093 623 3114 manu
638 3084 653 3113 ?
682 3087 727 3120 An
748 3095 785 3115 ea
797 3108 807 3124 ,
833 3094 896 3125 qua
910 3081 1075 3126 pretiosam
1084 3081 1249 3126 ficpcllelli-

365 3131 423 3163 lem
436 3129 558 3171 rapuisti
571 3132 587 3162 ,2
614 3133 687 3174 ‚Qua
708 3131 850 3174 Apostolos
872 3133 1030 3176 cwnpilasti
1042 3134 1058 3165 ,ἓ
1086 3135 1160 3176 ,Qua
1169 3135 1249 3170 Bar-

366 3180 434 3211 bari
441 3178 537 3221 spolia
557 3179 691 3221 excepisti
705 3181 721 3211 ἒ
748 3185 821 3224 ,Qua
841 3186 1004 3219 mercedem
1024 3190 1189 3226 impietatis
1208 3193 1248 3216 ιε-

366 3228 452 3269 mcisti
474 3231 487 3262 ?
523 3231 596 3272 ,Qua
614 3232 773 3272 Sanguinis
797 3232 874 3274 vasa
895 3234 1021 3275 conflasti
1043 3235 1059 3266 ?
1098 3238 1164 3270 Hac
1183 3231 1249 3275 ipsa

366 3280 578 3313 CHRUTUM
599 3279 779 3318 contrectasti
797 3281 812 3310 ?
839 3283 925 3323 Abfit.
954 3289 1026 3317 Nm
1040 3285 1113 3317 ade&
1125 3289 1247 3325 iniquus

367 3328 407 3368 est
420 3331 564 3360 Dominus
577 3352 587 3367 ,
613 3339 671 3368 non
683 3330 755 3361 adeo
767 3334 939 3370 imprudens
955 3357 965 3373 ,
990 3344 1025 3374 ut
1031 3332 1120 3377 suam
1131 3344 1248 3366 carnem

367 3378 423 3419 tibi
434 3379 543 3410 credat.
572 3377 709 3410 ‘Sanctus
721 3378 863 3419 Joannes
873 3383 1010 3417 affirmat
1022 3409 1033 3425 ,
1046 3384 1135 3428 quod
1148 3382 1248 3416 Arius

367 3427 462 3464 Sacra
475 3426 623 3460 Ecclefiae
637 3426 720 3459 Vasa
731 3428 828 3461 fuerit
848 3430 972 3464 furatus
986 3457 996 3471 ‚
1022 3435 1112 3475 quod
1134 3434 1248 3468 Sacros

369 3476 499 3519 Calices
509 3475 702 3519 conflaverit
712 3501 723 3525 2
735 3477 826 3529 quod
838 3477 1074 3530 Apostolorum
1083 3484 1247 3530 Imagines

1296 2872 1299 2877 s
1308 2845 1380 2868 non
1388 2845 1504 2869 vacare
1515 2835 1684 2878 mysterio.

802 98 1243 148 D1ssERTAT1o
1293 94 1729 147 Paeonum.

1303 177 1487 221 spoliaverit
1499 203 1509 218 ,
1536 178 1625 222 quod
1639 178 1739 222 impia
1751 179 1898 213 facinora
1909 178 2016 221 pretio
2027 177 2181 213 vendide-

1304 228 1345 260 rit
1355 252 1367 268 ‚
1393 227 1482 272 quod
1492 230 1663 272 excaeperit
1674 229 1807 266 Barbari
1821 228 1931 275 spolia.
1960 226 2020 261 An
2040 227 2184 263 Barbaro

1304 277 1412 312 oblata
1424 303 1435 318 ‚
1461 290 1502 311 an
1515 290 1569 322 per
1579 278 1759 313 Barbarum
1772 278 1880 314 ablata
1892 279 2040 313 Ecclefiae
2051 302 2062 318 ,
2087 277 2182 322 igno-

1304 339 1350 360 ro.
1378 328 1490 362 Etiam
1501 328 1621 373 ignoro
1633 352 1644 368 ,
1671 329 1744 371 quis
1756 330 1855 364 fuerit
1866 328 2032 363 Barbarus.
2046 330 2076 363 S.
2088 328 2187 371 Joau·

1304 378 1340 410 ni
1350 377 1507 413 debemus
1517 390 1640 423 magna
1652 375 1718 412 haec
1729 380 1866 415 Secreta.

1353 427 1476 463 Eadem
1487 440 1590 472 pravae
1600 428 1740 463 avaritiae
1750 429 1843 465 radix
1853 430 1931 464 fecit
1945 430 2054 465 Sacras
2073 427 2186 473 Virgi-

1304 488 1361 511 nes
1371 477 1467 523 diligi
1477 479 1520 514 ab
1530 478 1616 514 Ario
1629 503 1639 519 ,
1660 479 1692 512 ὃ(
1702 479 1842 522 ipsarum
1852 480 1991 525 grandes
2001 479 2187 515 circumdu÷

1303 528 1333 560 ci
1346 537 1474 563 turmas
1497 554 1508 570 ‚
1534 529 1576 564 de
1595 528 1715 574 quibus
1727 529 1854 572 sanstus
1864 529 2091 575 Epiphanius:
2119 530 2185 562 Ale·
2222 530 2324 564 Hares.

1305 578 1424 612 xander
1434 583 1543 613 Arium
1553 579 1680 622 Ecclesia
1691 579 1869 613 exturbavit
1879 605 1891 621 ‚
1913 582 1948 615 (ν
1958 593 2023 614 cum
2034 592 2065 614 eo
2079 587 2186 624 ingens
2204 577 2248 604 68.
2257 582 2283 604 C·
2294 583 2323 608 4·

1304 631 1459 672 Virginum
1469 654 1481 670 ,
1506 642 1582 672 quas
1595 631 1643 664 ille
1654 632 1886 672 depravaverat
1899 654 1910 670 ,
1936 637 1986 664 vis
1997 633 2125 672 ejicitur.
2139 630 2187 663 Et

1303 679 1423 712 iterum
1437 692 1444 712 :
1472 683 1562 714 Arius
1572 690 1639 715 erat
1651 681 1781 714 blandus
1801 686 1956 722 in-primis
1978 704 1989 720 ,
2014 690 2105 724 atque
2129 692 2188 716 om

1303 734 1385 762 nium
1395 736 1511 765 animos
1522 733 1707 766 adulationis
1719 731 1865 767 illecebris
1875 729 2031 766 devindos
2050 731 2185 767 remeat.

1303 780 1408 822 ,Quare
1418 779 1717 826 brevifiptingentas
1731 786 1794 815 Deo
1802 779 1985 825 consecratas
1995 784 2134 824 Virgines
2145 779 2186 815 ab

1302 829 1428 870 Ecclesia
1437 830 1601 872 abstrac‘ius
1611 839 1643 866 in
1654 845 1746 866 unum
1761 839 1859 876 coegit.
1887 833 1926 865 In
1952 829 2057 866 Sacris
2075 829 2188 875 Virgi-

1304 878 1401 913 nibus
1412 904 1423 922 ‚
1450 892 1587 925 quarum
1599 882 1792 927 corporibus
1803 894 1872 917 non
1884 882 2015 926 possunt
2026 880 2090 916 frui
2104 905 2116 922 2
2128 879 2190 916 fibi

1302 927 1486 977 adunandis
1496 933 1621 976 primus
1632 934 1666 967 ὃ(
1678 932 1829 977 palmaris
1842 932 2000 967 similium
2012 930 2191 967 hominum

1303 980 1417 1022 scopus
1439 981 1524 1016 solet
1545 985 1610 1018 effe
1630 983 1772 1026 ipsarum
1793 992 1951 1017 crumena
1982 982 2017 1016 &
2044 980 2191 1016 facultas.

1303 1030 1415 1076 Qam
1425 1031 1563 1067 avide&
1575 1033 1704 1068 sordide
1713 1033 1849 1077 quidam
1874 1034 1935 1068 lint
1954 1030 2039 1067 hanc
2060 1030 2194 1076 setini,
2219 1051 2223 1053 >
2245 1046 2248 1050 *
2288 1037 2306 1047 ··

1304 1079 1425 1113 docent
1437 1080 1580 1123 plurima
1590 1084 1741 1127 exempla
1753 1108 1765 1124 ,
1789 1096 1826 1118 ac
1838 1083 1976 1118 Patrum
1988 1081 2193 1118 testimonia.

1303 1129 1452 1177 Qidam
1464 1131 1496 1164 se
1509 1130 1579 1165 istis
1589 1130 1814 1166 exhibuerunt
1824 1133 1995 1176 plusquam
2015 1132 2195 1176 mancipia.

1303 1180 1406 1226 Qod
1419 1180 1525 1224 aliqui
1536 1182 1679 1224 ipsarum
1692 1182 1899 1217 infirmarum
1910 1182 2129 1219 Testamenta
2136 1191 2196 1219 aut

1303 1231 1595 1275 Legatavenantes
1607 1256 1618 1271 ,
1644 1233 1747 1266 etiam
1758 1231 1919 1269 matu-lam
1929 1231 1976 1265 eis
1986 1231 2191 1268 ministrave-

1303 1281 1369 1314 rint
1381 1305 1392 1321 ‚
1419 1279 1550 1324 aliaque
1562 1292 1631 1316 non
1645 1282 1778 1315 tantum
1801 1281 2032 1316 Ecclesiastico
2054 1280 2173 1326 gradui
2185 1307 2196 1323 ,
2223 1313 2228 1323 ,

1303 1330 1355 1365 sed
1369 1331 1403 1365 &
1415 1330 1502 1364 virili
1514 1332 1612 1366 Sexui
1625 1332 1765 1376 indigna
1784 1330 1989 1376 praestiterint
2009 1331 2175 1366 famulitia
2184 1356 2196 1372 ,

1303 1379 1437 1417 testatur
1459 1392 1557 1425 atque
1580 1381 1774 1427 indignatur
1795 1383 1922 1416 sanstus
1953 1381 2197 1425 Hieronymus-

1305 1431 1349 1465 Et
1360 1429 1440 1465 hinc
1454 1443 1530 1466 nata
1542 1432 1587 1466 est
1602 1435 1707 1475 prima
1731 1432 1942 1475 Imperatoris
1960 1430 2197 1467 Valentiniani

1304 1481 1472 1516 adversum
1486 1483 1538 1526 pia
1550 1482 1769 1518 Testamenta
1780 1483 1854 1518 Lex
1866 1505 1878 1522 ,
1902 1481 1946 1516 de
1955 1492 2021 1526 qua
2029 1490 2122 1519 extu
2131 1480 2199 1525 ple-

1304 1543 1346 1566 na
1357 1532 1577 1574 querimoniis
1587 1532 1737 1576 Epistola
1762 1533 1791 1569 S.
1815 1530 1993 1568 Ambrosii.
2020 1531 2051 1565 S.
2074 1532 2199 1570 Hiero-
2216 1530 2300 1571 Epist.
2308 1542 2318 1562 ι
2326 1543 2346 1563 ι.

1305 1593 1425 1625 nymus
1444 1583 1572 1616 censuit
1594 1583 1722 1626 justam.
1749 1582 1856 1617 Porro
1871 1594 1915 1619 an
1937 1581 2039 1617 Arius
2061 1580 2200 1618 istarum
2216 1588 2332 1630 Epist&

1304 1634 1434 1670 suarum
1445 1631 1659 1668 Amazonum
1672 1633 1741 1669 stila
1749 1644 1905 1668 crumena
1917 1656 1929 1673 ‚
1954 1644 1998 1668 an
2019 1632 2149 1676 insuper
2161 1632 2198 1669 &

1303 1681 1495 1727 corporibus
1505 1684 1604 1718 fuerit
1615 1683 1736 1718 abusus
1748 1708 1759 1724 ,
1787 1695 1858 1719 non
1868 1682 1988 1728 poffim
2000 1681 2200 1722 'cmoadfir-

1303 1744 1401 1767 mare.
1427 1733 1527 1767 Certe
1537 1735 1644 1778 ipsum
1655 1736 1756 1769 etiam
1766 1733 1809 1769 de
1830 1744 2010 1777 corporum
2030 1732 2135 1768 abusu
2147 1742 2201 1769 ⁸·-

1303 1793 1404 1828 guere
1414 1783 1544 1817 videtur
1555 1785 1591 1817 in
1604 1785 1728 1818 Literis
1737 1783 1779 1818 ad
1799 1785 1948 1818 sanetum
1965 1780 2200 1822 Alexandrum

1304 1831 1723 1876 constantinopolitanum
1751 1833 1959 1877 Episcopum
1986 1832 2115 1868 saan
2138 1831 2209 1870 1²⁸2

1303 1880 1448 1917 triarcha
1459 1881 1652 1922 Alexander
1671 1895 1680 1915 τ
1708 1887 1806 1918 Nunc
1826 1884 1899 1917 lites
1921 1884 2069 1926 &jurgia
2076 1892 2200 1929 mount

1298 1940 1355 1974 per
1374 1940 1512 1974 impuras
1532 1934 1722 1969 mulierculas
1735 1956 1746 1973 ‚
1773 1943 1853 1975 quas
1876 1931 2077 1976 fhduxmme.
2103 1937 2200 1971 Nune

1304 1981 1467 2022 Christiani
1478 1980 1659 2022 Christianae
1672 1984 1818 2027 Religioni
1830 1984 1976 2027 derogant
1979 1991 2039 2026 per
2048 1986 2198 2019 Inuum

1302 2033 1349 2067 las
1358 2029 1432 2074 ficas
1442 2055 1454 2072 ,
1478 2043 1548 2074 quae
1555 2033 1679 2074 plateas
1691 2044 1792 2068 omnes
1802 2038 1932 2076 turpiter
1955 2031 2198 2077 circumcursu.

1303 2085 1371 2114 Nos
1378 2086 1470 2125 igitur
1482 2084 1571 2116 adea
1582 2107 1593 2123 ‚
1619 2094 1689 2125 quae
1700 2084 1735 2117 (5
1747 2089 1818 2117 vita
1829 2094 1930 2117 eorum
1942 2084 1977 2117 o·
1997 2082 2136 2126 nefarius
2152 2094 2201 2124 m-

1305 2140 1396 2165 natus
1403 2131 1555 2173 postulant
1567 2157 1578 2172 ,
1599 2131 1702 2176 serius
1717 2157 1730 2174 ,
1757 2139 1832 2176 quia
1842 2133 1983 2168 latebant
1993 2157 2005 2173 ,
2031 2132 2202 2170 incumbe&

1303 2192 1348 2216 tes
1361 2205 1372 2222 ,
1398 2183 1602 2216 communibus
1615 2184 1680 2216 illos
1689 2181 1849 2230 stiffi-agiis
1859 2183 1899 2216 ab
1910 2182 2039 2225 Ecclefia
2050 2185 2200 2224 einim.

1303 2232 1348 2266 Et
1359 2232 1446 2266 infra
1459 2244 1466 2264 :
1494 2235 1555 2266 Per
1565 2233 1655 2266 urbes
1665 2231 1906 2278 circumcursant
1916 2258 1929 2275 ,
1938 2232 1992 2268 boc
2002 2237 2102 2268 Unum
2111 2244 2201 2278 agen<

1303 2292 1348 2317 tes
1359 2305 1372 2322 ,
1395 2280 1600 2326 utficbspecie
1611 2289 1753 2317 amicitia
1775 2285 1810 2319 (tt
1825 2290 1916 2326 pacis
1938 2289 2052 2319 nomine
2073 2287 2198 2319 umas

1298 2341 1356 2375 per
1372 2330 1589 2374 fundationem
1613 2335 1648 2372 er
1668 2335 1893 2378 affentationem
1913 2335 1989 2369 dent
2006 2343 2099 2376 atque
2124 2339 2200 2370 aot-i-

1300 2390 1391 2425 piant
1400 2406 1411 2422 ‚
1434 2390 1492 2424 per-
1500 2395 1577 2426 quas
1587 2389 1622 2417 in
1629 2395 1758 2418 errorem
1770 2385 1960 2422 mulierculas
1965 2387 2087 2426 paucas
2092 2390 2197 2425 peeca-

1305 2439 1345 2466 tis
1355 2431 1471 2473 onustas
1485 2457 1497 2474 ,
1522 2445 1600 2476 quas
1621 2434 1800 2476 deceperunt
1812 2459 1824 2480 ,
1841 2433 1970 2475 facilius
1986 2432 2198 2476 pertrahant,

1305 2484 1339 2516 (ν
1349 2491 1467 2522 catera.
1496 2484 1582 2529 Agit
1592 2483 1634 2519 de
1648 2483 1733 2521 Ario
1744 2484 1779 2520 <Sc
1806 2482 1943 2521 Achilla
1955 2507 1966 2524 ‚
1991 2495 2030 2518 ac
2050 2483 2199 2528 ipsptum

1305 2533 1323 2566 a
1336 2534 1368 2568 se
1381 2532 1547 2568 damnatis
1559 2532 1708 2569 Affeclis.
1737 2535 1888 2581 Ipsorum
1909 2534 2013 2571 vitam
2034 2533 2146 2578 culpat
2156 2533 2199 2568 de

1306 2584 1435 2617 secretis
1446 2583 1531 2623 olim
1545 2609 1556 2625 ‚
1581 2596 1619 2620 ac
1632 2585 1701 2628 jam
1714 2584 1850 2621 tandem
1861 2583 2078 2621 manifestatis
2090 2584 2201 2628 peeca-

1307 2631 1349 2667 tis
1363 2645 1370 2664 z
1397 2634 1483 2680 Qae
1493 2636 1636 2671 omnino
1657 2634 1811 2670 videntur
1831 2634 1895 2670 effe
1918 2633 2080 2670 libidinis.
2104 2634 2200 2670 Hinc

1308 2682 1385 2716 istas
1397 2683 1588 2719 Amazonas
1601 2686 1739 2723 affirmat
1751 2685 1814 2722 effe
1824 2684 2041 2720 Mulierculas
2049 2707 2064 2729 ‚
2082 2684 2197 2742 Juven-

1307 2732 1398 2772 culas
1413 2756 1424 2772 ‚
1449 2733 1596 2777 impuras
1609 2759 1619 2774 ‚
1630 2735 1854 2778 impudentes,
1865 2735 2020 2779 loquaces
2030 2759 2042 2775 ‚
2051 2734 2201 2771 Curcum·

1307 2783 1501 2819 cursatrices.
1530 2785 1643 2818 Etiam
1667 2797 1764 2825 voces
1780 2809 1792 2826 ,
1817 2788 1865 2817 Et
1886 2794 1996 2822 caetera
2008 2809 2020 2826 ‚
2045 2783 2200 2819 videntur

1712 2834 1817 2920 (ἒιοὰ
1831 2836 2045 2873 foeminarum
2057 2844 2197 2876 corpor-,a

1307 2884 1483 2919 dilexerint
1497 2908 1508 2930 ‚
1523 2885 1561 2919 in
1573 2885 1703 2929 scriptis
1714 2897 1731 2919 a
1760 2886 1855 2929 vipsos
1867 2886 1988 2921 Literis
2000 2883 2107 2928 palAm
2119 2883 2204 2917 affixa

1309 2943 1376 2968 mat
1388 2933 1571 2978 Imperator
1583 2935 1825 2970 Constantinus
1837 2948 1844 2968 ι
1873 2936 2003 2980 Agedum
2012 2937 2112 2972 Mars,
2124 2936 2177 2966 Ar!
2186 2957 2199 2974 a

1308 2986 1410 3025 clypeis
1417 2982 1496 3027 sane
1505 2987 1653 3022 utendum
1665 2985 1711 3026 est.
1739 2988 1792 3020 Ne*
1802 2985 1854 3019 hoc
1864 3010 1875 3026 ,
1888 2983 2056 3028 quaesiimus
2068 3008 2079 3024 ‚
2082 2982 2198 3025 facias.

1309 3033 1455 3068 cohibeat
1469 3045 1497 3068 te
1503 3035 1614 3079 saltem
1626 3040 1750 3073 Veneris
1768 3035 1935 3082 congnffus.
1963 3034 2054 3080 Qia
2075 3039 2197 3076 nempe

1310 3083 1387 3118 huic
1401 3084 1554 3121 adsuetus
1566 3086 1765 3131 Congteffui
1779 3111 1791 3127 ‚
1803 3097 1872 3120 non
1884 3083 1929 3118 est
1942 3093 2035 3127 aptus
2047 3082 2088 3117 ad
2100 3094 2198 3117 arma.

1310 3134 1466 3178 Epistolae
1479 3135 1592 3170 locum
1606 3137 1716 3179 ample
1741 3135 1879 3180 exponit
1902 3135 2073 3173 Dominus
2088 3132 2202 3168 Car-di.

1310 3185 1394 3218 nalis
1407 3184 1512 3219 Caesar
1522 3186 1695 3221 Bar-onius.
1723 3187 1778 3220 Ex
1800 3184 1915 3221 eadem
1936 3183 2047 3218 radice
2067 3183 2201 3221 Puellos
2219 3198 2306 3227 Anno

1310 3236 1481 3277 praesertim
1495 3248 1531 3269 ac
1542 3236 1673 3271 Puellas
1693 3236 1729 3270 in
1752 3235 1801 3269 sui
1823 3234 1940 3270 erroris
1963 3245 2033 3267 rem
2053 3234 2088 3267 δε
2099 3234 2201 3267 fidem
2218 3238 2233 3273 3v
2244 3247 2287 3272 19·

1309 3279 1575 3321 circumscribere
1584 3285 1761 3324 studebant
1773 3284 1893 3323 Ariani
1908 3296 1915 3316 :
1944 3285 2063 3321 Deinde
2087 3294 2202 3326 quoque

1309 3336 1343 3368 Θ
1356 3337 1547 3370 Mulierculas
1561 3361 1572 3378 ,
1592 3335 1658 3380 sese
1667 3334 1848 3376 infinuantes
1872 3332 2033 3376 istiusmodi
2054 3332 2202 3374 verbaefi

1303 3384 1460 3426 seminata
1466 3384 1636 3429 sonabant:
1663 3385 1756 3428 ,Quid
1764 3410 1774 3425 ‚
1800 3396 1841 3417 an
1853 3384 1947 3417 habes
1966 3385 2065 3427 filium
2077 3408 2089 3424 ,
2114 3392 2201 3423 ante—

1310 3446 1402 3475 quam
1408 3440 1562 3476 pareres?
1586 3439 1607 3469 5
1608 3437 1648 3468 ed
1649 3434 1734 3477 ficuti
1747 3444 1812 3467 tum
1823 3440 1967 3477 temporis
1979 3446 2037 3468 non
2047 3433 2179 3471 habebas
2189 3457 2202 3474 a

1309 3485 1417 3522 itidem
1429 3487 1462 3525 ct
1474 3490 1531 3523 Dea·
1543 3487 1642 3527 Filius
1653 3493 1766 3534 quoque
1778 3496 1837 3523 non
1861 3494 1928 3524 erat
1937 3508 1950 3531 ,
1974 3493 2138 3527 antequam
2156 3489 2203 3526 si·-

2056 3542 2202 3583 finirem?
