2346 3776
660 85 1108 138 DrssszA‘mo
1155 81 1581 137 ΡκοιὲεΜιΑωὲ.
1610 98 1624 105 ··
1963 118 2011 156 41

193 163 332 211 strvemr
338 177 395 212 per
404 170 570 211 AEgaeptum
580 188 590 204 ‚
599 165 733 204 Libyam,
744 166 779 198 ὠ·
791 167 985 206 Pentapolim.
1004 165 1071 199 Sub
1083 166 1087 210 Ι
1142 167 1227 210 cipia
1246 166 1436 210 persuadent
1459 164 1544 201 hanc
1568 169 1780 203 assertionem.
1819 172 2016 220 st·en1m

197 213 610 265 AEgyptocomprehendit
618 214 717 249 etiam
726 213 985 254 Thebaidem,ac
998 215 1074 249 Pro-

196 269 340 304 vinciam
348 264 656 310 Augustamnicam.
686 263 837 301 Affirmat
860 276 930 297 non
954 265 1070 299 solum-

193 316 297 352 modo
307 315 421 350 inistis
432 313 617 348 Provinciis
628 339 638 355 ‚
648 314 702 349 sed
713 315 813 349 etiam
824 316 859 349 in
870 325 1004 358 utraque
1018 316 1070 349 Li-

192 366 259 410 bya
267 365 482 401 Meletianam
492 364 661 399 audaciam
674 389 684 404 ,
705 376 742 399 ac
764 364 997 399 Alexandrinae
1011 366 1070 399 Ca-

191 413 310 454 tludrae
320 414 475 458 injuriam
486 414 578 449 fuisse
589 416 771 459 grassatam.
784 415 828 448 Et
838 415 924 448 inter
937 414 1069 458 Episco-

187 474 248 507 ρος
257 475 340 507 quos
359 465 378 498 a
399 466 431 498 se
452 466 673 500 consecratos*
682 464 841 499 Meletius
867 465 903 498 in
926 465 961 499 N
963 467 1067 498 icaeno

187 513 347 549 Concilio
358 514 491 552 tradidit
501 516 532 550 S.
545 513 737 550 Patriarchae
756 513 950 550 Alexandro
964 540 976 555 ‚
1001 516 1068 548 fue-

187 574 264 598 runt
272 564 375 599 etiam
386 564 569 600 Callinicus
579 565 695 606 Pelusii
707 564 974 607 Metropolita‚&
989 563 1069 599 Am-

187 615 322 648 monins
331 614 585 658 Diospolitanus
596 616 776 659 Episcopus
787 615 822 648 in
834 614 1045 649 Ptolomaide
1057 639 1067 654 ,

187 663 244 699 seu
254 665 291 701 in
300 664 483 709 Pentapoli.
511 665 674 700 Existimo
693 664 784 708 quod
795 666 886 698 suam
896 664 1067 699 audaciam

185 713 377 757 persuadere
386 715 458 763 aliis
470 715 638 762 Episcopis
649 726 686 750 ac
697 716 860 758 presertim
872 714 1066 757 Metropoli-

189 765 232 800 tis
239 775 308 799 non
320 765 431 800 valens
442 763 601 800 Meletius
610 764 795 810 processerit
806 764 847 799 ad
858 776 984 799 novum
993 764 1068 798 faci-

186 824 250 850 nus
262 824 270 845 :
290 812 395 862 Qod
407 815 593 850 vacantium
605 815 677 851 istic
687 814 822 850 Sedium
834 814 935 849 Clero
958 815 991 848 &
1004 814 1067 847 Po-

183 862 268 907 pulo
275 865 443 898 attentarit
453 865 620 900 intrudere
628 869 735 900 'novos
747 865 940 909 Episcopus,
953 865 1024 898 imo
1035 864 1068 899 &

157 939 159 941 ·
182 912 346 958 legitimis
365 914 537 958 Episcopis
555 916 639 950 alios
661 915 925 959 super-ordinare.
962 915 1067 948 Lucet

183 960 255 997 hoc
261 974 305 999 ex
312 963 451 999 Nicaeno
461 965 611 1000 adversus
622 966 731 1010 ipsum
745 967 891 1000 Decreto
905 978 911 997 :
925 967 1064 998 Meletius

184 1018 222 1046 in
223 1019 349 1055 propria
357 1013 456 1058 aesica
466 1022 592 1050 civitate
603 1026 759 1050 remaneat
768 1041 778 1057 ‚
805 1017 977 1061 nullamque
983 1023 1066 1056 pote-

175 1061 288 1106 statem
306 1062 416 1098 habeat
437 1067 491 1099 vel
507 1072 637 1108 cuipiam
658 1078 767 1099 manus
788 1067 960 1107 imponendi
979 1089 990 1104 ‚
1015 1064 1068 1096 vel

183 1124 363 1156 quemquam
373 1117 419 1148 ad
434 1117 556 1158 aliquod
569 1128 677 1149 munus
699 1115 925 1157 Ecclefiastieum
937 1116 1068 1156 deligen-

183 1162 230 1203 di,
236 1165 289 1197 vel
296 1165 430 1206 aliquam
441 1169 599 1209 Region-em
607 1178 641 1199 ac
652 1171 820 1199 Civitatem
832 1168 899 1206 ejus
910 1171 954 1201 rei
959 1169 1068 1208 gratia

181 1215 387 1253 commeandi,
406 1213 468 1256 sed
475 1213 609 1257 ursolum
616 1219 786 1257 Dignitatis
799 1216 835 1246 6·
858 1217 950 1255 Officii
963 1224 1066 1247 nomen

181 1268 322 1297 retineat.
333 1262 466 1297 Solebat
474 1264 578 1307 igitur
586 1262 627 1296 ad
637 1263 715 1296 alias
726 1262 885 1296 Civitates
897 1264 930 1297 dc
947 1263 1068 1306 Regio-

182 1322 244 1348 nes
252 1311 462 1345 ordinaturus
470 1323 667 1346 commeare.
695 1312 849 1355 Synodus
860 1314 990 1356 insuper
1000 1314 1069 1347 san-

182 1361 230 1395 cit
240 1386 249 1401 ,
271 1370 307 1394 ut
315 1360 456 1395 ordinati
478 1373 534 1405 per
553 1360 733 1396 Meletium
757 1362 914 1407 Episcopi
937 1364 1000 1397 sint
1011 1373 1067 1406 per

182 1408 415 1447 Alexandrum
425 1411 584 1446 ordinatis
594 1411 762 1446 inferiores
773 1413 895 1455 quo-ad
904 1424 961 1447 om
967 1412 1068 1452 nim&

181 1459 311 1495 nullam
320 1460 506 1496 Ordinandi
520 1463 711 1505 potestatem
724 1461 887 1503 habeant,
914 1463 973 1495 nisi
994 1462 1066 1505 post

180 1508 303 1546 horum
317 1520 466 1545 mortem.
478 1511 581 1546 Tunc
590 1513 612 1545 fi
620 1511 754 1557 quidem
766 1511 937 1547 videantur
946 1512 1041 1556 digni
1056 1536 1065 1551 ,

180 1560 304 1607 posfint
316 1561 418 1596 suffici
430 1562 464 1595 in
476 1559 596 1596 horum
608 1562 798 1598 Sedes-Haec
811 1563 943 1597 Sanffio
959 1561 1065 1606 palam

178 1611 321 1648 affirmat
333 1636 344 1652 ,
370 1611 460 1655 quod
481 1612 639 1648 Meletius
655 1623 711 1656 per
733 1613 834 1647 varias
856 1612 1067 1658 AEgyptiacae

179 1662 342 1699 Dioecefis
352 1662 562 1707 Regiones&
574 1662 734 1697 Civitates
756 1663 857 1697 etiarn
878 1661 1065 1706 super-ordi-

181 1713 317 1747 naverit.
329 1712 440 1746 Etiam
453 1711 685 1748 Alexandrinae
694 1713 838 1747 civitatis
850 1713 1065 1756 Presbyteros

180 1771 282 1805 atque
295 1761 721 1803 Diaconosconsecravit,&
732 1764 767 1796 in
778 1764 915 1798 Nicaena
927 1761 1064 1807 Synodo

180 1810 318 1849 tradidit
339 1810 533 1845 Patriarchae
555 1811 759 1846 Alexandro.
789 1814 919 1856 Nempe
932 1822 1066 1847 noverat

176 1859 431 1897 Schismaticam
450 1863 540 1894 suam
561 1862 732 1896 audaciam
756 1863 822 1904 sine
847 1862 1065 1896 Alexandrini

178 1909 376 1946 Patriarchae
385 1911 544 1945 consensu
557 1922 626 1946 non
645 1912 733 1955 posse
743 1913 864 1945 firmari
879 1925 886 1944 z
915 1912 1008 1946 Hinc
1030 1911 1064 1944 in

177 1961 242 1997 ista
254 1962 320 2004 ipsa
332 1961 477 2004 suprema
488 1960 775 2005 Metropoli,quod
788 1961 1009 1997 Patriarcham
1020 1962 1067 1996 in-

177 2011 310 2046 trudere
320 2022 357 2051 ac
370 2010 626 2055 super-ordinare
636 2022 708 2045 non
728 2013 832 2054 posset
843 2037 854 2052 ,
876 2012 1007 2045 intrusit
1027 2022 1064 2044 ac

178 2060 452 2106 :super-ordinavit
462 2060 575 2096 saltem
586 2060 795 2104 Presbyteros
808 2086 819 2102 ‚
831 2061 888 2105 qui
901 2061 1065 2096 studerent

179 2109 444 2149 Patriarchatum
455 2110 656 2154 pedetentim
670 2111 928 2160 invadere-Qun
941 2110 1009 2146 imo
1021 2112 1066 2144 vi-

181 2161 281 2197 detur
290 2162 390 2196 etiam
408 2162 563 2196 intrusisse
583 2162 819 2206 imaginarium
834 2159 1064 2196 patriarcham.

182 2212 322 2247 Etenim
334 2212 419 2246 inter
429 2212 705 2256 EpiscOPOS,quos
715 2212 733 2245 a
744 2213 774 2246 se
781 2212 986 2246 consecratos
997 2212 1066 2244 Me-

183 2261 282 2297 letius
292 2263 328 2296 in
338 2262 472 2297 Nicaena
482 2261 621 2305 Synodo
632 2261 766 2296 tradidit
777 2262 1001 2296 S Alexandro
1010 2261 1066 2294 Pa-

183 2310 410 2352 triarchae‚erat
417 2312 449 2345 δε
458 2316 642 2357 Agatamnon
649 2318 682 2345 in
691 2313 959 2346 Alexandrinorum
969 2316 1064 2356 Agris.

183 2361 257 2399 Uti
266 2362 447 2397 Donatistae
458 2366 490 2396 in
500 2362 712 2397 Sub-urbanis
723 2363 839 2397 Romae
852 2364 937 2408 agris
950 2362 1066 2406 imagi-

185 2412 317 2447 narium
324 2411 505 2455 Papam,ita
512 2412 686 2448 Meletiani
696 2414 729 2446 in
742 2412 979 2447 Alexandrinis
988 2412 1065 2446 Sub-

186 2460 290 2495 urbiis
308 2460 461 2495 videntur
490 2463 646 2496 intrusisse
677 2464 907 2507 imaginarium
932 2462 1064 2496 Patriar-

186 2509 447 2560 cham-Qidam
456 2512 749 2557 existingnssquod
759 2513 915 2547 Meletius
927 2513 1065 2547 patriar-

186 2559 479 2596 chatuminvadere
489 2561 536 2596 ibi
554 2564 728 2597 tentaverit
740 2587 750 2602 ,
776 2574 813 2597 ac
835 2564 1016 2598 trans-ferre
1030 2561 1063 2595 in

186 2611 467 2654 Lycopolitanam
479 2611 690 2647 Cathedram.
719 2612 767 2646 At
779 2614 870 2648 male.
883 2614 964 2661 Qro
974 2613 1064 2646 enirn

186 2660 406 2695 fundamento
417 2686 427 2702 ‚
444 2672 500 2695 aut
511 2662 716 2698 fundamenti
729 2664 806 2698 fuco
819 2663 903 2697 istud
916 2664 1064 2698 attentas·

187 2711 257 2744 set?
283 2710 411 2753 plenam
431 2711 603 2747 dumtaxat
626 2713 909 2756 Metropoliticam
931 2713 1065 2757 potesta-

187 2770 256 2794 tem
268 2785 278 2800 ,
290 2771 349 2794 nec
360 2773 428 2795 non
441 2763 474 2797 &
488 2763 620 2797 suorum
632 2763 975 2807 Comprovincialium
990 2763 1065 2806 Epi-

187 2811 363 2852 scoporum
383 2811 673 2847 Consecrationem
709 2815 823 2848 invasit
844 2824 959 2848 contra
981 2815 1065 2847 anti-

186 2871 288 2904 quam
299 2859 444 2904 AEgypti
454 2862 736 2898 Consuetudinem
748 2889 758 2904 ,
785 2865 818 2899 δε
831 2864 953 2898 vetusta
966 2863 1063 2896 Privi

188 2910 278 2954 legia
291 2909 381 2943 istius
393 2910 642 2947 patriarchatus.
670 2915 714 2947 Et
735 2913 776 2948 ad
787 2913 899 2949 eadem
910 2913 1062 2957 patranda

186 2959 323 2995 induxit
334 2959 415 2994 alios
424 2961 662 3005 Metropolitas.
683 2963 818 2999 Induxit
830 2965 864 2998 &
876 2964 1064 2998 Provincia-

187 3010 235 3044 ]es
250 3010 428 3053 Episcopos
440 3035 450 3050 ‚
461 3021 497 3044 ut
510 3013 582 3046 suos
594 3013 648 3055 ipsi
660 3014 890 3057 Metropolitas
901 3015 1064 3047 consecra-

186 3069 273 3097 rent.
298 3060 349 3094 Ex
360 3061 463 3094 nimia
486 3062 520 3094 in
543 3063 636 3095 suum
656 3063 916 3108 Degradatorem
940 3063 1063 3097 invidia

187 3109 328 3145 tentavit
339 3110 407 3152 ejus
420 3109 618 3145 Cathedram
629 3114 756 3154 penitus
768 3114 940 3149 denudare.

238 3159 386 3206 Qaestio
399 3160 445 3194 est
456 3185 469 3200 ,
494 3161 680 3208 Qomodo
692 3163 846 3198 Hermias
857 3166 1064 3198 Zozomenus

189 3209 307 3243 scribat
316 3210 334 3243 a
346 3211 455 3245 fausto
465 3209 562 3245 Petro
574 3211 688 3246 datum
708 3212 725 3245 a
748 3215 888 3249 Meletio
902 3214 1062 3258 Baptisma

190 3259 540 3303 fuisseimprobatum‚
566 3261 699 3298 &istud
711 3262 779 3305 ejus
789 3264 949 3305 judicium
972 3265 1063 3298 fuisse
1098 3294 1101 3298 s

190 3308 417 3357 reprehensum
429 3310 470 3344 ab
482 3311 588 3347 Ario?
615 3311 672 3347 An
683 3311 796 3348 datum
807 3314 825 3348 a
834 3313 899 3355 jam
910 3315 1064 3349 damnato

191 3356 333 3393 Meletio
354 3359 520 3406 Baptisma
543 3363 667 3396 sanstus
685 3361 800 3397 Petrus
822 3364 1039 3397 exsufflaverit
1052 3366 1064 3397 ἓ

194 3406 390 3449 Responde-0
401 3411 597 3446 affirmative.
622 3413 716 3446 Licet
728 3414 872 3447 Hermiae
882 3414 1062 3448 Zozomeni

192 3455 382 3501 Austoritas
391 3471 459 3494 non
474 3461 511 3496 fit
522 3462 749 3507 irrefragabilis
759 3488 770 3507 ,
781 3464 844 3501 alia
856 3474 966 3501 tamen
978 3465 1064 3508 prin-

294 3507 408 3550 Differt.
422 3512 544 3546 Prooem.
557 3514 636 3546 Tom.
646 3517 668 3547 Ι.

1137 218 1267 261 ignorat
1280 217 1427 250 sanetum
1447 216 1534 251 Petri
1558 216 1806 253 Antecefforem
1816 222 2019 266 Dionyfium

1104 297 1106 299 .
1137 265 1295 301 adhaefiffe
1306 267 1416 300 sansto
1425 266 1622 310 Cypriane?
1647 268 1747 303 Plura
1768 266 1809 302 ex
1821 269 1887 311 eJus
1899 273 1939 306 de
1952 271 2018 308 hoc

1138 317 1275 361 negotio
1287 316 1441 360 Epistolis
1462 318 1659 363 Fragmenta
1679 317 1813 353 adducit
1838 319 1874 352 in
1884 322 1939 354 sua
1956 324 2020 357 Ec-

1137 366 1310 400 clesiastica
1323 365 1454 400 historia
1466 367 1678 402 Caesaraeensis
1696 368 1868 403 Eusebius.
1895 370 2020 405 Dolen-

1137 416 1217 450 dum
1237 416 1282 449 est
1296 440 1308 456 ,
1335 416 1426 459 quod
1447 416 1546 451 nobis
1557 430 1624 452 non
1637 415 1850 454 transmiserit
1873 419 2020 465 integras

1137 465 1310 509 Epistolas.
1338 467 1390 499 Ex
1401 467 1470 500 istis
1481 470 1601 511 quippe
1613 470 1820 514 Fragmentis
1830 481 1900 504 non
1915 471 2020 513 possu·

1137 526 1207 549 mus
1218 516 1304 551 firmi
1315 515 1462 550 definire.
1489 519 1725 562 Fragmentum
1745 531 1786 553 ex
1807 515 1876 562 ejus
1896 520 1936 554 ad
1951 521 2022 554 san-

1135 568 1222 599 c‘tum
1233 564 1361 600 Sixtum
1373 565 1572 601 Pontificem
1586 568 1731 610 Epistola
1742 570 1782 602 sic
1805 568 1902 603 habet
1926 583 1933 602 :
1959 572 2022 603 Ste-

1130 615 1251 657 phanus
1261 625 1352 649 antea
1358 615 1520 660 scripserat
1532 620 1563 649 E
1561 617 1698 658 pistolam
1708 621 1744 651 de
1757 621 1866 652 Heleno
1879 620 2021 654 Tarsen-

1134 666 1154 698 ii
1167 691 1177 707 ,
1203 667 1240 699 de
1251 669 1363 700 Firmil
1366 674 1438 700 iano
1449 666 1645 701 Caesaraeenfi
1657 691 1668 707 ,
1694 669 1731 701 de
1741 669 1875 701 omnibus
1897 668 2020 712 Episco-

1131 722 1180 755 pis
1195 741 1205 756 ‚
1230 722 1283 758 qui
1291 726 1379 750 erant
1388 724 1421 749 in
1433 718 1541 750 Cilicia
1552 741 1563 757 ,
1591 719 1625 751 &
1638 720 1832 759 Cappadocia
1842 743 1852 758 ‚
1880 720 1914 752 (tr
1926 721 2020 752 Gala-

1132 771 1176 797 tia
1187 790 1198 805 ,
1224 767 1258 799 6·
1268 778 1306 800 ex
1314 766 1447 800 omnibus
1459 767 1607 800 Gentibus
1617 792 1627 808 ,
1653 779 1722 810 quae
1750 777 1838 801 erant
1853 767 1996 808 finitimae
2008 793 2020 809 ,

1131 816 1211 856 quod
1219 827 1310 857 neque
1320 818 1455 850 cumillis
1476 818 1596 859 quidem
1614 816 1648 850 ob
1669 829 1736 850 eam
1757 816 1878 860 causam
1898 821 2019 851 omnine

1131 871 1340 900 communicare
1350 868 1447 900 vellet.
1475 870 1563 899 Nam
1571 869 1615 900 illi
1626 891 1637 908 ‚
1663 874 1762 911 inquit
1774 892 1784 907 ,
1797 872 1960 901 Haereticos
1972 880 2020 901 re-

1131 914 1298 956 baptizant.
1326 920 1381 949 Rei
1393 922 1484 959 igitur
1504 918 1740 961 magnitudinem
1761 927 1882 952 attenta
1907 925 2016 962 cogita-

1130 970 1206 997 tione
1214 966 1404 1007 complectere.
1434 969 1561 999 Decreta
1582 973 1661 1000 enim
1680 974 1713 1000 in
1735 974 1878 1009 maximis
1895 966 2016 1011 Episto-

1127 1021 1232 1054 porum
1240 1017 1378 1049 Conciliis
1389 1039 1400 1055 ,
1430 1022 1499 1047 tcuti
1506 1018 1594 1049 audio
1604 1041 1615 1056 ‚
1630 1016 1723 1056 sabla
1736 1017 1867 1058 fuerunt
1878 1043 1888 1058 ‚
1916 1027 1950 1050 ut
1961 1023 2015 1060 qui.

1129 1063 1167 1095 ab
1189 1064 1316 1106 Haerefis
1338 1071 1493 1106 impietate
1513 1067 1643 1098 redeunt
1655 1089 1665 1105 ‚
1691 1067 1818 1100 debeant
1825 1069 1958 1108 primum
1977 1074 2010 1100 in

1130 1116 1249 1146 Pietate
1258 1113 1370 1154 institui
1381 1139 1391 1154 ,
1417 1116 1527 1148 deinde
1538 1120 1652 1148 veteris
1666 1117 1701 1149 (ν
1720 1122 1833 1157 impuri
1854 1121 2012 1151 Fermenti
2026 1127 2031 1133 ·

1129 1165 1227 1196 eluvie
1238 1163 1420 1206 acfhrdibus
1429 1164 1511 1197 ablui
1523 1166 1557 1198 Θ·
1563 1171 1702 1208 purgari.
1730 1169 1825 1207 Atque
1849 1176 1883 1198 ut
1891 1174 1950 1208 pro
1963 1166 2013 1199 bis

1129 1213 1262 1246 omnibus
1273 1217 1303 1246 E
1301 1213 1431 1256 piscopis
1444 1215 1528 1247 illum
1540 1215 2012 1258 deprecarer‚Episiolamscr1psf.

1129 1263 1366 1307 Fragmentum
1376 1265 1512 1298 affirmat
1526 1265 1626 1307 plura.
1655 1264 1770 1299 Primo
1782 1290 1793 1305 ,
1815 1266 1907 1309 quod
1920 1266 2014 1309 Papa

1128 1313 1310 1356 Stephanus
1319 1315 1560 1354 firmilianum,
1573 1315 1758 1354 Helenum,
1771 1315 1917 1359 aliosque
1929 1314 2016 1351 Cili-

1129 1363 1184 1395 cie
1194 1364 1227 1396 ὅ(
1240 1363 1390 1397 Ponticae
1399 1364 1556 1397 Dioecesis
1578 1363 1763 1408 Episcopos
1783 1363 1871 1399 hanc
1880 1365 1926 1399 ob
1938 1378 2014 1400 cau-

1131 1414 1194 1447 sam
1205 1414 1547 1448 excommunicaverit.
1577 1413 1730 1447 Secunde
1743 1439 1753 1454 ‚
1765 1414 1855 1458 quod
1867 1415 1917 1447 isti
1932 1416 2014 1458 Epi-

1128 1463 1217 1507 scopi
1230 1463 1331 1497 varias
1343 1463 1499 1504 Synodos
1510 1463 1661 1503 fecerint,
1672 1463 1705 1496 &
1717 1462 1789 1496 istic
1803 1464 2013 1506 Rebaptismi

1130 1513 1347 1547 neceffitatem
1359 1513 1636 1547 confirmaverint.
1665 1511 1787 1557 Tertio
1798 1537 1808 1553 ,
1834 1514 1925 1557 quod
1949 1515 2011 1549 ista.

1127 1563 1306 1604 Synodalia
1318 1561 1437 1604 judicia
1451 1563 1512 1597 sint
1524 1565 1637 1607 magni
1661 1562 1836 1606 ponderis,
1865 1563 2011 1607 ideoque

1129 1624 1195 1646 non
1207 1613 1461 1648 contemnenda.
1490 1612 1729 1662 Qiartd,qu0d
1740 1622 1910 1648 tantorum
1926 1615 2013 1648 viro-

1127 1675 1197 1697 rum
1209 1665 1592 1698 excommunicationem
1603 1663 1685 1698 solvi
1707 1664 1887 1707 Dionysius
1908 1665 2008 1698 fuerit

1126 1712 1324 1756 deprecatus.
1352 1712 1396 1748 Et
1420 1712 1604 1756 Stephanus
1625 1713 1766 1748 omnino
1789 1715 1895 1748 solvit.
1924 1715 2008 1749 Haec

1125 1763 1305 1807 Dionysius
1318 1764 1507 1808 praedicat&
1522 1775 1615 1809 urget
1627 1765 1715 1807 apud
1728 1765 1859 1798 Sixturn
1871 1789 1880 1804 ,
1908 1774 2009 1808 atque

1127 1812 1174 1847 ita'
1184 1815 1352 1858 profitetur
1373 1816 1405 1848 se
1423 1816 1530 1848 favere
1552 1815 1619 1848 istis
1635 1815 1815 1858 Episcopis.
1845 1814 2008 1848 Lucidius

1127 1861 1189 1897 hoc
1201 1874 1288 1906 patet
1298 1876 1339 1898 ex
1350 1866 1540 1908 fragmento
1552 1863 1708 1906 Epistolae
1717 1864 1758 1898 ad
1771 1863 2008 1898 Philemonem

1128 1913 1285 1948 Romanae
1295 1914 1445 1947 Eccleliae
1456 1912 1688 1954 Presbyterum
1702 1927 1708 1946 :
1739 1918 1799 1946 Hoc
1810 1924 1912 1946 tamen
1926 1915 2007 1946 didi-

1125 1968 1150 1994 σι·
1162 1988 1172 2003 ,
1198 1966 1279 2006 quod
1288 1962 1426 2005 Episcopi
1436 1970 1469 1995 in
1481 1962 1585 2004 Africa
1596 1962 1752 2006 nonfhlum
1762 1963 1849 2003 istam
1858 1962 2013 2005 consuetu-

1126 2013 1225 2045 dinem
1236 2014 1272 2046 de
1295 2013 1522 2054 rebaptizandis
1543 2016 1702 2045 Haereticis
1716 2015 1787 2053 jam
1804 2019 1984 2046 invexerint
1998 2039 2010 2054 ,

1126 2063 1229 2096 versem
1239 2069 1330 2095 etiam
1338 2065 1421 2106 longo
1432 2071 1503 2095 ante
1514 2070 1643 2102 tempore
1656 2086 1665 2101 ,
1677 2066 1707 2094 E
1705 2061 1892 2104 piscoporum
1902 2075 2010 2096 memo-

1126 2119 1172 2145 ria
1182 2119 1233 2155 qui
1244 2111 1475 2156 antegreffisunt
1484 2136 1494 2151 ,
1521 2118 1554 2143 in
1563 2111 1696 2152 Ecclestis
1709 2119 1844 2144 maxima
1855 2112 2008 2145 bominum

1124 2162 1295 2205 frequentia
1305 2163 1463 2195 celebratis
1475 2186 1484 2201 ,
1512 2163 1546 2195 ὦ·
1556 2163 1576 2199 5
1580 2163 1680 2195 modis
1696 2166 1845 2195 Fratrum
1855 2187 1865 2202 ‚
1876 2163 1941 2195 tum
1948 2167 2009 2195 Ico-

1128 2219 1191 2252 nii,
1218 2214 1280 2245 tum
1291 2215 1416 2251 synaxis
1426 2236 1436 2251 ,
1465 2223 1530 2245 tum
1540 2213 1611 2244 aliis
1632 2213 1734 2244 multis
1746 2219 1779 2244 in
1787 2214 1855 2245 locis
1868 2224 2007 2245 convoca-

1127 2270 1166 2295 tis
1179 2287 1188 2303 ,
1214 2262 1292 2302 istud
1303 2266 1459 2296 Decretum
1464 2261 1531 2302 fuit
1541 2284 1550 2300 ‚
1577 2273 1700 2303 quorum
1703 2264 1826 2302 judicia
1838 2265 1872 2296 ὠ·
1881 2264 2011 2296 Senten-

1125 2319 1185 2345 tias
1195 2315 1389 2346 condemnare
1400 2337 1410 2353 ,
1437 2318 1584 2353 irritaque
1588 2310 1693 2352 facere
1705 2323 1761 2344 non
1773 2313 1868 2344 audeo
1878 2336 1888 2351 ,
1914 2323 1950 2344 ac
1966 2311 2009 2353 fic

1126 2364 1188 2395 illos
1198 2369 1230 2395 in
1241 2365 1340 2395 odium
1352 2364 1385 2396 Za·
1404 2363 1558 2395 invidiam
1578 2372 1736 2404 congerere.
1767 2365 1923 2394 Terminos
1936 2385 1946 2400 ,
1973 2370 2008 2394 ut

1126 2412 1162 2453 est
1174 2414 1258 2454 apud
1265 2414 1445 2445 Salomonem
1459 2435 1468 2451 ‚
1496 2412 1530 2444 (ν’
1541 2416 1636 2444 Fines
1643 2417 1777 2452 proximi
1791 2417 1835 2443 tui
1855 2415 1921 2444 non*
1933 2422 2009 2443 com-

1126 2463 1256 2496 mutabis
1269 2488 1278 2503 ,
1291 2474 1362 2505 quos
1374 2465 1484 2494 Patres
1498 2467 1543 2494 tui
1551 2460 1765 2503 praestiterunt.
1780 2460 1894 2495 Edicit
1905 2462 2007 2504 prefa-

1127 2524 1173 2548 tas
1186 2512 1348 2556 Synodos:
1362 2512 1405 2545 Et
1418 2512 1561 2556 ipsarum
1572 2511 1745 2554 praecipuas
1759 2511 1898 2545 affirmat
1911 2511 2008 2544 fuisse

1128 2564 1330 2597 lconiensem
1341 2573 1379 2596 ac
1391 2561 1624 2605 synadensem.
1653 2560 1854 2595 Earumdem
1867 2563 2007 2595 Decreta

1128 2613 1295 2648 manifeste
1304 2612 1485 2646 confirmat.
1513 2612 1621 2646 Sansti
1635 2611 1794 2653 Cypriani
1810 2612 2006 2645 sententiam
2059 2648 2061 2651 Α

1126 2665 1262 2698 affirmat
1275 2664 1337 2697 esse
1350 2663 1534 2707 antiquam,
1546 2662 1581 2695 ὃ(
1591 2661 1697 2704 palam
1709 2662 1910 2706 comprobat.
1940 2662 2008 2694 Eu·
2031 2662 2087 2693 Lib.
2113 2675 2141 2699 7.

1127 2714 1231 2748 sebius
1244 2713 1342 2747 habet
1354 2712 1445 2756 plura
1458 2737 1467 2752 ‚
1494 2724 1564 2756 quae
1573 2712 1731 2746 evincunt
1744 2713 1946 2755 Dionysium
1960 2712 2006 2745 ita
2028 2709 2146 2743 C²P14·⁶

1127 2765 1257 2798 senfiffe.
1288 2763 1412 2797 Verum
1435 2762 1524 2805 quod
1545 2763 1734 2796 Romanam
1758 2787 1768 2803 ‚
1808 2762 2006 2805 singularem
2029 2747 2053 2773 8.

1128 2812 1337 2859 AEgyptiacae
1350 2813 1492 2846 Matrem
1511 2812 1690 2846 Ecclesiam
1703 2821 1909 2851 revereretur,
1921 2811 2009 2845 vide-

1126 2875 1177 2897 tur
1189 2863 1329 2898 noluisse
1342 2863 1462 2897 faciem
1472 2862 1603 2906 penitus
1616 2861 1764 2896 revelare.
1802 2861 1933 2895 Habuit
1946 2861 2008 2895 fin-

1126 2914 1270 2959 gularem
1284 2912 1632 2947 Sententiam.Etenim
1645 2912 1677 2943 in
1693 2911 1874 2944 Canonicis
1887 2911 1927 2944 ad
1942 2912 2009 2945 san-

1125 2968 1212 2998 c‘lum
1226 2962 1505 3006 Amphilochium
1517 2963 1617 2995 literis
1630 2961 1777 3004 Magnus
1787 2961 1924 2994 Basilius
1934 2962 2008 2995 scri-

1127 3014 1174 3048 bit
1185 3040 1195 3055 ,
1207 3014 1297 3057 quod
1310 3014 1497 3057 Cyprianus
1507 3024 1543 3045 ac
1555 3010 1765 3044 Firmilianus
1775 3012 1809 3044 δε
1821 3012 2007 3045 Haereticos

1125 3065 1156 3097 ὃς
1167 3063 1397 3097 Schismaticos
1408 3063 1512 3097 eidem
1527 3060 1868 3104 Regulae.subjecerint
1881 3075 1887 3092 :
1902 3062 2005 3108 Qod

1127 3113 1279 3147 omnium
1290 3114 1453 3155 Baptisma
1465 3111 1675 3144 exsufflarint.
1689 3110 1732 3144 Et
1743 3111 1911 3155 adjungit:
1926 3115 2008 3155 ,ραις
2026 3131 2128 3161 gam·-

1128 3165 1170 3195 ad
1178 3162 1327 3196 Catharos
1339 3169 1493 3203 pertinent
1500 3160 1670 3203 quaestiones
1678 3185 1689 3200 ‚
1701 3168 1815 3202 oportet
1825 3168 1895 3194 uniu
1892 3161 1944 3204 ftu
1940 3165 1958 3202 j
1963 3175 1979 3194 a
1977 3161 2006 3204 s-

1128 3225 1182 3255 que
1193 3217 1330 3256 Regionis
1342 3223 1450 3243 morem
1454 3209 1549 3253 sequi,
1561 3212 1640 3253 quod
1649 3210 1873 3251 variaefuerint
1887 3214 1924 3244 de
1936 3211 2008 3253 ipso-

1127 3274 1192 3296 rum
1204 3259 1395 3303 Baptismate
1406 3259 1583 3304 diffenfiones
1594 3272 1692 3293 eorum
1705 3284 1714 3299 ‚
1741 3267 1792 3302 qui
1813 3262 1851 3293 ab
1874 3261 1940 3303 ipsts
1963 3274 2008 3293 ac-

1126 3321 1272 3355 ceperunt.
1315 3311 1495 3354 Dionysius
1526 3310 1654 3344 videtur
1676 3311 1820 3353 ipsorum
1844 3312 2007 3354 Baptifina

1127 3363 1280 3405 probasse.
1319 3361 1410 3394 Nam
1430 3362 1463 3395 ὅ(
1485 3361 1633 3404 probavit
1658 3361 1826 3403 'Baptisma
1854 3372 2008 3403 quorum-

1125 3413 1200 3446 dam
1212 3411 1574 3444 HaereticorumEtiam
1586 3410 1844 3452 Pepuzenorum.
1857 3411 1959 3458 Qiod
1972 3412 2006 3442 in

1127 3463 1196 3507 ipso
1207 3460 1345 3498 Basilius
1356 3462 1497 3507 graviter
1507 3460 1684 3505 improbat.
1712 3461 1816 3508 Qod
1836 3461 1916 3494 item
1942 3472 2009 3493 ma-

1927 3521 2013 3555 gnus
