2346 3776
621 146 1070 197 D1ssE‘R‘rA‘r10

184 231 275 277 quod
286 228 508 267 Alexandrina
519 225 662 261 Ecclesia
673 223 823 261 habuerit
844 224 950 270 plures
960 226 1057 270 quam

183 284 307 326 septem
320 282 511 318 Diaconos,
536 274 683 320 adeoque
692 287 762 310 non
783 275 960 310 observarit
970 287 1060 319 quar-

180 331 432 367 tum-decimum
442 327 616 362 Canonem
630 325 917 361 Neo-caesaraeensis
940 326 1060 361 Conci-

183 382 233 416 lii.
260 378 363 416 Porrti
373 378 521 413 damnati
537 376 579 411 ab
591 376 785 412 Alexandro
807 374 950 410 Diaconi
968 387 1059 412 erant

178 442 318 466 numero
335 429 389 462 sex
399 452 411 468 ‚
431 437 529 471 atque
539 427 584 461 ita
594 437 687 462 erant
696 436 776 461 tunc
785 427 820 459 in
832 426 915 459 vivis
926 437 1060 462 novem-

133 508 138 513 .
180 481 298 516 decim.
327 477 384 511 An
397 477 509 511 nullus
519 476 677 521 locusper
693 475 828 519 alicujus
847 485 988 510 mortem
1008 489 1058 512 va-

179 530 262 565 carit
272 553 285 570 ‚
311 528 440 574 ignoro.
467 526 553 562 Item
564 528 685 572 ignoro
694 526 767 570 quis
776 526 875 559 fuerit
883 528 1058 563 consuetus

179 579 274 620 istius
299 577 451 613 Ecclesiae
475 589 639 612 numerus.
688 575 848 611 Damnati
874 575 1057 620 Presbyteri

179 638 273 665 erant
284 628 366 663 item
376 639 514 662 numero
524 627 649 672 sex‚qui
660 637 738 661 cum
747 626 820 669 ipsis
829 627 1057 670 septemdecim

177 680 254 716 sunt
263 679 383 724 viginti
392 688 464 713 tres.
491 678 595 712 Porrd
603 677 688 712 inter
706 676 794 720 ipsos
813 688 883 710 non
902 678 1058 720 reperitur

177 729 345 774 Georgius
355 727 574 764 Laodicensis.
596 727 641 761 Et
649 724 707 761 hic
716 725 859 768 omnino
869 726 997 761 videtur
1003 738 1059 761 an-

177 785 213 813 te
221 777 294 813 Arii
306 778 569 814 Damnationem
580 777 674 812 fuiffe
683 777 718 811 in
730 769 950 819 presbyterio,
960 786 1058 821 atque

174 829 223 863 ita
235 829 330 864 fuiffe
340 828 513 873 vigesimus
523 836 664 871 quartus.
685 826 742 861 An
753 824 809 860 hic
819 826 917 860 fuerit
926 828 1060 862 consue-

175 889 230 914 tus
243 889 412 918 numerus,
436 887 508 911 non
518 878 646 921 possum
661 875 798 911 edicere.
825 876 978 911 Secundo
997 877 1057 912 dis-

172 930 281 962 cimus
299 952 310 968 ,
346 926 435 971 quod
454 925 683 961 Alexandrina
715 924 879 961 Cathedra
908 925 1058 962 habuerit

172 978 276 1013 etiam
286 977 448 1022 Pagenses
459 975 749 1021 Parochias‚atque
761 977 797 1010 in
808 975 873 1011 hoc
882 988 952 1011 non
961 977 1058 1012 suerit

172 1027 322 1062 mulata
331 1027 530 1062 Romanam.
558 1027 713 1061 Romana
723 1029 814 1061 enirn
825 1051 835 1067 ,
862 1025 930 1070 quo
955 1027 990 1061 ὅ(
1016 1027 1057 1062 ad

171 1075 430 1113 Patriarchalem
440 1078 475 1112 δε
484 1076 526 1112 ad
542 1076 699 1122 Papalem
709 1077 968 1112 sollicitudinem
980 1077 1056 1111 esset

171 1128 358 1172 expeditior
380 1151 393 1169 ,
426 1127 554 1161 nullam
576 1138 723 1171 unquam
744 1125 862 1161 habuit
882 1127 1056 1162 Forensem

171 1176 382 1213 Parochiam.
409 1177 594 1211 Dumtaxat
606 1174 722 1211 habuit
738 1176 887 1220 quaedam
897 1175 1056 1212 Suburba-

173 1239 219 1262 na
239 1227 447 1262 Coemeteria.
475 1225 596 1260 Tertio
615 1225 773 1260 discimus
790 1250 802 1266 ‚
828 1226 918 1269 quod
941 1237 1056 1261 ornnes

172 1278 366 1313 Mareoticae
393 1274 561 1310 Parochiae
585 1276 774 1318 spectarunt
799 1274 989 1310 immediate
1016 1275 1055 1310 ad

172 1327 437 1363 Alexandrinam
449 1324 658 1360 Cathedram.
680 1322 774 1358 Hinc
784 1324 894 1358 omnis
903 1324 972 1368 ejus
983 1326 1057 1360 Cle-

170 1389 227 1412 rus
237 1377 273 1411 in
285 1375 419 1410 Litteris
429 1399 441 1416 ‚
452 1373 539 1418 apud
551 1372 727 1409 secundam
739 1374 770 1408 S.
784 1372 955 1409 Athanasii
965 1375 1057 1420 Apo-

172 1426 299 1472 logiam
320 1424 521 1460 exstantibus
541 1424 583 1459 ad
604 1422 811 1470 Philagrium
839 1423 1056 1470 Augustalem

171 1477 346 1522 profitetur
359 1477 391 1510 se
402 1475 601 1520 Regione&
622 1475 739 1509 Nomo
758 1476 897 1519 spestare
915 1475 956 1509 ad
979 1476 1056 1519 Epi-

171 1528 345 1571 scopatum
354 1527 384 1562 S.
399 1523 579 1559 Athanasii.
607 1525 652 1559 Et
664 1525 732 1569 ipse
745 1523 942 1559 Athanasius
963 1525 1055 1560 addit

170 1576 247 1611 istic
258 1587 431 1620 nunquam
439 1575 532 1609 fuisse
543 1575 747 1618 Episcopum
758 1598 769 1615 ,
783 1574 886 1608 imm&
898 1586 958 1610 nec
966 1574 1056 1611 Cho-

170 1627 383 1672 repiscopum.
411 1624 582 1660 Parochiae
593 1624 655 1659 illae
663 1635 751 1669 quot
765 1625 889 1659 fuerint
899 1651 910 1666 ‚
936 1625 982 1660 est
1007 1627 1056 1660 in-

168 1686 306 1712 certum.
325 1676 474 1711 Datisad
488 1676 631 1720 Tyriam
644 1675 819 1719 Synodum
830 1676 951 1710 Literis
961 1677 1056 1719 quin-

169 1726 279 1761 decim
289 1726 521 1770 Presbyteri&
541 1725 731 1771 quindecim
751 1726 899 1762 Diaconi
921 1725 1057 1763 subscri-

169 1776 276 1818 bunt;
298 1776 402 1810 Hisce
414 1786 524 1811 autem
542 1777 573 1810 S.
585 1775 771 1812 Alexandri
793 1777 929 1812 Litteris
949 1776 1057 1811 sexde-

168 1827 238 1861 cim
247 1825 435 1869 Presbyteri
447 1850 459 1867 ‚
469 1838 507 1860 ac
519 1826 661 1861 totidem
675 1828 828 1861 Diaconi.
843 1827 973 1871 Nempe
985 1827 1056 1871 Ty-

168 1877 226 1911 riae
235 1876 363 1919 Synodi
374 1885 521 1919 tempore
531 1877 655 1910 sextam
672 1876 837 1911 decimam
861 1876 1055 1912 Parochiam

166 1925 302 1961 tenebat
312 1925 533 1960 calumniator
544 1925 699 1969 Ischyras.
737 1925 883 1962 Proinde
903 1927 1056 1962 videntur

166 1977 263 2011 fuisse
283 1974 447 2010 sexdecim
460 1988 467 2008 ε
496 1975 631 2022 Qaevis
652 1975 781 2010 videtur
789 1976 936 2012 habuisse
962 1979 1056 2013 suum

166 2025 400 2069 Presbyterum
412 2036 450 2059 ac
462 2026 557 2059 suum
567 2026 768 2060 Diaconum.
807 2027 943 2061 Sanetus
953 2026 1057 2063 Atha-

166 2076 274 2112 nasius
286 2074 463 2110 inlaudata
476 2073 647 2120 Apologia
659 2077 798 2111 affirmat
817 2077 912 2111 fuisse
922 2076 1034 2113 decem
1046 2104 1056 2119 ,

164 2126 204 2160 &
216 2125 395 2170 aliquando
406 2124 519 2168 plures.
548 2125 680 2175 Qarto
691 2126 861 2167 discimus,
881 2127 970 2171 quod
981 2141 1057 2173 ptae-

165 2183 217 2210 ter
227 2175 303 2210 istas
316 2175 517 2210 Mareoticas
539 2174 717 2211 Parochias
739 2175 967 2212 Alexandrina
990 2179 1054 2214 Ca-

167 2223 282 2259 thedra
294 2225 401 2260 nullas
412 2224 560 2261 habuerit
571 2226 649 2261 alias
660 2228 809 2261 forenses.
821 2228 953 2262 Harum
963 2230 1053 2263 enim

168 2274 311 2309 solarum
326 2275 442 2310 Clerus
453 2276 629 2320 subscripsit
641 2278 739 2311 sansti
749 2277 933 2312 Alexandri
954 2279 1055 2313 Litte-

167 2324 221 2359 ris.
257 2325 387 2369 Nempe
418 2325 485 2370 quo
506 2326 697 2372 vigilantius
714 2329 814 2372 posset
832 2327 1056 2364 administrare

169 2385 282 2409 curam
293 2375 557 2411 patriarchalem.

220 2424 278 2458 Est
291 2426 324 2460 ἀ
335 2426 397 2459 alia
409 2427 503 2469 quaest
510 2427 544 2461 io
559 2438 566 2458 :
579 2427 691 2474 Qare
701 2429 731 2462 S.
745 2425 934 2463 Alexander
943 2430 979 2463 in
990 2430 1055 2464 suis

167 2474 392 2517 Synodalibus
403 2484 500 2520 atque
523 2477 712 2520 Encyclicis
733 2479 849 2513 litteris
871 2480 1054 2523 expresserit

167 2535 295 2558 nomen
307 2524 340 2558 &
351 2525 491 2559 crimina
504 2527 636 2561 Eusebii
648 2528 909 2563 Nicomediensis
920 2530 1054 2574 Episco-

165 2574 204 2618 pi
216 2575 229 2607 ?
255 2573 335 2616 Ejus
345 2575 511 2608 transitum
522 2576 540 2609 ὲ
551 2577 717 2620 Berytensi
737 2577 929 2613 Phaenicum
941 2580 1053 2614 Eccle-

1119 145 1540 200 PRoostLrs.
1927 162 1999 208 '147

1122 227 1254 272 insuper
1261 226 1304 262 de
1314 224 1501 270 Apostolici
1513 223 1661 261 Canonis
1671 223 1928 268 praevaricatione
1939 237 1996 270 per

1121 277 1312 313 Transitum
1321 279 1364 311 de
1374 276 1515 311 Ecclesia
1527 276 1569 310 ad
1581 274 1767 309 Ecclesiam.
1780 273 1824 306 Et
1836 275 1995 316 adjunxit:

1121 326 1269 371 Eusebius
1279 336 1372 361 totum
1382 325 1633 368 Ecclefiaestatum
1641 330 1675 359 in
1690 322 1749 368 sua
1765 334 1857 355 manu
1874 323 1999 364 postium

1120 379 1289 411 arbitratur
1297 402 1309 418 ,
1327 387 1393 410 cum
1402 379 1422 409 ἃ
1433 383 1548 411 nemine
1560 402 1570 417 ,
1579 377 1660 419 quod
1666 371 1824 415 Ecclesiam
1836 374 1937 411 Beryti
1948 375 2000 406 de·

1115 426 1244 472 s‘eruerit
1256 451 1267 467 ‚
1278 428 1358 470 quod
1361 425 1427 469 suae
1438 428 1613 468 cupiditatis
1624 435 1715 468 atque
1724 424 1896 458 ambitionis
1905 423 1998 454 oeulos

1119 471 1402 518 adNicomedienfis
1413 475 1547 518 Ecclefiae
1568 475 1783 519 Episcopatum
1807 473 2000 506 obtinendum

1119 529 1264 570 adiecerit
1273 551 1284 567 ,
1310 524 1382 569 inse
1397 525 1643 569 animadversum
1665 526 1717 569 effe
1739 525 1854 559 videat.
1889 521 2000 566 Regio

1120 578 1279 623 sanguine
1288 577 1388 611 fretus
1397 575 1537 611 audebat
1545 577 1578 610 δε
1586 575 1766 610 attentabat
1773 573 1894 608 omnia.
1915 572 1999 606 Non

1121 625 1328 662 solummodo
1338 627 1374 660 in
1385 628 1444 661 suo
1455 626 1555 661 Clero
1563 651 1575 667 ,
1601 625 1655 661 sed
1675 628 1708 658 in
1729 635 1866 658 omnem
1890 622 2002 656 Eccle-

1121 678 1196 712 siam
1208 676 1360 723 superbus
1367 676 1610 711 dominabatur.
1643 675 1738 709 Hinc
1750 672 1938 708 Alexander
1949 671 2002 706 de⁶

1122 728 1313 775 monstravit
1323 727 1342 761 ὸ,
1354 728 1387 761 se
1397 738 1466 761 non
1477 726 1586 761 timeri
1602 724 1751 759 hominis
1768 722 1979 770 insolentiam
1990 733 2000 752 ι

1123 778 1165 811 Εἰ
1177 778 1362 822 Capistrum
1374 776 1492 820 injecit.
1520 777 1564 810 Et
1581 775 1651 819 ejus
1672 773 1838 818 Iudicium
1857 771 2001 807 firmavit

1124 827 1256 862 Nicaena
1269 826 1432 871 Synodus.
1459 826 1625 862 Adversus
1636 823 1815 860 Eusebium
1825 821 1916 857 edito
1938 820 2002 854 Ca-

1121 888 1210 911 none
1219 877 1388 912 damnavit
1400 877 1574 912 Transitus
1590 876 1837 920 Episcoporum.
1866 868 2002 905 Eusebii

1119 938 1224 972 genus
1237 952 1248 967 ,
1268 938 1374 961 mores
1384 952 1396 967 ,
1416 928 1518 961 vitam
1529 952 1540 968 ,
1565 927 1599 961 δε
1611 935 1754 961 mortem
1764 932 1931 967 exponam
1940 921 2005 954 suo·

1119 976 1205 1011 loco.
1232 977 1393 1012 Attamen
1405 976 1544 1012 Socratis
1556 976 1651 1011 verba
1663 1002 1674 1018 ,
1696 973 1747 1009 his
1757 972 1912 1008 omnibus
1922 970 2004 1006 dan-

1119 1026 1164 1060 tia
1177 1038 1332 1072 magnam
1342 1027 1451 1060 lucem
1463 1050 1474 1066 ‚
1495 1038 1565 1061 non
1576 1028 1704 1070 possum
1713 1025 1884 1059 omittere:
1912 1019 2002 1061 Peste·-
2017 1046 2075 1078 Lib.
2100 1052 2129 1077 1:

1113 1075 1188 1117 fera
1198 1081 1263 1109 Arii
1275 1076 1425 1111 Labe-tab
1445 1075 1574 1117 Ecclesia
1593 1077 1803 1109 Alexandrina
1823 1075 1936 1107 ducens
1957 1082 2001 1104 or·
2015 1096 2079 1126 cap,
2089 1096 2118 1125 3·

1117 1134 1182 1158 tum
1193 1150 1203 1165 ,
1224 1133 1282 1167 per
1292 1124 1467 1168 universam
1477 1128 1644 1171 AEgyptm
1654 1127 1689 1159 cb·
1701 1124 1823 1163 Lybiam
1834 1147 1845 1163 ‚
1868 1125 1903 1156 (w
1911 1125 2003 1163 Supe-

1117 1181 1224 1208 riorem
1235 1175 1562 1217 Thebaidempervafit.
1594 1177 1680 1218 ‚Quin
1696 1181 1787 1208 etiam
1801 1182 1859 1216 per
1867 1174 2003 1215 reliquas

1121 1228 1297 1259 Provincias
1309 1228 1344 1261 (¹2⁹
1351 1231 1503 1262 Civitates
1513 1226 1551 1266 est
1557 1226 1660 1268 paffim
1664 1233 1846 1269 pervagata.
1856 1227 2005 1266 thuama

1118 1287 1208 1317 quam
1219 1278 1306 1310 multi
1315 1279 1369 1310 alii
1374 1275 1523 1318 perversa
1537 1280 1599 1309 Arii
1611 1281 1743 1318 opinione
1753 1277 1787 1308 Θ
1798 1284 1894 1308 errore
1903 1274 2003 1316 impli-

1119 1332 1178 1358 cati
1198 1326 1375 1360 tenebantur
1387 1351 1398 1367 ‚
1425 1324 1574 1368 Eusebius
1586 1335 1687 1359 tamen
1705 1350 1715 1366 ‚
1741 1337 1798 1358 non
1809 1322 2002 1367 Caesaraenst‘s

1118 1377 1167 1408 ille
1177 1400 1188 1416 ‚
1207 1374 1266 1419 sed
1275 1378 1353 1410 alter
1364 1401 1374 1416 ,
1401 1382 1453 1418 qui
1462 1375 1668 1418 anteaf'uerat
1688 1374 1852 1416 Berytensis
1880 1370 2004 1416 Episco-

1115 1434 1176 1467 pus
1190 1450 1200 1465 ‚
1225 1428 1262 1458 id
1267 1432 1408 1468 temporis
1420 1434 1520 1459 autem
1531 1428 1576 1458 ad
1585 1427 1770 1459 Nicomedia·
1789 1423 2003 1468 Episcopatum

1119 1477 1224 1509 callide*
1233 1475 1397 1519 irrepserat
1409 1499 1419 1514 ‚
1446 1476 1490 1508 illi
1499 1478 1686 1516 cum-primis
1698 1475 1845 1507 murdicus
1867 1472 2000 1515 adhaest‘t.

1120 1528 1202 1569 ,ραι
1211 1537 1275 1559 cum
1284 1525 1430 1568 accepisset
1452 1525 1623 1558 Alexander
1645 1549 1655 1565 ,
1687 1526 1721 1558 (a'
1747 1535 1798 1556 res
1802 1522 1899 1568 gestas
1912 1524 2001 1556 oculis

1119 1585 1250 1610 cerneret
1262 1601 1273 1616 ,
1298 1576 1456 1609 iracundia
1465 1582 1552 1617 coepit
1564 1573 1756 1617 exardescere
1777 1586 1784 1605 :
1811 1577 1859 1608 Et
1879 1571 2002 1614 Confilio

1119 1627 1277 1659 multorum
1286 1625 1499 1669 Epist-oporam
1509 1634 1664 1659 convocato
1676 1648 1687 1664 ,
1701 1621 1806 1659 Arium
1814 1625 1849 1659 (at
1860 1620 1928 1664 ejus
1939 1629 2002 1665 opi<

1118 1682 1215 1709 nionis
1233 1679 1380 1710 Fautores
1400 1675 1584 1714 presbyterii
1590 1675 1693 1720 gradu
1715 1673 1836 1707 abdicat
1848 1698 1856 1705 .
1884 1672 2002 1710 Palam

1119 1726 1223 1760 asserit
1237 1726 1416 1760 Eusebium
1426 1725 1512 1760 Ario
1525 1734 1601 1760 ante
1614 1723 1700 1759 hanc
1710 1723 1884 1767 Synodum
1895 1723 2002 1759 omni‹

1119 1776 1165 1810 no
1175 1774 1340 1812 adhaefiffe.
1369 1776 1486 1810 Palam
1496 1777 1566 1822 agit
1575 1775 1616 1810 de
1628 1772 1774 1820 praesemi
1786 1775 1808 1809 S
1810 1773 1934 1818 ynodo.

1168 1826 1302 1861 Sanstus
1323 1826 1515 1861 Alexander
1535 1824 1656 1860 Arium
1675 1825 1709 1861 ὃς
1730 1824 1799 1868 ejus
1813 1825 2002 1870 Congerro-

1120 1887 1176 1912 nes
1195 1888 1265 1911 non
1286 1876 1498 1911 solummodo
1515 1875 1685 1910 damnavit
1696 1900 1707 1916 ,
1733 1875 1786 1909 sed
1807 1876 1907 1909 etiam
1932 1888 2003 1920 pro-

1119 1928 1238 1972 scripsit
1248 1951 1259 1968 ,
1285 1939 1322 1962 ac
1333 1927 1478 1962 Civitate
1488 1925 1593 1968 ejecit.
1627 1926 1676 1959 Ita
1685 1925 1843 1959 testantur
1855 1926 1889 1959 in
1901 1926 2003 1969 preci-

1120 1976 1179 2013 bus
1193 2003 1203 2019 ‚
1229 1989 1310 2024 quas
1330 1978 1460 2023 Magno
1483 1977 1682 2022 Imperatore
1702 1973 1898 2013 Theodosio
1910 1975 2003 2011 exhi-

1113 2029 1258 2064 buerunt
1269 2054 1281 2070 ,
1300 2029 1459 2064 Romana:
1471 2026 1621 2064 Ecclesia
1633 2025 1815 2074 Presbyteri
1828 2028 2003 2063 Faustinus

1120 2092 1156 2114 ac
1176 2079 1413 2114 Marcellinus:
1441 2082 1611 2115 Alexander
1634 2084 1759 2114 Divinae
1782 2080 1870 2114 Fidei
1882 2078 2003 2123 Epis'co‹

1116 2138 1175 2172 pus
1193 2136 1226 2162 in
1253 2131 1441 2164 Alexandria
1464 2156 1474 2171 ,
1503 2133 1613 2173 plenus
1642 2133 1801 2173 sapientia
1828 2141 1862 2163 ac
1883 2132 1903 2163 5
1899 2136 2000 2172 piritu

1119 2180 1359 2224 Sanllofervens
1372 2206 1382 2222 ,
1409 2185 1512 2215 Artum
1517 2188 1637 2223 primus
1658 2183 1694 2215 (5
1715 2182 1833 2214 detexit
1854 2205 1865 2220 ,
1891 2182 1926 2214 <9⁶
1949 2192 2001 2213 ex-

1114 2232 1195 2272 pulit
1208 2254 1219 2270 ,
1246 2234 1280 2267 ζῆ·
1299 2237 1332 2263 in
1348 2240 1527 2274 perpetuum
1548 2233 1721 2265 damnavlt.
1750 2231 1794 2264 Et
1818 2231 1852 2263 in
1865 2230 2000 2264 Litteris

1119 2281 1158 2315 ad
1171 2280 1351 2315 Eusebium
1362 2281 1655 2316 Nicomediensem
1665 2281 1868 2324 Episcopum
1880 2280 2001 2323 scripsit

1119 2331 1185 2374 ipse
1206 2331 1275 2374 post
1302 2332 1393 2365 suam
1414 2331 1664 2365 damnationem
1690 2330 1808 2365 Arius:
1831 2328 1999 2373 Episcopus

1120 2381 1227 2415 noster
1249 2393 1302 2414 nos
1314 2380 1503 2415 vehementer
1514 2381 1636 2423 infestat
1645 2406 1655 2422 ,
1681 2390 1772 2424 atque
1784 2379 1924 2420 hostiliter
1930 2388 2001 2422 per·
2032 2397 2034 2401 ·

1113 2429 1248 2473 sequitur
1261 2456 1271 2471 ‚
1299 2442 1352 2464 nec
1369 2433 1462 2465 ullum
1482 2433 1556 2464 mali
1569 2443 1667 2475 genus
1686 2443 1744 2464 non
1758 2431 1925 2464 adversam
1946 2442 1999 2463 nos

1118 2487 1294 2521 commovit,
1319 2477 1412 2524 usque
1433 2485 1465 2516 eb
1486 2492 1520 2514 ut
1542 2493 1594 2513 nos
1613 2487 1706 2514 etiam
1716 2482 1800 2514 velut
1811 2486 1916 2522 impios
1928 2504 1938 2520 ,
1965 2490 2002 2513 ac

1119 2534 1215 2564 Deum
1232 2540 1376 2574 negantes
1394 2555 1405 2571 ,
1443 2542 1482 2565 ex
1500 2531 1576 2565 Urbe
1592 2532 1749 2573 expulerit.
1789 2529 1904 2564 Exstat
1926 2530 2002 2574 Epi·
2019 2549 2118 2578 Ηυξ(

1117 2580 1198 2615 stola
1218 2580 1306 2624 apud
1323 2579 1550 2625 Epiphaniam
1573 2606 1584 2622 ,
1620 2593 1659 2616 ac
1676 2581 1763 2625 apud
1789 2579 2000 2615 Theodoreti
2016 2592 2062 2624 69·
2075 2598 2099 2619 c.
2108 2594 2136 2619 6.

1118 2630 1374 2665 Ecclesiasticam
1385 2630 1579 2666 Historiam.
1599 2631 1644 2665 Et
1656 2633 1783 2665 sanstus
1795 2629 2000 2674 Epiphanius
2018 2628 2078 2657 Lib.
2104 2641 2127 2659 1·

1119 2680 1208 2723 addit
1220 2680 1261 2715 de
1271 2681 1374 2724 prima
1386 2682 1485 2715 san6ii
1498 2681 1679 2715 Alexandri
1690 2681 1826 2724 Synodo
1838 2693 1848 2713 .·
1875 2681 2002 2713 Alexan·
2016 2675 2080 2705 ‘³²9‘
2090 2680 2117 2704 4·

1118 2732 1171 2763 der
1194 2735 1298 2763 Arium
1329 2737 1455 2764 veri-‘ati
1485 2733 1587 2765 cedere
1621 2731 1832 2764 detrectantem
1852 2731 1933 2771 ejicit
1960 2741 2000 2763 ex
2016 2726 2118 2764 0³93·

165 2624 210 2658 sia
220 2623 261 2657 ad
273 2622 497 2668 Bithynorum
511 2627 802 2662 Nicomediensem
812 2629 1027 2673 Metropolim
1041 2631 1053 2664 ?

167 2672 368 2717 Respondeo
390 2675 569 2709 Eusebium
582 2700 592 2716 ‚
620 2687 734 2721 utpote
759 2678 1031 2713 Collucianistam
1042 2704 1051 2719 ,

165 2722 260 2757 idest
272 2748 283 2764 ‚
311 2723 369 2758 sub
394 2725 545 2760 Luciano
567 2725 786 2762 Antiochenae
806 2728 958 2763 Ecclesiae
969 2729 1050 2764 olim

163 2771 362 2814 Presbytero
374 2786 411 2808 ac
423 2775 569 2811 Doaore
580 2776 857 2822 Condiscipulutn
870 2803 880 2819 ,
891 2778 998 2813 statim
1011 2779 1052 2813 ab

167 2822 253 2858 Ario
272 2822 397 2858 dudum
418 2834 493 2859 ante
515 2824 600 2860 hanc
620 2827 794 2870 Synodum
816 2829 910 2862 fuisse
922 2829 1051 2863 invoca-

167 2874 295 2913 tum,&
308 2874 515 2917 pertinaciter
526 2876 558 2909 ei
570 2876 690 2910 favisse.
720 2877 798 2911 Erat
809 2878 859 2911 vir
870 2879 971 2923 Regii
983 2880 1052 2913 san-

167 2923 300 2967 guinis,
327 2923 467 2967 ideoque
479 2934 593 2968 potens
604 2925 703 2960 verbo
719 2927 753 2961 &
771 2939 877 2971 opere.
916 2930 996 2963 Erat
1017 2930 1050 2963 δε

167 2972 269 3007 Sorex
279 2972 458 3007 Palatinus.
486 2974 579 3008 Hinc
601 2975 710 3010 resista
727 2977 894 3020 Berytensi
905 2979 1050 3014 transivit

168 3021 209 3056 ad
219 3022 333 3067 Regias
343 3022 498 3057 Civitatis
509 3022 717 3059 Cathedram.
756 3027 891 3061 Etenim
914 3029 1051 3072 Impera-

168 3079 221 3106 tor
231 3072 464 3107 Diocletianus
484 3074 690 3109 Nicomedia
706 3075 917 3112 aedificaverat
936 3078 1051 3124 Augu-

167 3119 254 3156 stum
268 3122 546 3167 Palatium‚atque
557 3124 601 3157 ita
612 3123 683 3158 istic
690 3125 801 3160 fixerat
808 3126 925 3161 Sedem
934 3129 1051 3163 Orien-

167 3170 241 3204 talis
250 3171 394 3216 Imperii.
423 3174 467 3209 Et
478 3174 577 3207 istum
590 3173 770 3208 Eusebium
784 3199 794 3215 ‚
817 3187 932 3219 utpote
943 3178 1050 3221 primo

167 3221 345 3256 Orientalis
357 3246 368 3262 ‚
394 3232 428 3257 tu
434 3235 474 3257 nc
487 3222 633 3257 Ponticae
644 3224 833 3259 Dioeceseos
852 3227 1049 3271 Episcopum

167 3270 425 3312 quemdamnari
437 3298 447 3313 ,
462 3274 496 3308 &
506 3274 697 3308 auctoritate
708 3275 930 3310 circumscribi
944 3279 1050 3311 omni-

168 3318 215 3353 no
224 3321 396 3363 oportebat
407 3347 418 3363 ‚
429 3323 459 3356 S.
473 3322 664 3358 Alexander
675 3323 831 3359 damnare
842 3337 911 3359 non
920 3328 1029 3370 potuit
1040 3341 1046 3359 :

167 3369 263 3403 Hinc
273 3372 398 3405 censuit
411 3372 478 3415 ejus
492 3384 614 3407 nornen
626 3374 835 3409 inserendum
846 3375 986 3410 laudatis
996 3377 1051 3411 Li-

166 3418 244 3453 teris
254 3443 264 3459 ‚
290 3428 386 3464 atque
396 3421 440 3456 ita
462 3421 609 3457 hominis
629 3425 856 3459 auctoritatem
880 3425 1048 3471 ligandam

166 3469 201 3503 &
211 3467 417 3503 abolendam.
443 3472 537 3506 Hinc
549 3473 655 3516 ipsum
666 3486 735 3508 non
752 3473 926 3510 dumtaxat
937 3475 978 3511 de
990 3475 1049 3511 hae-

167 3518 271 3555 rerico
282 3517 412 3556 Arianae
423 3520 632 3564 Blasphemiae
643 3525 829 3568 patrocinio
843 3527 983 3570 notavit,
993 3527 1048 3563 sed

270 3568 391 3614 affert.
402 3572 524 3606 Prooem.
537 3574 615 3608 Tem.
626 3577 652 3608 Ι.

1115 2780 1262 2822 Ecclefia,
1289 2782 1398 2815 &tota
1409 2785 1547 2815 civitate
1553 2779 1722 2824 profi-ribit.
1746 2780 1899 2814 Affirmat
1912 2777 1997 2814 Ario

1115 2831 1208 2865 fuisse
1234 2830 1392 2874 plurimos
1412 2832 1587 2865 Sestatores
1608 2856 1619 2871 ,
1655 2831 1689 2864 δε
1711 2829 1863 2874 adjungit
1886 2842 1892 2861 :
1921 2834 1999 2864 Hine

1117 2884 1184 2913 Ario
1202 2881 1359 2923 longiorem
1377 2887 1410 2913 in
1434 2881 1511 2914 Urbe
1532 2892 1645 2914 moram
1664 2879 1802 2913 trahente
1821 2904 1832 2920 ,
1871 2887 1998 2913 moritur

1118 2929 1266 2972 confessor
1293 2932 1431 2963 Meletius
1458 2942 1493 2963 ac
1520 2933 1642 2968 Martyr.
1691 2935 1818 2963 Interim
1840 2932 1928 2962 Arius
1955 2931 1999 2963 di-

1116 2986 1246 3013 vortium
1266 2991 1301 3013 ac
1319 2981 1462 3019 diffidium
1483 2980 1589 3022 ubique
1601 2979 1724 3021 faciens
1743 3005 1753 3020 ‚
1792 2980 1826 3013 <st
1843 2985 1875 3011 in
1896 2978 1996 3023 um'us-

1114 3028 1254 3072 cujusque
1278 3036 1414 3062 animum
1438 3031 1544 3063 callide
1556 3028 1591 3072 se
1610 3028 1760 3070 insinuans
1776 3053 1786 3069 ‚
1812 3029 1919 3062 multos
1926 3037 1996 3071 per-

1115 3081 1203 3113 didit.
1239 3081 1301 3112 Sed
1323 3080 1374 3112 ubi
1396 3077 1594 3122 deprehensus
1617 3078 1677 3119 est,
1702 3081 1737 3113 (9
1760 3085 1792 3112 in
1809 3078 1885 3113 Urbe
1895 3086 1996 3114 convi-

1114 3130 1200 3169 c‘lus,
1223 3138 1314 3171 atque
1336 3136 1464 3162 omnium
1482 3134 1630 3170 praeconio
1651 3129 1807 3162 traductus
1830 3154 1840 3170 ‚
1867 3130 1996 3163 Alexan-

1114 3181 1183 3212 dria
1204 3178 1329 3222 fugiens
1351 3203 1361 3218 ‚
1397 3185 1429 3210 in
1455 3178 1635 3218 Palestinam
1654 3178 1736 3212 abiit.
1776 3179 1860 3227 Qae
1881 3191 1923 3214 an
1946 3191 1997 3214 ve-

1114 3242 1148 3264 ra
1161 3230 1221 3262 sint
1233 3252 1244 3267 ‚
1270 3229 1314 3262 est
1329 3228 1421 3262 valde
1432 3228 1603 3263 incertum.
1640 3228 1776 3263 Etenim
1788 3229 1998 3274 Epiphanius

1113 3279 1301 3313 sceleratum
1330 3278 1507 3312 Meletium
1541 3277 1712 3313 infundat&
1740 3279 1881 3323 appellat
1908 3281 1999 3314 Con-

1113 3329 1259 3363 sessorem
1280 3339 1318 3361 ac
1341 3328 1532 3371 Martyrem.
1571 3327 1687 3372 AEque
1713 3329 1888 3365 infundate
1915 3324 1998 3363 affir-

1112 3389 1180 3413 mat
1204 3378 1308 3421 ipsum
1335 3377 1527 3413 defunctum
1538 3388 1614 3413 ante
1626 3378 1799 3414 Nicaenam
1810 3379 1995 3423 Synodum.

1113 3430 1199 3463 Infra
1225 3427 1395 3461 audiemus
1421 3426 1519 3463 illum
1539 3428 1706 3464 dicentem
1720 3454 1732 3470 ,
1757 3431 1847 3474 quod
1860 3429 1914 3463 hic
1926 3430 1996 3462 san-

1113 3480 1164 3513 cto
1184 3476 1375 3512 Alexandro
1393 3478 1618 3523 supervixerit.
1645 3479 1757 3527 Qare
1777 3478 1919 3513 omnin&
1932 3489 1997 3510 cre-

1112 3527 1178 3569 do,
1206 3526 1297 3573 quod
1320 3528 1445 3564 sanstus
1469 3528 1660 3566 Alexander
1682 3532 1771 3562 suarm
1794 3528 1997 3575 Sententiam

1580 3579 1616 3612 T
1668 3590 1689 3614 2
1889 3577 1998 3611 statim
