2346 3776
385 107 467 161 66)
836 91 1277 141 DISSERTATIO
1319 87 1746 142 PRoonIALis.

386 175 456 211 scio
467 187 532 220 qua
542 185 679 210 caverna
689 183 746 210 aut
758 173 882 219 angulo
895 186 902 205 :
918 173 985 207 Uti
998 172 1079 206 olim
1088 171 1172 214 apud
1185 171 1263 205 Car-

384 224 557 271 thaginem
570 222 771 263 Fortunatus
781 233 895 257 contra
909 223 938 256 S.
951 223 1154 266 cyprianum
1165 246 1176 261 ,
1203 231 1259 255 aut

384 276 504 315 Romae
515 275 766 312 Donatistarum
778 273 970 309 Emissarius
982 296 993 314 ,
1018 273 1054 306 in
1076 281 1192 306 monte
1203 271 1261 304 ali-

382 337 452 372 quo
467 336 524 361 aut
536 324 719 363 suburbana
729 334 818 367 rupe.
846 324 890 359 Et
898 322 980 359 hinc
992 323 1098 366 ipsum
1112 321 1259 365 expresso

381 377 521 411 nomine
531 375 699 412 damnavit
710 374 845 409 Nicaena
855 373 1017 418 Synodus.
1048 372 1185 406 Etenim
1206 371 1259 415 Ju-

382 426 447 462 lius
464 426 623 461 Pontifex
641 423 831 467 Carponarn
854 423 872 457 ὲ
892 423 964 458 solo
987 423 1017 457 S.
1042 421 1236 456 Alexandro
1250 445 1260 462 ‚

380 475 472 511 hunc
494 475 571 510 vero
594 473 723 512 Pistum
746 474 887 508 affirmat
913 474 1108 509 damnatum
1134 471 1176 507 ab
1198 472 1259 505 ista

380 527 481 561 etiam
504 524 653 568 Synodo.
691 524 803 561 Etiam
827 526 1007 561 Sarmatam
1032 548 1043 565 ‚
1071 521 1241 560 Achillam
1250 546 1260 561 ‚

380 574 547 620 Euzojum
560 600 572 618 ‚
599 575 744 611 Lucium
757 600 768 617 ,
789 575 937 619 aliosque
946 576 1069 620 primos
1081 571 1155 606 Arii
1170 571 1261 605 Con-

379 637 535 670 gerrones
555 627 757 663 nominatim
778 637 848 661 non
867 625 1036 659 damnavit
1056 621 1186 658 laudata
1197 621 1256 664 Sy-

379 675 497 711 nodus.
525 675 596 711 Cur
606 677 806 713 nominatim
817 675 985 711 damnavit
996 673 1124 708 Pistum
1137 672 1149 704 ?
1174 671 1258 705 Istos

379 735 417 760 ut
438 725 572 765 abunde
594 738 651 770 per
670 727 700 761 S.
728 725 955 762 Alexandrum
972 721 1170 767 proscriptos
1180 732 1259 755 con-

379 777 528 820 tempsit3
548 775 639 814 hunc
652 786 763 814 autem
775 800 785 820 ‚
797 775 885 819 quod
897 774 1003 809 Patris
1016 772 1066 808 sui
1076 770 1256 807 Thronum

378 827 532 861 tentasset
543 826 697 863 invadere
707 851 719 867 ,
746 825 873 860 censuit
885 822 997 861 durius
1009 821 1204 859 feriendum.

428 876 474 910 Et
485 876 522 910 in
532 877 591 913 suo
602 886 698 914 antro
709 877 738 913 is
749 874 845 910 latuit
856 875 960 918 usque
982 872 1024 908 ad
1047 872 1196 916 Tyrium
1215 870 1257 905 de

376 925 408 961 S·
421 924 606 960 Athanafio
616 925 795 972 Judicium.
822 924 927 959 Tunc
939 923 1107 961 Macarius
1119 921 1256 965 Presby-

342 986 344 988 ’
374 985 425 1011 ter
436 976 472 1009 N
474 975 705 1016 icomedienlis
715 975 851 1010 Eusebii
874 976 1020 1019 Legatus
1031 998 1041 1015 ,
1066 971 1151 1008 istud
1171 971 1257 1018 judi-

372 1025 465 1060 cium
477 1024 672 1072 supplicavit
683 1025 836 1065 admitti,
864 1025 897 1060 ὃς
909 1025 945 1058 in
955 1022 1189 1061 executionem
1201 1021 1255 1056 ad-

372 1074 484 1109 versus
495 1073 716 1110 Athanasium
729 1076 820 1111 mitti
831 1075 850 1109 a
862 1074 962 1119 Julio:
977 1072 1166 1110 Affirmavit
1179 1070 1256 1107 Ale-

372 1124 590 1160 xandriaeelse
601 1125 707 1163 alium
717 1126 892 1170 antiquum
905 1149 916 1166 ,
928 1136 966 1158 ac
977 1124 1060 1159 olim
1073 1123 1198 1171 paffum
1208 1123 1255 1163 in-

372 1174 471 1219 jurias
483 1174 687 1220 Episcopum
708 1176 838 1210 Pistum
848 1201 858 1218 ‚
886 1175 982 1210 suafit
1000 1174 1050 1208 illi
1072 1171 1255 1209 scribendas

373 1224 585 1268 Apostolicas
603 1225 714 1262 literas
723 1251 734 1268 ‚
760 1226 867 1273 ipsum
888 1223 930 1259 ab
954 1223 1150 1271 Apostolica
1173 1221 1254 1259 Sede

371 1274 567 1320 supplicavit
584 1275 803 1321 reparandum
826 1274 1146 1312 &confirmandum
1173 1273 1255 1309 Haec

370 1325 485 1362 omnia
506 1324 571 1360 alte
597 1326 743 1361 clamant
766 1326 896 1361 Pistum
921 1325 1016 1361 fuisse
1042 1324 1252 1369 Episcopum.

372 1375 446 1411 Nec
457 1376 550 1410 enim
562 1375 604 1410 ad
615 1376 778 1423 simplices
789 1375 1003 1419 Presbyteros
1013 1399 1024 1415 ‚
1052 1375 1122 1408 imo
1139 1384 1201 1408 nec
1213 1373 1254 1408 ad

371 1424 598 1460 Provinciales
617 1450 628 1467 ,
653 1438 712 1461 aut
734 1427 866 1470 quosvis
889 1426 992 1463 alieni
1012 1422 1254 1460 Patriarchatus

371 1475 621 1523 Metropolitas,
630 1476 684 1514 sed
697 1476 786 1510 solos
794 1473 1112 1518 Auto-cephalarum
1120 1473 1254 1510 Sedium

371 1525 556 1570 Episcopus
568 1524 762 1569 Apostolica
775 1525 942 1563 Cathedra
959 1525 1022 1559 isto
1044 1524 1160 1559 saeculo
1178 1535 1255 1559 con—

371 1577 476 1612 suevit
488 1575 626 1614 scribere
638 1576 964 1614 Communicatorias
982 1575 1100 1609 literas.
1129 1573 1256 1608 Praeser-

372 1626 435 1662 tim
447 1625 558 1661 literas
569 1626 851 1663 confirmatorias.
880 1626 925 1661 Et
947 1624 989 1659 ad
999 1624 1059 1660 ista
1068 1625 1183 1659 omnia
1196 1623 1255 1658 hm·

370 1675 407 1710 fit
419 1676 524 1719 Julius
537 1689 544 1708 :
559 1677 743 1725 Qousque
756 1688 812 1720 per
825 1674 1038 1713 &Athanafii
1049 1675 1195 1720 Legatos
1206 1684 1256 1708 ve-

370 1737 404 1760 ra
413 1726 601 1769 doceretur.
628 1726 789 1762 Notanda
803 1727 877 1762 sunt
890 1725 968 1770 Julii
989 1724 1087 1760 verba
1111 1738 1118 1757 :
1146 1728 1256 1758 Etiam

369 1777 445 1811 dum
457 1775 633 1819 Athanasius
645 1776 811 1821 Episcopus
835 1777 1035 1811 Alexandriae
1057 1773 1251 1819 verfhbatur.

371 1826 520 1861 Edicunt
530 1827 620 1870 quod
634 1827 669 1861 N.
671 1827 897 1862 icomedienlis
908 1826 1070 1861 Eusebius
1084 1825 1187 1859 etiam
1198 1834 1256 1857 ans

369 1886 403 1911 te
413 1876 652 1920 impetitum‘ac
665 1887 818 1913 vexatum
828 1877 846 1910 a
857 1876 967 1921 Tyria
992 1873 1131 1919 Synodo
1150 1871 1256 1907 Atha-

370 1926 494 1965 nasium
505 1926 603 1961 fixerit
623 1925 709 1961 istud
732 1924 951 1960 machinatus.
979 1922 1124 1958 Videtur
1145 1921 1253 1956 urfiffe

370 1974 589 2014 Athanalium
601 1977 663 2010 effe
675 1975 767 2011 Pisto
779 1975 1064 2020 superordinatum
1074 1997 1086 2014 ,
1111 1972 1255 2016 ideoque
1273 2003 1275 2007 ,

369 2026 403 2060 &
414 2024 666 2062 extrudendum.
694 2025 854 2067 Notanda
874 2025 950 2059 sunt
970 2023 1005 2057 δε
1016 2021 1084 2062 haec
1095 2022 1174 2066 Julii
1188 2032 1254 2056 ver·
1272 2037 1275 2069 j

370 2075 432 2112 ba:
461 2073 584 2117 Nosque
594 2076 659 2116 qius
667 2074 865 2119 praefhntiam
879 2086 937 2109 non
949 2073 1119 2109 admittere.
1134 2071 1255 2105 Domi·
1272 2093 1276 2098 -

370 2136 434 2161 nus
446 2124 631 2161 Cardinalis
642 2124 804 2159 Batonius
815 2137 858 2160 ex
874 2125 947 2168 ipsis
967 2123 1106 2157 affirmat
1126 2120 1254 2160 Pistum

371 2176 465 2210 ruisse
475 2184 650 2211 evocatum
673 2175 838 2216 Romam,
864 2175 899 2210 &
921 2184 992 2209 non
1013 2172 1189 2210 admissum
1211 2170 1256 2210 ad>

371 2227 584 2269 eonspeuum
594 2224 777 2260 Pontificis.
805 2225 919 2261 Palam
930 2222 1058 2259 labitur.
1086 2222 1254 2256 Macarius

371 2275 545 2319 Presbyter
556 2274 684 2310 videtur
694 2275 848 2311 obtuliffe
857 2273 940 2309 Pisti
961 2273 1164 2318 praesentiam
1179 2296 1189 2311 ‚
1216 2282 1253 2305 ac

373 2326 477 2371 Julius
498 2326 602 2373 ipsam
622 2325 848 2369 contempsisse
867 2337 884 2357 zv
905 2325 1015 2359 Fuiffe
1031 2322 1158 2357 Pistum
1172 2333 1254 2373 con-

373 2374 564 2411 stantiffime
573 2388 612 2410 ac
625 2375 806 2420 pleniffime
816 2376 987 2410 aversatus.
1009 2373 1092 2407 Non
1102 2382 1170 2408 erat
1183 2383 1255 2406 mo-

375 2427 448 2461 dica
459 2427 563 2460 causa.
591 2427 669 2460 Erat
692 2425 844 2470 palmaris
864 2436 935 2469 pars
955 2422 1148 2458 Eusebianae
1168 2421 1255 2467 lega-v

376 2475 486 2511 tionis.
513 2476 607 2510 Hinc
618 2477 685 2519 ipsa
697 2476 866 2510 frustratus
876 2475 1043 2509 Macarius
1056 2471 1231 2516 Presbyter
1242 2495 1253 2512 ,
1276 2492 1277 2497 =

375 2526 454 2561 licet
464 2534 604 2570 aegrotus
615 2549 625 2565 ‚
634 2525 694 2559 “de
706 2527 802 2559 nocie
810 2548 821 2564 ,
834 2525 998 2559 Pontifice
1009 2534 1079 2558 non
1092 2522 1230 2556 salutato
1242 2534 1253 2562 5

374 2575 487 2611 Roma
499 2576 637 2619 aufugit.
665 2576 748 2622 Qae
759 2576 873 2609 omnia
895 2575 1014 2608 iterum
1035 2572 1180 2607 clamant
1198 2571 1254 2605 Pi-

357 2660 359 2663 (
373 2627 461 2660 stum
480 2625 623 2660 omnino
643 2625 737 2660 fuiffe
767 2625 1012 2659 Histrionicum
1040 2621 1252 2656 Alexandriae

375 2676 587 2720 Episcopum.
615 2675 659 2709 Et
679 2673 744 2709 haec
764 2674 810 2709 est
830 2676 915 2709 ratio
928 2698 938 2714 ‚
964 2685 1024 2708 cur
1034 2672 1253 2707 Antiochena

374 2725 530 2770 Synodus
542 2736 612 2758 non
625 2724 713 2759 hunc
726 2724 853 2759 Pistum
865 2749 876 2765 ,
887 2724 941 2759 sed
955 2723 1155 2767 Gregorium
1169 2722 1254 2765 Cap-

374 2775 534 2821 padocem
544 2776 709 2810 intruserit
721 2775 756 2808 in
769 2773 951 2819 Thronum
962 2773 1062 2807 sancti
1072 2770 1252 2806 Athanasii.
1276 2819 1278 2821 ‚

376 2827 467 2874 Qia
479 2835 613 2860 noverat
625 2824 714 2859 hunc
726 2824 853 2859 Pistu'm
863 2826 882 2858 ὲ
895 2826 1005 2859 sansto
1016 2823 1105 2867 Julio
1114 2822 1177 2856 effe
1187 2822 1253 2865 jam

378 2875 634 2910 constantissime
644 2875 823 2919 projectum
835 2899 846 2915 ‚
872 2874 1014 2918 ideoque
1027 2885 1088 2907 nec
1100 2871 1254 2915 deinceps

378 2925 627 2959 admittendum.
657 2926 738 2973 Qio
750 2924 925 2970 postmodo
939 2924 1074 2959 evaserit
1082 2921 1254 2957 homoim—

381 2974 499 3018 probus
510 2999 520 3014 ‚
545 2977 645 3009 etiam
657 2976 789 3020 ignoro.

418 3024 474 3057 De
485 3024 611 3067 Euzojo
624 3037 661 3058 ac
674 3026 872 3069 Imperatore
887 3023 1086 3060 Constantio
1098 3022 1210 3057 scribit
1218 3023 1252 3056 in

384 3073 485 3106 Libro
496 3072 538 3106 de
549 3072 786 3109 Ariminenfi&
808 3075 1001 3110 seleuciensi
1024 3073 1169 3116 Synodis
1187 3073 1257 3106 san-

250 3121 368 3157 F01-698
385 3124 452 3155 stus
467 3122 677 3156 Athanasius:
692 3129 838 3159 Anomaeae
847 3132 1013 3168 impietatis
1028 3122 1253 3166 Ante-signanus

386 3171 575 3212 Constantius
587 3172 815 3214 haereticusfuit
830 3200 840 3215 ‚
866 3182 919 3218 qui
941 3175 1079 3217 adfinem
1089 3171 1256 3216 usqueper-

385 3233 510 3254 manens
523 3228 554 3254 in
564 3234 599 3255 ea
609 3228 763 3263 impietate
775 3247 784 3262 ‚
811 3237 844 3257 ac
856 3228 963 3259 demde
981 3231 1110 3258 moriens
1121 3248 1131 3264 ,
1159 3225 1255 3255 voluit

386 3283 443 3304 non
454 3273 473 3303 ἂ
481 3277 544 3312 piis
556 3278 634 3304 viris
648 3295 658 3310 ,
665 3270 725 3314 βά
734 3272 772 3303 ab
785 3276 815 3304 E
818 3278 900 3315 uzojo
914 3300 924 3315 ,
938 3288 994 3309 non
1000 3274 1094 3319 semel
1101 3298 1112 3313 ‚
1133 3271 1256 3316 sedsae-

379 3327 453 3363 pius
464 3320 498 3353 ob
511 3325 655 3353 Arianam
667 3320 805 3362 Haerest'm
815 3346 826 3361 ,
839 3325 872 3356 (¹5
883 3336 948 3357 cum
962 3330 1108 3358 Diaconus
1121 3323 1187 3365 efflet
1198 3346 1209 3363 ,
1221 3324 1256 3356 (9⁶

386 3383 450 3404 cum
462 3369 624 3403 Antiochia·
638 3368 775 3411 resideret
785 3395 795 3411 ‚
822 3373 943 3414 depofito
963 3376 1070 3416 rejec‘lo
1092 3374 1254 3414 baptizari.

386 3421 540 3454 Affirmat
550 3419 710 3462 Euzojum
721 3431 762 3452 ex
774 3421 931 3455 damnato
945 3424 972 3456 S.
986 3422 1169 3459 Alexandri
1179 3423 1259 3456 Dia-

385 3482 473 3506 cono
495 3469 630 3504 tandem
650 3470 817 3512 profecisse
837 3471 872 3504 in
900 3472 1089 3508 Antiochiae
1119 3472 1258 3510 Pati-iar-

1321 170 1417 208 cham
1427 198 1439 215 ,
1465 173 1559 208 fuiffie
1570 184 1650 208 tunc
1660 172 2066 217 Eunomianaeimpietatis
2075 175 2127 210 seu
2142 186 2198 220 pu·

1323 223 1432 267 ri-puti
1454 235 1510 267 per
1534 222 1693 257 AEthium
1717 235 1755 262 ac
1779 224 1990 259 vEunomium
2015 225 2197 261 resuscitati
2224 261 2229 265 ,

1323 271 1501 308 Arianismi
1511 273 1698 318 Principem
1707 298 1719 315 ‚
1743 274 1778 308 &
1789 274 1982 318 Imperatori
1994 274 2195 310 Constantio

1323 322 1566 368 adedplacuiffe
1577 348 1588 364 ‚
1602 333 1639 357 ut
1651 322 1706 358 hic
1718 324 1753 358 in
1762 325 1879 359 mortis
1891 326 1973 360 leue
1984 325 2128 360 voluerit
2137 337 2195 369 per

1324 373 1427 416 ipsum
1438 374 1604 418 baptizari.
1625 373 1779 417 Ejusdem
1790 376 1942 410 meminit
1954 377 1990 410 in
2001 375 2104 410 Libro
2115 387 2198 410 con-

1323 434 1371 458 tra
1381 424 1607 461 Luciferianos
1629 426 1755 459 sanstus
1774 425 2013 470 Hieronymus.
2042 425 2196 459 Affirmat

1323 473 1428 517 plures
1439 475 1583 510 Arianos
1593 475 1687 510 fuiffe
1699 487 1755 519 per
1765 476 1994 518 poenitentiam
2018 486 2169 520 receptos
2178 475 2197 509 a

1322 524 1456 559 Nicaena
1468 525 1606 568 Synodo
1618 550 1629 567 ,
1656 527 1690 560 ὅ(
1700 526 1911 561 Luciferiano
1930 538 2047 561 eorum
2058 527 2196 561 nomina

1322 574 1497 619 postulanti
1507 576 1699 620 respondet:
1718 575 1867 619 Eusebius
1879 576 2044 621 Episcopus
2057 581 2196 610 Nicome-
2209 600 2236 632 c

1322 623 1429 666 dienfis
1441 649 1451 664 ,
1461 625 1631 671 Tbeogonus
1643 626 1808 671 Episcopus
1819 630 1967 661 Nicaenus
1978 652 1988 668 ‚
1999 630 2057 661 Sar
2062 640 2112 667 as,
2123 637 2194 661 tunc

1323 674 1422 714 Libyae
1435 676 1590 715 Presbyter
1599 703 1609 718 ‚
1621 676 1770 721 Eusebius
1784 675 1951 720 Episcopus
1960 676 2124 720 Caesaraeae
2136 680 2196 710 Pa-

1318 724 1428 766 lestinae
1438 750 1449 767 ,
1476 727 1510 760 K'J‘
1521 729 1628 770 reliqui
1640 752 1650 768 ‚
1663 739 1733 770 quos
1746 739 1921 761 enumerare
1932 729 2049 771 longum
2060 727 2107 765 est.
2128 725 2195 770 Ipse

1319 785 1430 819 quoque
1441 784 1531 818 caput
1542 777 1645 811 horum
1657 780 1692 813 l&
1701 777 1795 822 causet
1802 778 1959 818 malorum,
1970 782 2061 810 Arius
2075 777 2197 815 Presby-

1319 834 1364 857 ter
1375 849 1386 865 ‚
1394 827 1428 860 ὁ·
1438 821 1578 868 Euzoius'
1587 831 1739 863 Diaconus
1750 853 1761 869 ‚
1771 834 1822 871 qui
1827 827 1892 870 post
1905 828 2081 860 Eudoxium
2093 830 2197 859 Antio-

1318 873 1426 909 cbe'nus
1433 876 1599 920 Episcopus
1603 878 1672 921 suit
1683 904 1693 919 ‚
1706 881 1741 913 ab·
1753 878 1882 912 Achillas
1894 878 2008 911 Let‘lor.
2030 881 2073 910 Hi
2084 883 2196 919 quippe

1317 934 1379 958 tres
1391 949 1402 965 ,
1411 927 1627 962 Alexandrina
1637 928 1771 971 Ecclefiae
1785 930 1892 962 Clerici
1902 953 1913 970 ,
1941 927 2087 962 authores
2098 927 2193 967 huJ‘us

1318 974 1467 1020 Haereseos
1477 977 1660 1020 exstiterunt.
1687 979 1757 1014 Hic
1775 978 1866 1013 vides
1888 990 1956 1013 non
1968 978 2078 1012 solum
2088 977 2198 1010 Euzo-

1315 1025 1384 1068 jum
1394 1049 1406 1066 ‚
1432 1026 1486 1061 sed
1499 1029 1600 1063 ctiam
1611 1027 1782 1064 Achillam
1793 1029 1979 1072 poenituisse
1992 1052 2002 1069 ‚
2018 1035 2077 1062 aut
2088 1027 2199 1060 forsan

1318 1075 1548 1119 poenitentiam
1565 1079 1727 1114 fimulaffe
1736 1077 1758 1121 ’,
1784 1079 1819 1113 ὅτ.
1841 1079 1925 1113 laica
1946 1077 2203 1114 Communione,

1317 1125 1409 1160 fuisse
1421 1125 1564 1161 donatos
1576 1127 1746 1162 a‘Nicaeno
1757 1129 1916 1162 Concilio
1930 1153 1941 1170 ,
1966 1129 2040 1163 διδ.
2052 1127 2201 1162 Alexan-

1316 1175 1366 1209 dri
1376 1178 1728 1212 excommunicatione
1749 1178 1928 1211 exsolutos.
1955 1176 2067 1211 Euhie
2078 1174 2199 1210 Achil-

1316 1226 1362 1262 las
1371 1226 1416 1260 est
1429 1226 1573 1260 omnino
1586 1228 1893 1271 supra-memoratus
1901 1224 1976 1261 Arii
1990 1226 2113 1261 Sosius.
2142 1225 2199 1259 Est

2237 601 2315 640 apa}

1316 1276 1406 1311 enim
1415 1274 1650 1312 Alexandrinae
1664 1276 1812 1313 Ecclefiae
1823 1277 1972 1311 Clericus
1985 1301 1995 1317 ‚
2006 1280 2098 1311 unus
2110 1275 2128 1310 ὲ
2139 1276 2202 1319 pri-

1316 1325 1502 1361 misAriani
1515 1327 1664 1372 contagii
1678 1324 1885 1362 Austoribus.
1899 1327 1970 1361 Cur
1980 1326 2058 1360 vero
2071 1326 2102 1363 S.
2116 1327 2200 1359 His>

1316 1388 1477 1421 ronymus
1487 1375 1618 1421 ipsum‚'
1644 1387 1743 1421 quem
1766 1376 1895 1411 constat
1919 1376 2015 1411 fuisse
2025 1375 2200 1419 presbyt&

1317 1438 1389 1461 rum
1399 1451 1411 1468 ,
1419 1426 1561 1471 appellet
1571 1427 1745 1461 Lector-em
1755 1451 1766 1468 ‚
1777 1426 1905 1471 Ignoto„
1918 1425 2200 1464 EundemTheo

1316 1477 1450 1512 doretus
1462 1477 1554 1521 supra
1566 1474 1657 1511 dixit
1663 1477 1865 1511 Diaconum.
1889 1476 1923 1510 Si
1935 1475 2030 1510 detur
2038 1474 2200 1518 conjessw

1317 1527 1411 1562 randi
1421 1527 1559 1561 facultas
1569 1551 1587 1568 ,-
1605 1526 1716 1561 dicam
1737 1527 1843 1570 ipsum
1865 1527 1896 1561 S.
1908 1525 2093 1560 Alexandri
2104 1525 2197 1559 dum·

1317 1586 1407 1612 taxat
1418 1578 1592 1612 Lestorem
1603 1574 1698 1615 fuisse
1708 1601 1719 1618 ,
1746 1576 1764 1610 a
1775 1575 1931 1611 Secundo
1938 1575 2199 1620 Pentapolitana
2217 1585 2224 1592 ·

1319 1626 1487 1662 successive
1507 1628 1545 1662 in
1566 1627 1758 1662 Diaconum
1779 1639 1818 1662 ac
1845 1626 2078 1671 Presbyterum
2101 1626 2199 1660 fuiffe

1318 1686 1521 1722 promotum.
1535 1677 1631 1713 Hinc
1639 1674 1776 1713 Nicaena
1787 1676 1942 1721 Synodus
1952 1687 2021 1714 non
2030 1675 2175 1722 agnovit
2187 1699 2200 1716 ‚

1317 1728 1377 1763 nifi
1389 1737 1425 1762 ut
1436 1727 1616 1764 Leuorem.
1640 1727 1842 1776 depostea
1852 1727 1989 1761 evaserit
1999 1750 2011 1767 ,
2038 1727 2171 1770 ignoro.
2186 1750 2192 1754 .

1367 1777 1598 1824 Pergamusad
1612 1778 1784 1820 Euzojum.
1813 1776 2039 1818 Subitusefius
2057 1775 2128 1818 post
2141 1774 2201 1818 Sy:-

1318 1826 1446 1861 nodum
1457 1827 1734 1870 relapsusevincit
1755 1826 1824 1869 ejus
1849 1826 2081 1869 poenitentiam
2105 1824 2202 1859 fiiiffe

1318 1875 1526 1910 ambitiosam
1536 1887 1575 1911 ac
1584 1875 1774 1911 simulatam.
1798 1877 1851 1909 Ex
1861 1876 1961 1910 Laica
1972 1875 2196 1909 Communic-

1317 1936 1360 1959 ne
1371 1925 1510 1969 speravit
1528 1937 1587 1969 per
1601 1926 1758 1960 Ecclefiae
1779 1926 1814 1958 δε
1836 1924 2020 1959 Alexandr-i
2043 1925 2199 1959 Clemen—

1317 1976 1398 2009 tiam
1408 1975 1560 2018 repedare
1568 1977 1607 2008 ‘in
1621 1976 1848 2010 Diaconatum
1863 1987 1869 2006 :
1897 1975 1992 2009 Hinc
2015 1974 2106 2009 enim
2117 1985 2199 2009 mox

1315 2024 1336 2058 a*
1343 2024 1483 2068 Synodo
1492 2027 1639 2060 versutus
1646 2026 1682 2059 N
1684 2025 1955 2059 icomedienfium
1967 2023 2141 2065 A·ntistes·‚
2156 2035 2196 2059 ac

1315 2074 1423 2118 impiae
1435 2076 1602 2111 Fastionis
1610 2075 1725 2110 ductor
1748 2074 1908 2109 Eusebius
1931 2086 2068 2109 omnem
2091 2073 2199 2110 movit

1305 2123 1461 2168 'laPidem
1473 2126 1541 2170 qud
1551 2123 1713 2160 &Arium
1726 2125 1760 2159 δε
1773 2124 1936 2168 Euzojum
1950 2125 2051 2158 etiam
2064 2124 2198 2159 Gradui

1305 2173 1471 2209 lredderet.
1499 2176 1544 2209 Et
1564 2177 1622 2210 suo
1644 2174 1766 2219 patello
1789 2174 1924 2209 tandem
1942 2175 2061 2218 reperit
2082 2184 2197 2218 aptum

1314 2225 1549 2268 cooperculum
1562 2237 1570 2266 3
1585 2224 1743 2271 Augustae
1754 2225 1956 2259 Constantiae
1965 2249 1975 2264 ,
1988 2235 2059 2267 quae
2069 2224 2195 2269 Magni

1315 2274 1527 2313 Constantini
1540 2277 1630 2310 soror
1643 2275 1798 2320 Augusto
1819 2274 1954 2309 Licinio
1976 2274 2060 2308 olim
2082 2275 2196 2317 nupse²

1314 2329 1389 2365 rat,'
1405 2323 1625 2359 domesticum
1636 2324 1870 2369 Presbyterum
1884 2349 1894 2364 ‚
1919 2324 2090 2358 occultum
2103 2323 2196 2357 Aria-

1315 2385 1404 2409 num.
1431 2375 1489 2409 Ab
1500 2374 1566 2410 hoc
1587 2376 1831 2418 circumscripta
1855 2370 2052 2408 Constantia
2076 2373 2197 2411 Arium

1314 2425 1561 2460 commendavit
1572 2426 1606 2460 ὅ(
1619 2425 1735 2460 induci
1748 2426 1826 2459 fecit
1846 2423 1888 2458 ad
1909 2423 2102 2469 Augustum
2119 2423 2198 2456 Fra-

1315 2484 1397 2508 trem
1410 2499 1421 2514 ,
1447 2476 1482 2510 &
1493 2476 1593 2510 Arius
1606 2476 1716 2510 secum
1728 2474 1823 2509 duxit
1845 2474 2020 2517 Euzojum.
2045 2473 2108 2506 Hae
2124 2472 2196 2507 duae

1314 2525 1512 2568 nequissimae
1525 2526 1653 2569 Viperae
1663 2526 1818 2559 dolosum
1841 2524 1918 2558 fidei
1940 2525 2001 2558 suae
2024 2522 2196 2560 Libellum

1314 2575 1507 2609 obtulerunt
1519 2577 1650 2620 optimo
1661 2574 1809 2618 Principi
1818 2599 1828 2615 ,
1857 2574 2079 2618 persuaserunt
2099 2573 2131 2606 se
2145 2572 2196 2606 fiia

1314 2636 1386 2658 mos
1399 2625 1526 2659 Nicaeni
1538 2624 1690 2669 Syinboli
1702 2625 1900 2658 Professores
1909 2647 1919 2663 ‚
1931 2623 1965 2655 &
1976 2623 2196 2665 impetrarunt

1314 2675 1422 2708 Sacras
1432 2675 1473 2709 ad
1484 2675 1514 2708 S.
1526 2674 1744 2709 Athanasium
1756 2674 1914 2717 Juffiones
1923 2697 1933 2712 ‚
1959 2682 1996 2705 ut
2009 2673 2070 2706 suo
2087 2672 2194 2706 etiam'

1315 2724 1439 2759 Gradui
1452 2724 1671 2759 redderentur.
1701 2725 1746 2758 Et
1756 2723 1833 2767 quia
1854 2724 1883 2757 S.
1908 2721 2108 2757 Athanasius
2118 2721 2196 2765 egit

1315 2786 1428 2809 verum
1436 2775 1575 2808 Nicaenae
1599 2773 1727 2817 Synodi
1747 2772 1936 2813 custodem,
1963 2782 2076 2817 aperto
2100 2770 2191 2804 bello

1314 2836 1410 2870 agere
1419 2825 1511 2868 caepit
1522 2824 1703 2865 Eusebius,
1729 2822 1995 2866 conjurationem
2016 2822 2092 2856 iniit
2111 2831 2190 2854 cum

1315 2875 1507 2909 Meletianis
1516 2899 1527 2915 ,
1552 2876 1587 2908 &
1607 2876 1678 2908 suas
1688 2873 1871 2908 calumnias
1880 2872 2021 2907 deduxit
2029 2871 2070 2905 ad
2082 2872 2103 2904 S
2106 2881 2188 2913 yno-

1314 2925 1394 2959 dum
1404 2924 1547 2967 Tyriam
1557 2936 1595 2958 ac
1607 2923 1957 2966 Hierosolymitanam.
1985 2922 2029 2955 Et
2040 2919 2107 2954 haec
2118 2930 2192 2953 tan-

1314 2975 1390 3009 dem
1399 2973 1520 3008 Arium
1533 2986 1570 3008 ac
1583 2973 1746 3016 Euzojum
1758 2972 1899 3007 reddidit
1910 2971 2035 3006 Gradui
2047 2994 2058 3010 ‚
2069 2970 2103 3003 &
2114 2981 2190 3004 exe-

1316 3026 1407 3059 cutio
1421 3025 1450 3059 S.
1463 3022 1655 3058 Alexandro
1668 3021 2044 3066 Constantinopolitano
2058 3020 2191 3063 Episco-

1316 3087 1359 3118 po
1371 3076 1434 3109 fuit
1445 3074 1652 3109 demandata.
1665 3073 1792 3107 Verum
1803 3071 1857 3105 hic
1867 3080 1935 3105 erat
1948 3070 2030 3104 alter
2040 3069 2191 3104 Athana-

1316 3126 1396 3159 lius:
1424 3125 1504 3168 Ejus
1515 3124 1555 3158 ad
1563 3126 1677 3158 Deum
1694 3134 1804 3167 preces
1823 3121 1942 3155 Arium
1964 3120 2053 3160 vita,
2080 3119 2188 3153 Euzo-

1315 3176 1383 3218 jum
1394 3175 1489 3208 omni
1503 3176 1555 3218 spe
1567 3175 1742 3217 privarunt.
1769 3170 1862 3204 Hinc
1881 3170 1938 3204 ille
1950 3193 1960 3209 ‚
1987 3169 2029 3204 ab
2041 3170 2188 3204 Alexan·-

1315 3225 1385 3259 dria
1397 3225 1567 3268 desperans
1589 3224 1672 3258 abiit
1692 3224 1726 3256 in
1750 3221 1897 3263 Syriam,
1922 3231 1961 3253 ac
1980 3219 2028 3254 ibi
2049 3220 2186 3261 tandem

1316 3275 1464 3319 pervenit
1475 3274 1515 3308 ad
1529 3271 1787 3309 Patriarchatum
1802 3268 2054 3303 Antiochenum
2067 3296 2074 3302 .
2102 3271 2188 3317 Qae

1315 3326 1430 3359 omnia
1441 3324 1505 3358 late
1515 3324 1614 3358 habes
1634 3321 1720 3366 apud
1739 3321 1904 3354 Socratem
1918 3343 1928 3359 ‚
1954 3331 1991 3353 ac
2010 3318 2185 3354 Hermiam
2201 3331 2320 3363 mus:

1316 3375 1548 3409 Zozomenum
1570 3388 1577 3406 :
1613 3374 1657 3406 Et
1679 3381 1740 3404 nos
1757 3371 1817 3403 suo
1836 3369 1913 3402 loco
1938 3369 2185 3404 elucidabimus.
2205 3380 2306 3409 19.z1.

1316 3425 1396 3467 Ejus
1406 3425 1447 3458 ad
1461 3422 1717 3458 Patriarchatum
1729 3420 1895 3463 promotio
1907 3419 1950 3453 est
1965 3421 2046 3454 fasta
2055 3431 2110 3464 per
2121 3417 2189 3452 An·
2204 3412 2266 3441 Db·
2300 3422 2324 3438 ²·

1315 3473 1508 3509 tiochenam
1521 3472 1691 3517 Synodum
1705 3496 1715 3512 ‚
1742 3471 1777 3503 in
1789 3481 1854 3514 qua
1865 3469 2059 3504 Eusebianae
2075 3470 2189 3504 fastio-
2204 3459 2265 3489 ‘³³9’
2281 3452 2325 3478 ²5⁸

2138 3529 2188 3552 nis
