2346 3776
312 88 368 151 '86
790 91 1228 143 DissmtTA‘rm
1280 85 1709 147 Pnomvmmms,

325 169 438 217 nissen*
463 183 600 209 omnem
610 172 701 208 illam
713 168 929 209 tamenref‘ert
940 173 979 208 ad
991 172 1122 206 Patrem
1133 194 1143 211 ,
1168 182 1206 205 ac

326 225 417 264 Patri
437 226 591 259 reservat(
612 224 740 258 Eodem
752 223 854 257 modo
873 224 970 258 istum
981 223 1093 257 locum
1103 221 1209 255 Evan-

327 275 407 320 gelii
430 277 568 319 exponit
592 274 627 307 in
652 274 773 308 Literis
794 273 836 307 ad
861 275 1005 308 sanetum
1033 269 1210 314 Amphilo-

273 345 279 358 ι
327 324 444 360 chium
456 336 595 370 magnus
606 324 740 358 Bafilius
749 337 759 356 e
787 325 867 357 Illud
874 349 885 365 ,
895 335 992 358 nemo
1005 322 1098 356 novit
1108 318 1208 361 diem,

329 389 388 413 non
408 377 494 409 aliud
505 374 698 418 subindicat,
724 375 816 416 quam
835 385 935 407 rerum
945 370 1209 415 cumpraesentium

328 439 394 465 tum
409 425 587 467 futurarum
607 448 617 464 ‚
638 420 796 466 seientiam
814 427 904 457 Patri
925 425 1076 466 imprimis
1100 419 1211 465 adscri-

325 481 474 516 bendam,
495 481 685 517 primamque
707 481 836 508 omninm
859 474 984 518 cauffitm
1008 476 1131 506 Patrem
1140 471 1211 514 effe,

326 530 380 566 boc
398 524 459 569 ipso
477 524 663 558 arbitramur
681 523 835 572 designari.
873 525 918 559 Et
949 525 986 558 'm
1009 523 1072 556 suis
1092 522 1210 555 Excer-

325 580 390 624 ptis
412 574 563 610 laudatus
586 573 863 622 Amphilochius:
891 576 968 608 Cum
979 573 1148 607 Dominus
1167 571 1212 603 di-

320 637 388 669 ·cit,
416 626 457 660 de
467 625 521 660 die
533 624 590 659 illa
611 632 704 668 neque
725 627 825 660 Filius
848 626 944 660 novit
966 648 977 663 ,
1012 621 1067 663 nist
1089 623 1204 660 Pater,

322 691 385 715 non
404 678 479 712 Filii
499 681 698 719 ignorantiam
720 682 881 710 ementitur
892 699 904 716 ‚
923 673 982 717 fied
995 677 1117 713 exponit
1128 668 1211 713 caus-

321 729 391 777 sam
408 726 552 771 scientiae.
586 730 676 758 Nam
691 732 764 768 quia
785 731 884 759 omnia
907 732 1097 766 quaecumque
1120 719 1209 753 habet

326 783 424 814 Pater
435 802 446 819 ,
467 778 574 820 palam
594 777 670 809 Filii
673 774 700 819 s
695 787 768 817 unt,
793 786 887 817 neque
902 773 1001 806 Filius
1014 796 1024 812 ‚
1050 769 1106 812 nifi
1114 769 1207 803 Patre

326 831 456 865 habente
470 853 480 868 ,
506 838 603 861 eorum
625 832 762 859 notitiam
781 825 902 859 haberet
922 837 932 856 .-
973 827 1012 855 At
1023 827 1094 863 quia
1116 823 1208 853 Pater

328 881 419 915 babet
442 892 449 912 z
485 876 650 920 Confessum
670 888 736 921 ergo
755 875 793 916 est
805 900 817 917 ,
842 873 949 908 babere
973 878 1065 905 etiam
1083 871 1206 904 Filium.

325 928 542 966 Demonstrat
562 937 678 961 vocem
691 951 701 967 ,
729 925 804 968 nist,
831 935 900 960 non
922 924 1046 965 semper
1058 919 1211 955 exclude-

326 993 379 1020 re,
405 978 460 1013 sed
482 977 682 1022 quandoque
703 976 831 1010 edicere
851 974 994 1009 caussam
1006 996 1018 1013 ‚
1044 972 1077 1005 &
1090 970 1210 1016 pergit:

327 1034 374 1064 Sic
395 1037 498 1071 itaque
517 1034 608 1062 etiam
629 1026 679 1060 hoc
700 1028 756 1059 loco
769 1051 779 1067 ‚
804 1036 899 1068 neque
912 1025 1010 1056 Pilius
1023 1027 1132 1062 novit,
1160 1019 1216 1063 nisi

329 1084 432 1114 Pater.
461 1081 546 1122 ,Quia
558 1089 626 1125 ergo¹
636 1083 722 1111 novit
733 1079 826 1111 Pater
838 1100 849 1116 ‚
875 1073 1030 1116 confessum
1046 1071 1085 1112 est
1096 1096 1106 1111 ,
1133 1072 1214 1114 quod

330 1133 365 1166 (¹5
388 1131 497 1164 Filius.
525 1133 615 1161 Dixit
633 1139 699 1172 ergo
718 1127 846 1171 caussam
860 1125 993 1170 seientiae
1018 1147 1029 1163 ,
1056 1133 1113 1155 non
1125 1121 1214 1163 falso

329 1181 462 1225 adfinxit
485 1184 694 1223 ignorantiam.
738 1177 866 1211 Eodem
889 1174 956 1210 fere
981 1172 1084 1207 modo
1103 1171 1214 1206 locum

329 1230 467 1275 exponit
486 1231 612 1263 sanstus
644 1227 852 1271 Epiphanius
869 1249 880 1266 ‚
918 1234 987 1259 tam
1015 1224 1047 1256 in
1071 1220 1214 1256 Panario

196 1280 300 1318 uaeres.
331 1282 457 1320 Libro,
484 1278 582 1323 quam
604 1279 640 1310 in
661 1276 766 1311 Libro
789 1275 971 1311 Ancorato.
999 1273 1044 1307 Et
1064 1272 1215 1317 adjungit

192 1330 313 1359 ‹iac-43*
331 1332 422 1366 istius
444 1328 639 1373 Evangeliei
660 1327 727 1362 loci
747 1337 882 1371 pravum
905 1323 1106 1359 intellestum
1124 1323 1215 1356 fuiffie

193 1374 255 1440 gp
268 1372 314 1431 ’ἐζ
329 1381 349 1416 ἐ
367 1379 587 1426 pertinacibus
609 1378 811 1423 argumentis
833 1375 918 1410 Arii.
956 1375 1036 1408 Hoc
1055 1374 1160 1417 ipsum
1181 1373 1214 1407 in

197 1454 241 1472 ιι.
257 1452 301 1470 22.
330 1443 424 1466 nono
443 1430 484 1464 de
506 1429 699 1462 sanfflffima
720 1428 890 1461 Trinitate
909 1424 1013 1459 Libro
1025 1423 1136 1459 scribit
1148 1424 1216 1457 san-

329 1484 398 1516 stus
424 1480 573 1513 Hilarius
599 1477 809 1512 pictaviensis
841 1476 1023 1519 Episcopus
1046 1487 1054 1506 z
1099 1473 1216 1507 Ariani

320 1542 476 1574 'tanquam
494 1529 678 1572 indiffitlubili
695 1528 851 1571 abnegatae
874 1530 1060 1559 Divinitatis
1074 1522 1218 1566 profefflo-

328 1594 367 1616 ne
383 1580 559 1625 subvertisse
576 1577 611 1621 se
629 1578 722 1620 fidem
743 1575 1074 1619 Ecclefiaegloriantur‚
1099 1574 1163 1607 cum
1172 1584 1218 1606 re-

328 1634 451 1675 legunt,
476 1631 515 1663 de
536 1630 584 1662 die
606 1638 706 1663 autem
726 1629 780 1661 illa
800 1629 834 1661 (5
846 1626 918 1660 bora
930 1637 1013 1659 nemo
1018 1623 1077 1667 scit
1090 1648 1100 1664 ,
1126 1634 1217 1665 neque

333 1683 436 1726 Angeli
458 1686 490 1713 in
509 1681 588 1712 coelis
601 1703 611 1718 ,
637 1675 735 1721 neque
759 1679 860 1710 Filius
884 1701 895 1716 ,
931 1674 988 1717 m‘fi
1004 1677 1098 1708 Pater
1110 1672 1190 1717 solus
1206 1697 1216 1713 ‚

332 1744 389 1765 non
399 1737 478 1766 enim
489 1731 611 1764 videtur
624 1728 810 1770 exequabiits
818 1736 875 1768 per
888 1730 1084 1759 nativitatem
1093 1723 1145 1767 effe
1167 1735 1218 1755 na-

330 1793 400 1816 tura
415 1806 425 1822 ‚
451 1791 519 1823 quae
530 1784 724 1823 ignorationis
729 1777 768 1820 fit
779 1778 942 1817 neceffitate
953 1773 1076 1818 diversa
1089 1798 1100 1813 ,
1112 1775 1147 1807 6·
1159 1775 1218 1805 Pa-

329 1843 376 1867 ter
383 1830 503 1875 sciendo
519 1841 553 1863 ac
563 1831 663 1862 Filius
675 1827 826 1871 nesciendo
836 1824 1024 1867 inanifestent
1043 1824 1221 1863 difflmilitu—

328 1884 431 1916 dinem
445 1885 630 1913 Divinitatis
642 1902 653 1918 ‚
680 1882 753 1919 quia
773 1878 807 1910 ό·
830 1882 965 1919 ignorare
987 1876 1070 1906 Deus
1081 1871 1160 1904 nihil
1169 1872 1219 1903 de-

327 1933 399 1965 beat
411 1955 421 1971 ,
448 1931 482 1965 <5
499 1935 640 1974 ignorans
665 1939 723 1960 non
735 1925 954 1968 comparandus
963 1921 1001 1964 fit
1012 1924 1056 1955 ad
1063 1920 1216 1965 scientem.

328 1980 504 2026 Evangelii
515 1980 629 2014 locum
640 1977 727 2012 varie
738 1977 838 2011 versat
857 1999 868 2015 ,
895 1974 1010 2008 Graeco
1020 1983 1111 2006 more
1123 1982 1219 2014 expo-

190 2053 245 2086 1³01
263 2064 301 2089 90
328 2033 381 2066 nit
395 2056 405 2072 ,
433 2042 470 2064 ac
481 2029 616 2064 tandem
627 2029 662 2061 in
677 2027 808 2062 decimo
821 2023 924 2058 Libro
935 2021 1125 2058 concludit:
1149 2018 1219 2063 Res-

190 2075 278 2131 δερ),
302 2074 309 2081 ’
322 2078 667 2126 pondentesstulttfflmis
679 2089 778 2111 eorum
794 2073 1017 2120 prffeffionibus
1028 2096 1039 2112 ‚
1065 2070 1158 2114 usque
1177 2070 1221 2102 ad

310 2140 474 2177 „ignoratae
497 2129 578 2164 borae
600 2128 806 2173 descendimus
826 2122 1100 2165 demonstrationem
1111 2134 1125 2163 ,-
1152 2131 1219 2169 quae

329 2180 446 2224 etiamst
454 2180 616 2224 secundum
633 2180 698 2213 illos
723 2180 744 2211 a
764 2178 844 2212 Filio
864 2171 1049 2218 apprehensa
1062 2184 1118 2205 non
1129 2172 1196 2215 ejset
1209 2196 1219 2211 ‚

326 2243 432 2267 tamen
450 2232 487 2264 id
503 2232 548 2264 ad
559 2231 763 2264 contumeliam
784 2232 971 2261 Divinitatis
983 2229 1149 2267 Unigenieae
1162 2233 1219 2254 non

322 2289 515 2326 pertineret,
541 2287 614 2323 quia
634 2290 746 2314 natura
764 2290 821 2312 nen
836 2277 958 2319 finer,
984 2284 1019 2310 ut
1029 2286 1095 2308 eum
1107 2278 1220 2306 nativi-

329 2344 380 2368 tas
397 2340 590 2376 retro-ageret
602 2332 648 2364 ad
657 2327 905 2373 innascibilitatis.
912 2325 1110 2360 ininitabilem
1118 2322 1218 2366 substi-

329 2389 494 2423 tutionem,
515 2379 654 2423 potestati
669 2379 736 2423 suae
759 2382 853 2412 Patre
868 2384 1059 2411 momentum
1079 2376 1217 2417 definien-

331 2435 366 2466 di
385 2431 484 2466 adbuc
509 2433 569 2464 diei
588 2432 632 2463 ad
650 2429 921 2469 demonstrationem
931 2428 1120 2461 audioritatis
1136 2430 1222 2456 inna-

327 2481 442 2527 scibilis
465 2479 649 2523 reservante.
685 2479 821 2514 Unicus
843 2478 910 2512 fere
932 2477 952 2511 ὲ
977 2472 1107 2512 Latinis
1127 2473 1222 2508 Hila—

330 2534 400 2567 rius
417 2530 659 2575 Evangelicum
679 2529 793 2562 locum
813 2529 859 2561 ita
880 2527 1040 2571 exposuit.
1068 2525 1141 2559 Alii
1154 2525 1218 2567 paiz

331 2583 394 2617 {im
406 2582 550 2615 referunt
572 2579 613 2613 ad
633 2578 828 2622 assumptam
839 2576 1089 2612 humanitatem.
1116 2574 1219 2622 Qod

173 2651 194 2667 ι.
332 2632 440 2675 ipsum
461 2625 704 2674 magis‘pr'obat
721 2628 871 2662 laudatus
891 2628 1051 2661 Hilarius.
1078 2624 1111 2659 A
1133 2625 1223 2659 Con-

332 2682 457 2716 stantio
478 2680 674 2723 proscriptus
686 2701 698 2720 ,
725 2678 852 2713 dudum
864 2679 948 2712 vixit
959 2677 1045 2721 apud
1067 2676 1200 2710 Graecos
1211 2700 1221 2715 ‚

334 2733 369 2767 &
380 2742 458 2767 cum
469 2730 543 2774 ipsis
554 2730 587 2763 in
600 2729 793 2763 Seleucienfi
806 2728 944 2771 Synodo
955 2753 966 2768 ‚
991 2739 1028 2761 ac
1041 2727 1122 2761 item
1135 2726 1220 2769 apud

334 2779 666 2823 Constantinopolim
676 2780 762 2812 varia
773 2780 841 2823 egit
854 2791 864 2811 .-
894 2779 987 2812 Hinc
1006 2778 1040 2811 ὃ(
1064 2775 1163 2810 istum
1183 2776 1220 2808 il-

337 2832 446 2866 lorum
461 2829 750 2864 commentarium
773 2827 922 2872 probavit
942 2852 954 2868 ,
980 2839 1017 2861 ac
1038 2826 1155 2862 detulit
1180 2826 1220 2859 ad

337 2882 484 2916 Latinos.
511 2880 592 2927 Qo
603 2878 803 2912 sensu-locus
815 2878 997 2912 verificetur
1006 2877 1046 2911 de
1064 2876 1221 2921 assumpta

339 2929 543 2963 humanitate
552 2954 564 2970 ‚
577 2934 579 2947 '
591 2930 650 2965 suo
662 2929 738 2965 loco
759 2938 950 2975 exponetur.

188 1556 248 1591 1²01-
258 1567 309 1596 ¹4⁷

333 3082 358 3105 *‘
568 3108 834 3145 CAPuT
884 3110 997 3145 xv1.

377 3206 549 3273 Quium
572 3206 640 3255 alii
665 3213 818 3256 Errores
841 3214 928 3259 Arii
951 3206 1187 3276 recenfintur.

451 3324 539 3360 Uod
566 3327 691 3360 cunffls
707 3336 784 3361 ante
805 3329 860 3363 sua
879 3338 1027 3373 tempora
1053 3327 1224 3363 Haereticis

464 3374 651 3412 Dominicae
661 3374 899 3413 incarnationis
907 3379 1150 3413 Sacramentum
1160 3378 1226 3411 fue-

497 3425 540 3458 rit
550 3425 649 3468 Lapis
658 3423 845 3460 offensionis
855 3426 888 3460 &
902 3427 996 3460 Petra
1005 3428 1148 3463 scandali
1159 3452 1170 3468 ,
1192 3427 1224 3460 ὃ(

346 3476 437 3527 quod
451 3486 586 3520 omnes,
608 3475 713 3512 etiam
735 3476 852 3511 Ariani
874 3478 994 3512 fuerint
1015 3479 1099 3514 circa
1117 3478 1226 3526 ipsum

1279 171 1377 218 1²Pfis
1400 177 1484 216 reste
1504 174 1652 213 adfirmat
1662 177 1702 212 ad
1722 175 1992 213 Trasamundum
2013 179 2156 215 Wanda‘

1274 222 1380 260 lorum
1398 226 1433 262 in
1457 228 1571 263 Africa
1593 228 1719 276 Regem
1733 253 1744 269 ,
1769 240 1806 263 ac
1828 229 1998 275 insigniter
2020 229 2155 264 demon-

1276 272 1351 308 strat
1361 277 1487 313 sanstus
1498 277 1703 322 Fulgentius.
1731 279 1785 313 De
1796 279 1918 314 eisdem
1931 278 2042 314 scribit
2054 279 2089 313 in
2101 280 2156 314 Li-

1276 322 1335 357 bro
1344 323 1385 360 de
1402 327 1583 370 Haerefibus
1607 328 1731 363 sanstus
1754 327 1977 374 Augustinus:
2005 334 2112 363 Ariani
2123 336 2156 362 in
2174 329 2233 360 Lib.
2242 341 2271 366 4·

1277 384 1307 406 eo
1325 378 1402 428 quod
1414 377 1562 419 christum
1577 376 1640 419 fine
1660 384 1763 410 anima
1775 378 1872 421 fhlam
1890 391 2009 413 carnem
2014 377 2157 424 suscepis-
2172 379 2235 408 αἱΡ·
2249 380 2273 400 ¹³

1271 421 1306 466 sc
1321 425 1532 474 arbitrantur,
1557 429 1656 461 minus
1678 433 1740 462 noti
1747 425 1827 470 sunt.
1855 434 1922 462 Nec
1933 430 2097 464 adversum
2106 441 2155 463 eos

1277 473 1316 506 ab
1335 476 1430 519 aliquo
1453 484 1557 512 inveni
1576 479 1614 511 de
1636 476 1754 525 hac-fre
1772 476 1934 521 aliquando
1950 479 2041 524 fuisse
2064 490 2157 514 certa-

1277 533 1349 557 tum.
1375 528 1435 561 Sed
1449 527 1501 561 boc
1523 539 1630 562 verum
1647 529 1699 572 effe
1716 521 1751 574 ὦ·
1770 528 1965 570 Epiphanius
1977 542 2034 563 non
2044 535 2154 570 tacuit,

1278 575 1312 607 (ἓν
1333 585 1382 618 ego
1397 588 1436 609 cx
1453 589 1551 611 eorum
1572 577 1748 622 quibusdam
1764 579 1892 619 &criptisv
1909 581 1943 613 Θ
1957 581 2157 613 Collocutioni-

1277 624 1331 657 bus
1343 628 1490 666 certiffime
1501 635 1632 671 comperi.
1654 628 1790 661 Istarum
1802 627 2079 664 Collocutionum
2091 641 2158 664 una

1277 675 1338 707 fuit
1360 674 1472 710 habita
1490 677 1682 722 Disputatio
1699 689 1776 711 cum
1787 677 1979 718 FelicIano,
2005 681 2062 723 qui
2072 679 2159 714 dixit

1275 725 1359 759 inter
1377 737 1511 761 caetera:
1539 731 1691 772 ,Quoniam
1702 729 1739 761 de
1751 726 1878 769 Mfflerio
1900 730 2077 762 Mediatorts
2089 737 2160 770 per-

1270 774 1375 818 spicua
1393 783 1507 810 ratione
1518 802 1529 818 ,
1556 780 1591 812 cb·
1610 780 1656 811 ad
1672 779 1849 812 credendum
1872 784 1968 812 cuivis
1981 777 2160 821 sufficienter

1276 826 1408 867 tratiasti
1418 851 1429 867 ‚
1455 829 1560 861 idcirco
1581 827 1680 872 quaesb
1691 853 1701 869 ,
1727 838 1760 861 ut
1771 828 1845 862 mihi
1858 831 1934 871 quid
1942 836 2033 862 etiam
2044 830 2081 862 de
2092 835 2159 861 ani-

1274 888 1324 908 ma
1336 875 1444 916 christi
1449 876 1640 921 sentiendum
1643 878 1683 920 sit
1696 903 1707 919 ,
1712 878 1824 920 jubeas
1838 880 1990 920 explicari.
2018 884 2068 912 Ita
2078 885 2159 912 enim

1274 927 1294 958 ἇ
1315 927 1478 967 majoribus
1500 927 1603 968 nestas
1617 927 1735 971 semper
1745 929 1783 970 est
1794 932 1945 964 traditum
1956 955 1966 971 ,
1993 931 2074 972 quod
2085 932 2159 961 Cor-

1270 984 1332 1017 pus
1351 975 1460 1016 Christi
1472 1001 1483 1017 ‚
1509 979 1554 1011 ad
1562 983 1656 1012 vicem
1668 985 1779 1012 animae
1788 986 1948 1014 communis
1960 1005 1970 1021 ,
1997 979 2083 1021 ipsius
2103 983 2158 1012 Fi-

1270 1028 1306 1059 ‘lfi
1319 1029 1376 1058 Dei
1388 1025 1508 1059 babitus
1519 1034 1689 1062 animarit:
1716 1034 1783 1063 Nec
1792 1033 1936 1071 accefflone
1949 1035 2079 1064 Virtutis
2091 1031 2160 1071 Spi-

1275 1083 1352 1109 ritus
1373 1077 1510 1119 indIgens
1523 1076 1642 1117 fuerit,
1667 1090 1731 1112 oum
1753 1079 2007 1122 inhabitans'fhns
2020 1085 2096 1113 vitae
2108 1087 2160 1121 po·

1274 1132 1334 1159 tuit
1345 1125 1476 1169 conferre
1483 1127 1563 1170 quod
1571 1132 1664 1160 vixit.
1692 1128 1774 1161 Haec
1793 1130 1828 1162 in
1840 1130 1983 1164 Panario
1995 1131 2070 1163 finnt
2081 1129 2161 1172 Epi·
2177 1129 2282 1164 Haeres.

1275 1176 1388 1220 phanii
1407 1175 1523 1211 verba:
1552 1175 1670 1210 Ariani
1691 1176 1742 1210 hoc
1760 1178 1846 1212 circa
1863 1179 1932 1212 Dei
1954 1177 2058 1212 Verbi
2081 1177 2161 1212 Sub·
2178 1178 2310 1210 69·C·¹9·

1274 1227 1427 1262 stantiam
1447 1237 1543 1259 errore
1564 1237 1622 1258 non
1641 1233 1790 1267 contenti,
1819 1238 1930 1272 negant
1946 1225 2065 1270 insuper
2075 1228 2160 1261 illum

1275 1277 1407 1310 humana
1424 1281 1527 1308 anima
1542 1277 1711 1317 praeditum
1726 1276 1823 1320 fulffi’-
1861 1279 1956 1321 ‚Quod
1974 1287 2051 1310 certo
2077 1276 2162 1319 confi-

1274 1329 1311 1361 lio
1327 1332 1373 1359 ita
1388 1324 1575 1368 praestruunt
1586 1349 1597 1366 ‚
1623 1334 1658 1358 ut
1681 1337 1787 1359 veram
1798 1338 1836 1360 ex
1851 1331 1954 1361 Maria
1966 1331 2087 1371 Virgine
2096 1339 2162 1360 ear-

1275 1389 1341 1411 nem
1355 1401 1365 1417 ,
1392 1378 1427 1410 <5
1446 1376 1560 1417 reliqua
1583 1387 1652 1418 quae
1667 1374 1742 1418 sunt
1762 1376 1889 1410 bominis
1904 1383 2050 1420 propria,
2076 1378 2160 1411 illum

1275 1427 1408 1469 acceptffe
1421 1424 1588 1467 fateantur
1600 1449 1610 1465 ,
1630 1424 1662 1467 st
1665 1437 1757 1459 unam
1776 1433 1910 1460 animam
1931 1434 2073 1468 excipias.
2102 1431 2162 1460 Ni-

1276 1478 1385 1510 mirum
1407 1484 1443 1509 ut
1462 1475 1647 1517 cumfamem
1658 1500 1668 1516 ,
1695 1486 1748 1509 aut
1762 1476 1844 1518 sitim
1856 1502 1867 1519 ‚
1892 1487 1947 1511 aut
1957 1476 2072 1511 labores
2083 1502 2094 1518 ‚
2113 1483 2162 1511 iti-

1277 1538 1351 1561 nera
1364 1550 1374 1566 ‚
1395 1522 1552 1568 sudorem,
1572 1522 1709 1568 somnum
1720 1551 1731 1567 ‚
1755 1529 1989 1572 indignationem
2003 1529 2162 1566 audieris.

1276 1588 1310 1611 ac
1332 1578 1449 1609 dixeris
1463 1599 1473 1615 ,
1496 1583 1619 1617 propter
1642 1575 1804 1610 humanam
1817 1601 1827 1617 ,
1852 1589 1942 1620 quam
1953 1573 2163 1620 adsumpserat

1276 1636 1418 1660 naturam
1440 1633 1512 1667 opus
1534 1626 1596 1658 illis
1618 1624 1746 1670 habuiffe
1765 1651 1775 1667 ,
1795 1627 1899 1667 statim
1919 1627 2042 1668 objicere
2059 1627 2163 1669 pqffint

1274 1686 1330 1719 per
1345 1674 1408 1719 sese
1427 1674 1492 1711 haec
1509 1674 1654 1717 praestare
1670 1687 1788 1711 carnem
1809 1702 1820 1718 ‚
1847 1676 1905 1720 mfi
1909 1683 2012 1710 anima
2025 1677 2164 1719 praeditae

1271 1725 1310 1770 fit
1322 1751 1334 1767 ,
1358 1737 1416 1759 non
1425 1725 1517 1781 Ροῃὲ.χ
1536 1728 1586 1758 Et
1604 1727 1723 1767 quidem
1744 1729 1815 1760 vere
1825 1726 1876 1760 hoc
1896 1727 1936 1760 ab
1957 1728 2017 1760 illis
2041 1724 2163 1759 dicitur.

1279 1777 1368 1820 ‚Quid
1376 1775 1414 1814 est
1424 1779 1516 1818 igitw
1528 1799 1541 1819 ³.
1567 1780 1706 1815 inquiunt
1715 1799 1725 1814 ‚
1750 1777 1837 1808 aliud
1849 1778 1942 1818 quam
1957 1776 2037 1818 quod
2045 1774 2094 1808 his
2104 1786 2165 1808 om—

1278 1825 1366 1859 nibns
1376 1825 1458 1857 illius
1472 1825 1637 1857 Divinitas
1647 1824 1823 1868 indigebat?
1845 1829 1882 1858 Ut
1892 1826 1956 1858 cum
1967 1826 2099 1870 indigere
2110 1829 2166 1859 Di-
2174 1845 2194 1849 -r

1279 1880 1441 1908 vinitatem
1450 1873 1531 1906 illius
1550 1873 1686 1907 dixerint
1699 1898 1710 1913 ,
1737 1875 1822 1908 velut
1825 1881 2020 1919 peregrinum
2037 1876 2164 1908 eundem

1273 1929 1501 1970 pronuncient,¹
1517 1923 1552 1956 6·
1572 1924 1593 1954 ἂ
1611 1926 1720 1956 ‘Patris
1742 1924 1861 1966 effi‘ntia
1870 1935 1906 1957 ac
1917 1934 2032 1958 natura
2039 1925 2164 1967 penitus

1279 1976 1416 2008 alienum.
1443 1971 1530 2006 illud
1546 1971 1651 2015 ipsum
1663 1974 1778 2017 repetit
1795 1974 1831 2006 in
1852 1973 1958 2009 Libro
1980 1973 2164 2010 Ancorato.
2181 1986 2305 2025 eam&

1281 2028 1431 2058 Lucianus
1443 2047 1453 2063 ,
1480 2033 1515 2055 ac
1525 2021 1703 2063 Luciamstae
1713 2034 1812 2057 omnes
1823 2024 1937 2058 Filium
1947 2028 2006 2059 Dei
2029 2031 2166 2059 animam

1278 2072 1447 2120 affumpfiffe
1459 2082 1570 2118 negant
1582 2097 1591 2114 ,
1618 2074 1800 2119 eundemque
1803 2073 1900 2119 solam
1921 2087 2040 2109 carnem
2050 2073 2166 2118 induis-

1276 2124 1310 2170 se
1323 2151 1332 2166 ‚
1359 2135 1391 2159 ut
1414 2128 1527 2159 Divino
1547 2124 1639 2160 Verbo
1656 2126 1804 2160 humanas
1822 2126 1988 2168 affeeiiones
2002 2125 2165 2166 tribuant,

1271 2176 1415 2219 famem,
1434 2174 1514 2216 fitim
1526 2200 1537 2215 ‚
1556 2176 1772 2220 fatigationem
1795 2203 1805 2219 ‚
1828 2177 1931 2218 fletum
1952 2201 1963 2217 ,
1988 2186 2164 2217 maerorem,

1277 2225 1531 2269 perturbationem
1544 2238 1551 2256 ε
1581 2228 1746 2270 ,Quidquid
1755 2229 1882 2270 denique
1895 2234 1928 2260 in
1933 2224 2072 2270 ficJZepta
2082 2225 2121 2259 ab
2132 2226 2166 2259 ii-

1278 2279 1306 2311 lo
1328 2286 1439 2310 natura
1455 2281 1609 2317 reperitur.
1636 2277 1681 2311 Et
1701 2278 1737 2311 in
1760 2287 1900 2324 utroque
1924 2277 1999 2311 loco
2022 2286 2164 2311 errorem

1281 2325 1414 2364 nervose
1423 2327 1550 2370 refutat.
1578 2326 1623 2360 Et
1634 2327 1670 2361 in
1683 2327 1785 2361 Libro
1805 2326 1975 2361 adversum
1993 2325 2166 2370 Apossina-

1280 2379 1366 2413 rium
1378 2372 1613 2417 Laodicensem
1625 2374 1825 2420 Episcopum
1838 2377 1879 2412 de
1899 2376 2029 2410 salutari
2048 2374 2166 2410 Domi·
2181 2371 2185 2373 i

1280 2430 1316 2464 ni
1328 2428 1471 2463 adventu
1483 2418 1594 2460 sciibit
1604 2428 1635 2461 S.
1649 2426 1846 2461 Athanasius
1859 2438 1866 2459 :
1893 2430 1983 2459 Arius
1995 2422 2166 2468 carnemso-

1279 2482 1342 2519 lam
1352 2480 1396 2512 ad
1403 2478 1622 2511 occultationem
1636 2480 1768 2511 Deitatis
1779 2477 1936 2520 confitetur
1955 2501 1966 2516 ‚
1993 2477 2027 2511 Θ
2037 2484 2096 2518 pro
2117 2486 2165 2509 no-

1275 2530 1336 2571 stro
1363 2525 1650 2567 interiori'·homine‚
1676 2526 1727 2561 boc
1747 2526 1784 2567 est
1803 2533 1928 2567 anima,
1954 2526 2082 2559 Verbum
2091 2526 2165 2560 dicit

1280 2587 1312 2613 in
1323 2578 1506 2620 carnefatffi·
1515 2600 1526 2616 ,
1553 2576 1745 2620 Pafflonisque
1760 2575 1881 2620 sensiam
1893 2578 1928 2611 Θ·
1937 2574 1974 2608 ab
1986 2575 2094 2617 inferis
2107 2579 2166 2610 Re·

1275 2628 1486 2674 surrebi‘ionem
1505 2630 1674 2660 Divinitati
1694 2628 1787 2661 audet
1808 2625 1981 2670 adftribere.
2011 2627 2055 2660 Et
2077 2626 2164 2660 infra

1281 2679 1406 2725 pergit:
1435 2675 1598 2719 Necessum
1608 2675 1748 2716 est'vobis
1771 2675 1986 2718 Apollinaristis
2007 2680 2061 2710 aut
2083 2671 2165 2720 nego-

1281 2735 1356 2762 tium
1382 2728 1519 2768 Paffionis
1541 2752 1551 2767 ,
1577 2729 1685 2759 Mortis
1709 2728 1743 2760 Θ·
1766 2725 1997 2769 ReficrreHionis
2019 2751 2030 2766 ,
2056 2730 2164 2768 opinio-

1282 2790 1352 2813 nem
1360 2789 1396 2811 ac
1406 2782 1624 2819 apparitionem
1633 2788 1747 2809 meram
1758 2778 1854 2810 dicere
1865 2801 1875 2816 ‚
1901 2778 1991 2820 idque
2000 2773 2162 2819 ficundum

1283 2832 1462 2861 Marcionem
1472 2828 1506 2860 Θ·
1527 2835 1647 2859 caeteros
1673 2830 1833 2860 Haertticos
1845 2851 1856 2866 ,
1875 2836 1936 2860 *aut
1952 2830 2169 2860 'Divinitatem

1282 2877 1371 2912 Verbi
1376 2876 1534 2920 patibilem
1545 2881 1696 2909 nominare
1707 2901 1717 2916 ,
1723 2885 1815 2918 prout
1825 2881 1915 2910 Arius
1927 2874 2037 2918 ac-q‘us
2050 2877 2162 2918 Grega-

1281 2930 1324 2962 les
1335 2928 1499 2961 voluerunt.
1528 2925 1731 2970 Apollinarii
1744 2951 1755 2967 ‚
1774 2928 1878 2970 ipsum
1891 2927 2000 2960 Deum
2011 2923 2163 2958 Verbum

1284 2977 1376 3013 fuisse
1389 2976 1513 3022 passum
1532 2976 1725 3020 garrientis,
1751 2988 1893 3011 errorem
1913 2973 2042 3009 strenue
2062 2985 2163 3017 expu-

1284 3038 1363 3073 gnat
1375 3053 1385 3068 ,
1411 3028 1445 3061 δε
1456 3026 1661 3070 prosequitur
1672 3040 1683 3059 .·
1709 3032 1847 3071 congrua
1859 3037 1919 3060 vox
1931 3049 1942 3065 ‚
1966 3025 2001 3058 ό*
2013 3035 2081 3066 quae
2104 3035 2161 3056 vos

1284 3079 1392 3120 optime
1402 3078 1504 3111 deceat
1514 3100 1524 3116 ,
1550 3078 1584 3110 ὁ*
1596 3087 1663 3118 quae
1675 3087 1740 3109 cum
1750 3081 1870 3109 Arianis
1892 3075 2001 3116 optime
2017 3084 2161 3107 convene-

1283 3134 1332 3160 rit.
1360 3129 1444 3160 Idem
1454 3133 1533 3160 enim
1542 3125 1599 3168 ipfi
1602 3132 1635 3159 in
1641 3124 1709 3168 suis
1732 3124 1926 3169 Dogmatibus
1939 3123 2088 3164 statuum.
2116 3119 2162 3157 Et

1286 3180 1403 3213 iterum
1426 3176 1510 3211 infra
1523 3190 1534 3209 .·
1561 3177 1752 3210 Rursumalii
1761 3179 1918 3214 Haeretici‚
1944 3179 1995 3216 qui
2017 3174 2082 3206 cum
2093 3176 2164 3207 Dei-

1285 3237 1347 3262 tate
1358 3238 1476 3261 carnem
1496 3232 1663 3268 recipiunt,
1688 3227 1799 3268 negant
1817 3236 1884 3258 eum
1905 3222 2031 3265 babuiffe
2052 3230 2164 3257 animae

1285 3287 1426 3310 naturam
1437 3301 1447 3317 ‚
1467 3274 1632 3319 similesque
1640 3271 1924 3317 effliunturfuri'qfis
1936 3277 2059 3306 Arianis
2071 3298 2081 3314 ‚
2109 3273 2163 3316 qui

1291 3327 1463 3360 conneiium
1483 3324 1625 3368 flexuosas
1645 3326 1679 3358 ὁ*
1699 3323 1833 3365 obliquat
1849 3322 2057 3365 propofitiones
2069 3347 2080 3363 ,
2105 3322 2162 3365 qub

1279 3377 1469 3419 fimpliciores
1480 3381 1602 3418 captant
1613 3372 1773 3416 istiusmodi
1795 3376 1881 3405 tricis
1888 3396 1899 3412 ,
1925 3372 1981 3415 ipfi
1986 3377 2109 3406 interim
2119 3372 2168 3415 hf-

1281 3426 1435 3467 fitabundi
1450 3426 1555 3468 infide.
1587 3423 1740 3457 Eundem
1750 3430 1891 3456 errorem
1911 3422 1995 3456 Ario
2017 3424 2051 3456 &
2071 3421 2168 3456 Aria-

1262 3518 1265 3525 ,
1289 3477 1337 3511 nis
1358 3475 1512 3513 adscribit
1527 3470 1825 3525 ixx-sanstiMatthei
1836 3472 2088 3509 Commentario
2098 3472 2168 3505 san-

2100 3522 2168 3556 etus
2183 3532 2191 3568 j
