2346 3776
630 101 1077 157 DissOERTATio
1126 102 1548 156 PRooJMIALis.
1945 115 1994 173 ἰς

173 189 346 235 ,Apostoli
358 191 399 226 ad
409 185 560 223 Timoth.
572 186 667 221 verba
680 212 691 227 ,
710 187 743 229 fi
757 193 825 229 quis
847 184 1059 228 Episcopatum
1099 210 1102 214 .
1126 183 1231 218 Elesti
1244 181 1429 226 Presbyteri
1439 180 1562 218 fuerint
1572 190 1628 222 per
1637 178 1860 238 patriarchas,
1872 179 1997 216 Prima-
2057 169 2059 172 V

187 241 341 284 dffderar,
348 232 589 282 commentatur
601 236 666 271 hoc
678 237 800 273 modo:
813 239 870 271 Hic
881 234 1059 278 Episcopum
1123 243 1171 268 tes
1180 258 1191 274 ‚
1217 244 1274 272 aut
1284 231 1519 275 Metropolitas
1530 231 1605 264 suos
1623 230 1805 266 consecrati
1820 243 1853 265 m
1866 232 1999 275 Episco-

172 287 174 291 ’
187 289 532 334 αρρείῐαΐΡζε-ῐᾶπενιιηα
545 285 634 329 ,ficut
645 290 674 319 E
671 289 808 334 pistolam
818 288 862 320 ad
872 285 1003 327 Philipp.
1014 291 1060 318 ln-

170 338 376 385 „terpretando
388 337 572 378 astendimus.
605 341 665 369 Hoc
676 348 777 371 autem
789 350 828 371 ex
840 336 892 370 boc
901 343 992 369 etlam
1002 336 1058 368 loco

185 381 516 436 inigfftgifacilepotest.
530 387 595 427 Post
605 389 684 431 leges
694 395 774 421 enim
785 386 991 430 Epiftopales,
1004 397 1055 422 eas

168 438 285 486 >fi‘ribit
296 449 363 480 quae
376 441 518 472 Diaconis
530 444 711 471 conveniunt
721 462 732 478 ,
752 436 955 480 praetermaffis
968 439 1056 472 Pres-

172 484 296 532 stateris.
315 489 386 528 sed,
397 498 431 521 ut
442 490 511 521 dixi
518 513 528 527 ‚
539 487 653 531 eosdem
663 489 732 521 olim
744 487 892 521 vocabant
905 487 1055 524 Presbyte-

168 537 230 574 [ros
243 538 277 572 δ’
286 541 318 573 Ε
314 536 450 581 piscopos
458 552 477 574 ,t
486 549 533 571 eos
542 548 644 576 autem
652 563 663 579 ,
674 544 724 580 qui
735 549 813 571 nunc
823 546 968 571 vocantur
980 541 1057 578 Epi-

168 586 173 590 “
178 586 259 633 ftopi
271 612 282 627 ‚
308 584 450 630 Apostolos
462 589 666 621 nominabant.
679 589 860 622 Procedente
873 597 973 620 autem
984 597 1055 621 tem-

165 647 251 682 jore
262 638 443 679 Apostolatus
454 650 559 676 nomen
568 639 748 681 reliquerunt
758 645 814 679 eis,
827 644 879 680 qui
888 639 960 671 vere*
969 646 1057 671 erant

168 687 325 731 μΑρρίέοῖὶς
347 687 547 731 Episcppatus
556 697 657 726 autem
668 690 896 730 appellationem
917 685 1057 730 impofice-

182 748 256 772 runt
266 745 324 778 eis,
335 745 387 781 qui
399 740 467 772 olim
476 737 708 779 appellabantur
720 738 851 781 Apostoli.
878 742 929 772 Ita
941 736 1056 778 Philip-

167 820 172 825 ,
177 787 311 832 penfium
320 785 467 829 Apostolus
479 799 547 822 erat
556 787 798 830 Epaphrodirus.
819 793 869 822 Ita
876 786 1055 829 Cretensium

168 875 170 879 ι
182 841 269 873 Titus
280 861 291 876 ‚
304 836 338 875 Θ
348 835 519 879 Asianorum
531 839 700 880 Timotheus
714 839 843 881 Apcstoli.
873 843 922 871 Ita
933 843 970 869 iis
983 863 992 877 ,
1005 842 1057 879 qui

180 896 270 922 crant
283 885 446 922 Antiochia»
457 913 468 927 ,
480 887 518 920 ab
530 887 729 932 Hierosolymis
736 887 922 932 strip-ferunt
932 887 1056 929 qusloli

164 938 215 982 s&
227 936 402 976 Presbyteri„
424 937 520 973 Alter
532 948 612 972 tunc
624 939 866 983 Episcoporum
886 938 1002 974 titulus
1014 938 1057 971 vi-

166 986 274 1028 ‚detur
284 987 377 1022 fuisse
388 988 617 1025 Primus.Hinc
630 989 670 1023 ad
685 989 803 1032 Caium
811 989 920 1026 scribit
933 989 1058 1032 S-Joan-

164 1047 238 1083 ‘nes
250 1035 431 1081 Apostolus
443 1050 450 1069 :
463 1037 768 1082 Scrspssffemforfitan
779 1043 810 1072 E
812 1038 914 1081 cclest'ae
925 1052 934 1082 3
958 1038 1020 1086 57d
1028 1042 1055 1070 is

177 1093 230 1131 qui
243 1096 327 1121 amat
341 1090 512 1121 Primatum
518 1100 624 1132 gerere
634 1096 667 1122 in
678 1097 722 1123 eis
735 1115 746 1130 ,
773 1087 951 1131 Diorrephes
962 1087 977 1127 ‚'
998 1097 1054 1122 non

177 1143 282 1179 recipit
292 1149 352 1170 nos.
384 1138 540 1176 Eundem
549 1139 685 1176 titulum
698 1140 771 1182 ipsis
784 1139 901 1174 tribuit
917 1133 1054 1176 Hilarus

177 1187 359 1223 Diaconus.
386 1188 432 1226 Et
445 1187 510 1226 hoc
523 1200 563 1221 ex
575 1189 669 1223 fonte
681 1189 811 1223 forfitan
823 1190 898 1223 sunt
911 1188 978 1225 nati
991 1185 1055 1220 Pri-

168 1238 282 1274 *mates
297 1235 466 1273 Afrorum.
479 1238 615 1274 Tertius
626 1236 868 1280 primitivorum
880 1238 1058 1280 Episcopo-

178 1298 253 1321 rum
263 1286 378 1324 titulus
388 1287 474 1324 fuir,
486 1285 672 1326 Praepostrus.
701 1287 781 1322 Hoc
794 1286 898 1323 utitur
913 1284 1059 1329 Aposto-

167 1335 230 1384 slus
241 1334 409 1372 Paulusin
419 1333 566 1377 EpIstola
577 1334 618 1372 ad
637 1334 805 1371 Hebraeos.
841 1335 923 1384 Qae
942 1336 1056 1371 omnia

177 1386 214 1422 in
223 1383 369 1422 secundo
382 1384 423 1418 de
445 1383 678 1422 Ecclefiasticis
701 1386 832 1420 Officiis
844 1385 931 1421 libro
941 1387 1058 1422 confir-

172 1438 247 1472 'mat
255 1447 298 1469 ex
308 1433 430 1473 eisdem
442 1435 543 1473 saneti
556 1435 696 1469 Pauli&
707 1437 807 1470 saneti
832 1437 927 1472 Luca:
948 1437 1057 1473 Testi-

168 1485 304 1531 >⁴moniis
329 1485 456 1521 sanetus
478 1484 618 1519 lfidorus
639 1485 820 1530 Episcopus
846 1486 1055 1531 Hispalensis.

178 1535 224 1572 Et
245 1543 338 1570 vetus
358 1535 559 1570 Metensium
590 1536 830 1580 Episcoporum
857 1536 1055 1572 Chronicon

178 1584 279 1624 habet
291 1597 298 1617 ε
329 1587 396 1629 ,Qui
405 1586 444 1619 ab
466 1585 604 1628 apostolis
625 1587 845 1622 ordinabantur
866 1587 1032 1627 Presbyteri
1046 1612 1056 1627 ,

178 1642 296 1670 caeteris
311 1637 553 1678 praeminebant
573 1647 607 1673 ut
630 1636 781 1681 Episcopi.
819 1637 923 1686 Qod
939 1649 1057 1682 nempe

179 1697 298 1722 omnes
310 1686 410 1721 etiam
421 1688 523 1723 essent
534 1690 572 1722 in
583 1688 770 1732 Episcopus
779 1690 970 1724 consecrati.

170 1777 174 1780 ‚
230 1737 275 1772 Et
284 1734 364 1771 hinc
375 1736 510 1771 istorum
521 1738 761 1782 Episcoporum
773 1738 912 1774 Primati
922 1749 977 1773 aut
986 1737 1057 1773 An-

180 1784 277 1820 tistiti
299 1785 472 1821 decedenti
493 1788 685 1822 succedebat
712 1787 777 1823 sine
798 1789 1057 1824 Consecratione

180 1834 380 1878 alius.Apud
391 1835 552 1879 quosdam
564 1848 620 1880 pet
630 1837 847 1874 Electionem-
861 1875 863 1881 ,
876 1839 928 1872 Eo
940 1839 1055 1877 modo,

177 1886 247 1928 'quo
258 1884 387 1918 Milites
398 1885 632 1928 Imperatorem
644 1912 654 1927 ‚
667 1898 723 1921 aut
735 1887 882 1923 Diaconi
892 1888 910 1922 ὲ
920 1889 977 1922 suo
990 1899 1058 1923 cot-

173 1945 260 1979 ·pore
271 1933 399 1978 eligunt
413 1933 736 1970 Archi-Diaconum.
748 1937 792 1972 Et
804 1939 850 1972 ita
862 1932 983 1972 fastum
995 1938 1057 1972 fuit

179 1985 218 2019 in
230 1982 457 2018 Alexandrina
468 1984 622 2019 Ecclesia.
647 1985 749 2030 Apud
758 1986 842 2020 alios
852 1998 920 2021 erat
932 1989 1054 2022 Succes-

179 2035 227 2068 sio
238 2045 294 2078 per
303 2034 573 2069 aetatisordinem.
600 2035 717 2070 Senior
727 2038 799 2080 ipso
808 2036 877 2079 jure
896 2038 977 2071 citra
996 2037 1058 2071 ele—

179 2084 324 2118 ctionem
337 2084 538 2119 succedebat.
565 2085 609 2123 Et
621 2084 686 2120 hoc
698 2098 740 2121 ex
752 2087 846 2121 fonte
857 2088 995 2121 forsitan*
1004 2099 1059 2122 na-

180 2144 216 2169 ta
226 2132 272 2168 est
283 2134 445 2168 Succeffio
456 2134 640 2170 Primatum
660 2136 695 2169 in
717 2134 881 2171 Africanae
905 2137 1058 2171 Ecclesiae

174 2183 375 2218 Provinciis.
388 2185 432 2219 Et
440 2184 536 2218 istum
548 2187 610 2220 esse
621 2187 805 2231 genuinum
816 2186 927 2221 Hilari
939 2188 1061 2222 Diaco-

181 2234 218 2267 ni
230 2233 535 2279 sensum‚quidquid
545 2235 634 2270 dicat
645 2236 681 2269 in
692 2237 803 2279 Opere
813 2236 855 2271 de
867 2237 1058 2272 Ecclefiasti-

180 2283 427 2319 caHierarchia
438 2285 596 2320 Eruditus
604 2286 785 2329 Dionysius
796 2286 948 2322 Petavius
958 2312 969 2328 ,
981 2288 1060 2322 reste

181 2334 321 2368 affirmat
332 2334 567 2369 Salmafius.1ta
577 2334 734 2370 evincunt
741 2336 793 2373 vel
803 2336 870 2371 sola
883 2336 941 2380 hec
953 2337 1058 2372 verba:

181 2387 221 2417 Ut
230 2395 286 2417 non
297 2386 389 2425 ordo,
399 2383 459 2428 fid
465 2392 605 2418 meritum
613 2396 727 2420 crearet
740 2386 1059 2431 EpiscopumLucide

179 2434 357 2479 affirmant,
367 2434 457 2479 quod
468 2436 477 2468 i
482 2437 576 2478 psum
584 2446 680 2470 antea
692 2435 794 2472 aetatis
804 2437 887 2472 ordo
895 2439 1057 2472 creaverit.

178 2481 288 2524 ‚Porro
297 2483 333 2517 in
344 2485 463 2528 quibus
473 2485 625 2520 Ecclefiis
637 2485 691 2520 hic
703 2499 775 2522 mos
797 2487 881 2522 olim
900 2488 1038 2532 viguerit
1050 2513 1061 2529 ,

183 2532 322 2567 Hilarus
331 2544 401 2567 non
412 2536 566 2578 expreffit.
577 2535 712 2571 Interim
724 2537 859 2582 viguisse
869 2537 950 2571 dicit
962 2539 1060 2583 usque

183 2581 226 2616 ad
237 2583 431 2619 Concilium
440 2610 450 2625 ,
478 2586 568 2628 quod
582 2586 687 2619 sanxit
711 2587 893 2622 multorum
909 2587 1061 2622 Sacerdo-

182 2632 392 2675 tumjudicio
402 2635 481 2680 eligi
492 2634 612 2680 dignos
623 2636 814 2681 Episcopos.
843 2638 922 2671 Hoc
933 2636 992 2679 est,
1009 2639 1059 2671 us-

183 2693 251 2725 que
269 2682 310 2716 ad
331 2694 486 2728 quartum
508 2685 684 2720 Canonem
705 2687 739 2721 N
741 2688 886 2721 icaenum.
914 2687 977 2722 Iste
988 2699 1060 2722 mos

184 2731 313 2765 dudum
323 2744 417 2769 antea
435 2736 499 2769 fuit
518 2735 707 2770 eliminatus
728 2736 747 2770 a
767 2737 880 2771 multis
899 2738 1059 2772 Ecclefiis.

181 2781 323 2816 Etenim
334 2785 445 2826 procul
455 2784 559 2820 dubio
573 2786 678 2830 plures
699 2786 847 2822 Ecclesia:
859 2789 932 2821 sunt
952 2788 1062 2822 imita-

183 2840 224 2866 tae
235 2832 414 2868 Heraclam
425 2846 462 2869 ac
472 2835 654 2879 Dionysius
666 2835 913 2872 Alexandrinos
924 2838 1061 2872 Patriar-

181 2880 262 2917 chas
274 2883 354 2925 ‚qui
364 2883 472 2918 minus
479 2885 601 2919 malum
612 2898 739 2921 morem
751 2887 974 2922 eliminarunt.
996 2886 1062 2922 'Ni-

182 2943 312 2967 caenum
323 2932 403 2977 ergo
415 2933 589 2969 Canonem
601 2936 714 2971 laudat
724 2937 864 2972 Hilarus
875 2963 886 2978 ‚
903 2938 993 2982 quod
1006 2938 1062 2972 ille

182 2982 283 3016 istum
296 2982 332 3016 in
345 2982 537 3026 quibusdam
548 2984 624 3020 hinc
635 2986 712 3021 inde
723 2988 874 3022 Ecclesiis
886 2988 1060 3023 restantem

183 3043 312 3070 morem
323 3034 545 3076 pro-scripserit
556 3058 566 3073 ‚
578 3047 615 3069 ac
627 3038 756 3080 penitus
762 3038 947 3072 extinxerit.
958 3037 1062 3072 Porro

186 3081 454 3117 Alexandrinum
467 3095 593 3117 motem
605 3097 673 3119 non
684 3087 702 3120 a
723 3088 794 3122 solo
812 3087 957 3122 Heracla
969 3113 981 3128 ‚
1008 3088 1062 3123 sed

184 3133 285 3168 etiam
295 3133 490 3176 aDionysio
503 3135 598 3168 fuisse
608 3136 791 3181 extinstum
803 3138 913 3171 scribit
936 3139 1061 3173 sanstus

185 3182 417 3226 Hieronymus
430 3196 437 3215 :
477 3183 581 3231 Qiod
604 3185 726 3220 scilicet
748 3187 896 3221 Heracla:
917 3187 1063 3223 Decreto

186 3232 319 3275 quidam
329 3233 570 3268 recalcitrarent
583 3258 593 3273 ,
621 3233 761 3280 ideoque
774 3247 829 3279 per
841 3237 1061 3272 Successorem

187 3281 386 3325 Dionysium
397 3283 546 3318 debuerit
556 3284 708 3319 innovari
719 3285 752 3319 ὅτ.
764 3287 960 3321 confirmari.

239 3331 385 3379 Qaestio
395 3333 441 3367 est
454 3358 465 3374 ,
492 3346 536 3368 an
550 3333 608 3368 iste
619 3346 692 3370 mos
702 3361 713 3376 ‚
739 3347 805 3379 quo
816 3335 988 3371 Primitiva
1002 3337 1064 3373 Ec-

188 3378 282 3415 clesia
292 3394 407 3419 omnes
428 3383 641 3427 Presbyteros
663 3386 864 3420 consecravit
884 3386 918 3420 in
932 3388 1063 3430 Episco-

192 3440 251 3471 pos
260 3453 270 3469 ‚
295 3432 390 3466 fuerit
413 3434 600 3468 universalis
612 3437 624 3468 ?
651 3435 851 3479 Respondeo
871 3448 939 3471 non
958 3437 1059 3473 fuisse.

189 3478 295 3529 Qod
306 3481 395 3515 enim
405 3484 616 3526 antiquissimi
630 3485 840 3529 plurimarum
848 3486 1060 3525 Ecclefiarum

292 3529 407 3574 Diffbn.
422 3534 544 3568 Proaem.
555 3537 670 3570 Tom.I.

1120 295 1179 327 pos
1191 308 1202 323 ‚
1227 282 1377 327 adeoque
1389 280 1618 325 Episcopalcm
1626 279 1790 317 Ordinem
1803 290 1872 312 non
1882 278 1999 315 habucv

1121 334 1186 373 rint
1196 343 1291 368 antea
1304 356 1315 372 ,
1340 331 1468 369 ostendi
1481 330 1575 374 possit
1588 341 1643 373 per
1652 328 1842 367 authentica
1854 328 2000 363 testimo·

1121 384 1174 417 nia
1186 394 1283 426 atque
1291 381 1447 425 exempla,
1473 383 1522 419 Ita
1541 376 1634 428 fuisse
1646 382 1767 417 fastum
1786 379 1821 415 in
1832 377 2000 418 Africanis

1122 432 1271 467 Ecclesiis
1282 456 1294 472 ‚
1318 432 1543 469 demonstrant
1553 430 1705 475 Epistolae
1715 429 1814 470 sandii
1829 428 1999 482 Cypriani.

1121 483 1164 517 Et
1176 483 1242 526 ipse
1253 483 1270 516 e
1279 483 1383 518 Laico
1395 483 1457 516 fuit
1468 483 1587 517 electus
1600 481 1634 514 in
1649 481 1859 524 Episcopum.
1874 478 1918 512 Et
1929 487 1999 520 ejus

1119 533 1275 570 successor
1285 532 1474 570 Cecilianus
1483 545 1524 567 ex
1534 528 1930 568 Archi-Diacon0.Etiam
1942 526 2002 560 hu-

1117 583 1166 624 jus
1176 581 1452 626 Anti=Episcopus
1465 582 1658 626 Major-inus.
1686 582 1799 631 Qare
1809 578 1879 616 istic
1892 578 1955 612 fuit
1966 578 2001 610 li-

1120 633 1194 670 bera
1206 633 1321 670 electio
1330 658 1341 673 ‚
1368 644 1429 668 nec
1441 633 1510 669 fieri
1520 632 1635 669 debuit
1647 631 1665 664 ὲ
1675 629 1892 674 presbyterio.
1910 627 2001 662 Pres-

1119 684 1250 727 byteros
1261 683 1354 722 fuisse
1373 682 1487 727 paffim
1504 681 1749 717 consecratione
1770 679 1940 718 distinstos
1959 677 2001 730 ab

1121 733 1289 778 Episcopis
1300 758 1311 774 ‚
1343 733 1408 767 alte
1430 733 1575 767 clamant
1597 732 1697 766 etiam
1723 728 1877 773 Epistolae
1898 729 2011 766 sanasti*

1120 784 1250 828 ignatii.
1278 783 1428 821 Eandem
1440 783 1686 823 distinffionem
1706 780 1799 815 fuisse
1821 780 1945 822 semper
1966 777 2004 814 iri

1124 835 1272 875 Romana
1284 834 1365 868 item
1377 833 1519 870 Ecclesia
1531 858 1542 874 ‚
1567 845 1605 869 ac
1615 831 1708 867 omni
1722 830 1790 873 ejus
1811 827 2002 864 Suburbica-

1120 885 1164 917 ria
1177 883 1319 917 Dioecefi
1334 908 1344 922 ‚
1371 884 1459 917 lucet
1472 895 1512 917 ex
1524 882 1629 919 Libro
1639 879 1830 920 Pontificali
1841 904 1853 923 2
1880 890 1917 912 ac
1928 877 2001 912 aliis

1120 933 1299 967 manifestis
1311 932 1539 967 Testimoniis.
1566 929 1711 970 Proinde
1731 938 1933 968 memoratus
1945 938 2001 971 per

1123 983 1275 1017 Hilarum
1287 983 1480 1018 Diaconum
1492 994 1564 1021 mos
1582 982 1711 1017 videtur
1730 981 1823 1020 fuisse
1844 979 1879 1012 in
1891 977 2003 1025 paucis

1121 1032 1197 1070 hinc
1221 1033 1299 1070 inde
1321 1032 1481 1068 Ecclefiis,
1518 1032 1563 1066 Et
1583 1033 1678 1068 fuisse
1696 1030 1793 1075 poffit
1804 1030 1839 1066 in
1850 1029 1929 1065 solis
1940 1028 2003 1064 -Ec-

1119 1083 1218 1119 clefiis
1241 1080 1503 1118 cathedralibus*
1540 1081 1645 1131 Qod
1677 1081 1767 1119 enim
1787 1077 2005 1121 antiquissimi

1118 1133 1218 1166 etiam
1230 1131 1419 1178 Presbyteri
1431 1130 1628 1176 Pagenfium
1643 1129 1860 1165 Ecclefiarum
1874 1128 2005 1171 Episco-

1118 1184 1223 1228 palcm
1235 1182 1528 1222 Consecrationem
1549 1180 1619 1215 non
1643 1178 1842 1218 habuerint,
1868 1177 1914 1211 est
1937 1188 2007 1214 om-

1120 1233 1215 1268 nibus
1224 1233 1440 1277 exploratum.
1468 1232 1594 1275 Excipe
1607 1241 1717 1265 tamen
1729 1228 2010 1278 Chorepiscopon

1120 1284 1253 1318 Horum
1263 1281 1467 1327 Episcopalis
1478 1280 1692 1315 Consecratio
1703 1279 1846 1314 omnino
1856 1278 1951 1322 poffit
1959 1288 2006 1311 ex

1121 1334 1182 1369 isto
1192 1333 1407 1380 quarumdam
1417 1330 1634 1369 Ecclefiarum
1646 1341 1738 1364 more
1759 1329 1886 1366 duxisse
1906 1326 2009 1374 origi-4

1122 1397 1205 1420 nem.
1234 1385 1324 1419 Nam
1335 1381 1574 1424 Chorepiscopi
1586 1381 1718 1419 fuerunt
1736 1380 1905 1424 digniores
1926 1376 2006 1412 civi-

1122 1435 1295 1474 tatensibus
1305 1432 1516 1475 presbyteris.
1546 1431 1590 1468 Et
1604 1429 1740 1469 eosdem
1749 1453 1760 1468 ‚
1786 1430 1836 1462 uti
1850 1425 2009 1471 Episcopi

1124 1486 1295 1524 Vicarios,
1319 1481 1435 1516 habuit
1447 1479 1663 1525 quarumdam
1686 1479 1858 1524 civitatum
1881 1478 2004 1515 Clerus.

1122 1535 1252 1580 Nempe
1261 1533 1407 1579 quaedam
1422 1530 1571 1565 Ecclefiae
1581 1541 1686 1564 unum
1713 1528 1899 1573 EPiscopali
1918 1529 2016 1575 Con-,A

1122 1586 1297 1625 sectatione
1308 1576 1503 1628 insignitum
1517 1579 1756 1627 ‚Presbyterum
1779 1578 1954 1618 voluerunt
1964 1592 2008 1615 ex

1121 1637 1222 1671 caufis
1233 1635 1383 1671 retinere.
1728 1655 1731 1658 v
1822 1656 1826 1659 .

1170 1687 1286 1722 Altera
1295 1685 1426 1730 quaestio
1438 1686 1483 1721 est
1497 1711 1509 1726 ‚
1523 1684 1580 1719 An
1592 1685 1730 1720 Hilarus
1740 1685 1913 1719 Diaconus
1923 1682 2008 1718 reste

1121 1739 1231 1773 afferat
1239 1737 1333 1773 istam
1345 1736 1643 1772 Consecrationum
1664 1735 1911 1778 conjuciionem
1930 1733 2010 1767 suis-

1122 1789 1153 1823 se
1165 1789 1376 1833 proscriptam
1387 1788 1406 1821 a
1417 1796 1532 1831 quarto
1544 1787 1685 1821 Canone
1695 1785 1822 1819 Nicaeni
1843 1782 2008 1819 Concilii?

1123 1838 1320 1882 Respondeo
1333 1837 1398 1872 hoc
1411 1849 1482 1872 non
1493 1835 1586 1871 afferi
1608 1835 1651 1870 ab
1672 1834 1800 1869 Hilaro.
1829 1832 1950 1869 Afferit
1961 1835 2010 1866 so-

1121 1888 1186 1922 lam
1195 1888 1340 1925 Seniotis
1350 1887 1505 1930 Episcopi
1522 1887 1558 1919 in
1583 1885 1831 1927 Praepofituram
1852 1885 1918 1918 fine
1936 1883 1999 1917 ele·

1121 1939 1229 1973 stione
1245 1937 1475 1978 successionem
1495 1935 1589 1968 fuisse
1601 1934 1673 1967 istic
1689 1933 1850 1969 abolitam
1862 1958 1872 1974 ‚
1898 1933 1933 1967 &
1961 1934 2012 1966 in·

1122 1988 1305 2023 trodustam
1314 1987 1479 2031 dignioris
1490 1985 1694 2019 elestionem.
1710 1983 1814 2031 Qod
1824 1985 1903 2018 sano
1914 1983 2009 2016 sensu

1122 2039 1165 2071 est
1178 2034 1320 2072 omnino
1334 2046 1453 2070 verum.
1467 2035 1602 2068 Etenim
1613 2033 1863 2076 Episcopalibus
1880 2033 2011 2068 elestio-

1124 2087 1217 2122 nibus
1228 2087 1327 2120 fixam
1340 2085 1381 2119 ab
1391 2083 1711 2130 Apostolisformam
1732 2083 1872 2118 innovat
1894 2083 1928 2117 &
1949 2080 2020 2116 sta-'

1123 2137 1195 2172 bilit
1209 2137 1270 2171 iste
1278 2135 1398 2170 Canon
1412 2159 1426 2175 ,
1450 2144 1548 2178 atque
1561 2134 1605 2169 ita
1626 2133 1723 2167 illum
1745 2131 1786 2166 ab
1803 2133 1925 2167 Hilaro
1941 2143 2011 2166 me·

1125 2198 1310 2226 moratum,
1339 2186 1397 2229 qui
1417 2186 1524 2219 forsan
1543 2184 1652 2219 adhuc
1677 2182 1807 2229 vigebat
1820 2183 1908 2226 apud
1919 2183 2014 2227 quas-

1124 2238 1200 2272 dam
1217 2236 1376 2272 Ecclesias
1388 2260 1400 2276 ,
1424 2234 1645 2270 Succeffionis
1654 2245 1781 2268 morem
1792 2233 1887 2266 simul
1899 2228 2007 2267 abole-

1126 2289 1171 2322 vit
1181 2298 1278 2331 atque
1289 2286 1479 2330 proscripsit.
1492 2285 1604 2319 Etiam
1616 2283 1914 2318 consecrationum
1924 2294 2007 2316 con-

1123 2338 1247 2381 junffio
1259 2348 1338 2371 tunc
1348 2334 1424 2370 hinc
1437 2334 1513 2370 inde
1523 2335 1618 2378 poffir
1629 2333 1737 2368 adhuc
1750 2333 1899 2378 viguisse,
1908 2343 2009 2376 atque

1125 2389 1169 2422 ita
1182 2388 1282 2423 etiam
1293 2399 1348 2430 per
1358 2385 1501 2420 eundem
1513 2385 1609 2418 Cano
1615 2396 1689 2417 nem
1700 2385 1763 2418 esse
1776 2382 1899 2417 abolita
1911 2391 2011 2427 atque

1125 2437 1303 2472 interdista.
1315 2437 1436 2471 Canon
1448 2437 1538 2470 enim
1549 2435 1653 2470 sancit
1662 2445 1718 2468 om
1724 2445 1799 2467 nem
1810 2433 1938 2466 noviter
1950 2431 2013 2467 ele-

1126 2490 1213 2522 Ctum
1226 2488 1427 2531 Episcopum
1450 2486 1635 2520 consecrari
1655 2484 1674 2518 a
1696 2485 1799 2520 tribus
1818 2487 1987 2532 Episcopis
2000 2513 2014 2529 ,

1125 2548 1222 2583 atque
1232 2539 1279 2572 ita
1292 2537 1448 2581 supponit
1459 2537 1493 2570 ὅς
1505 2537 1607 2570 sancit
1621 2534 1740 2569 elestos
1761 2546 1817 2569 aut
1839 2537 2013 2582 eligendos

1127 2601 1195 2623 non
1205 2588 1269 2622 esse
1280 2598 1377 2622 antea
1392 2587 1583 2630 Episcopos.
1597 2585 1701 2620 Porro
1715 2586 1859 2621 rationes
1868 2611 1878 2627 ‚
1889 2599 1931 2621 ex
1943 2588 2014 2631 qui·

1126 2638 1185 2672 bus
1196 2637 1291 2672 istam
1301 2637 1569 2680 conjunctionem
1584 2636 1801 2670 eliminarunt
1814 2636 1946 2679 quidam
1958 2649 2014 2670 an-

1126 2699 1158 2722 te
1170 2689 1204 2722 N
1208 2689 1343 2722 icaenam
1356 2686 1529 2731 Synodum
1541 2686 1695 2730 Episcopi
1709 2711 1720 2727 ,
1744 2685 1810 2728 jam
1827 2687 2014 2720 audivimus

1126 2739 1144 2771 a
1158 2739 1268 2773 sancto
1292 2739 1504 2780 Hieronymo
1529 2746 1626 2780 atque
1650 2736 1691 2770 ab
1710 2735 1832 2770 Hilaro
1844 2737 2013 2770 Diacono.

1129 2788 1359 2832 Episcopalcm
1370 2787 1658 2821 consecrationem
1669 2798 1745 2820 cum
1756 2787 1813 2819 suo
1825 2785 1968 2834 Primate
1978 2786 2019 2820 &-

1128 2839 1292 2882 Prepofito
1307 2837 1463 2874 habentes
1474 2835 1659 2880 Presbyteri
1671 2836 1835 2880 potuerint
1849 2835 1944 2869 facile
1954 2835 2015 2870 eri-

1127 2889 1160 2933 gi
1173 2890 1210 2923 in
1220 2888 1486 2923 contumaciam:
1515 2887 1559 2921 Et
1577 2885 1664 2920 haud
1677 2883 1774 2919 dubie
1787 2885 1921 2927 quidam
1932 2884 2014 2919 hinc

1128 2938 1204 2973 inde
1216 2939 1336 2973 fuerint
1356 2938 1461 2972 eredii.
1488 2937 1582 2971 Hinc
1594 2936 1652 2970 ista
1665 2935 1878 2969 Consecratio
1890 2960 1901 2976 ‚
1912 2936 2014 2970 offen-

1128 2989 1226 3023 sionis
1238 2989 1338 3032 Lapis
1350 3013 1362 3028 ‚
1386 2988 1450 3022 fuit
1471 2987 1544 3030 ipsis
1563 2986 1681 3020 merito
1701 2984 1869 3019 subtracta.
1897 2986 2014 3020 Altera

1128 3040 1211 3074 tatio
1233 3040 1297 3072 fuit
1321 3037 1542 3081 quorumdam
1554 3036 1594 3069 ad
1616 3034 1710 3068 istam
1722 3035 2017 3070 Consecrationem*

1128 3088 1403 3133 indignitasNon
1415 3087 1506 3122 enim
1519 3086 1629 3119 omnis
1639 3083 1870 3127 presbyteratu
1879 3084 2014 3131 dignus,

1127 3139 1171 3173 est
1183 3138 1283 3172 etiam
1295 3137 1416 3182 dignus
1434 3133 1616 3170 consecrari
1637 3134 1674 3168 in
1698 3135 1918 3178 Episcopum:
1946 3136 2014 3170 Isto

1128 3189 1228 3233 igitur
1240 3187 1341 3221 modo
1354 3188 1456 3230 usque
1480 3185 1521 3219 ad
1543 3184 1691 3219 Heraclae
1708 3195 1745 3218 ac
1770 3185 1925 3229 Dionysii
1937 3187 2015 3229 Epi-

1128 3239 1295 3282 scopatum
1317 3236 1504 3280 promoveri
1525 3235 1694 3269 consuevit
1721 3234 1910 3270 Patriarcha
1936 3238 2014 3271 Ale-

1129 3288 1317 3322 xandrinus.
1360 3287 1473 3320 Etiam
1486 3285 1542 3319 alii
1553 3283 1636 3319 hinc
1648 3284 1726 3319 inde
1737 3285 1900 3330 Episcopi.
1939 3287 2012 3322 Nec

1127 3350 1168 3371 ex
1181 3338 1258 3371 inde
1269 3334 1451 3370 Lutherani
1462 3346 1519 3370 aut
1527 3334 1715 3370 Calvinistae
1727 3334 1807 3379 quid
1820 3336 1928 3370 venari
1942 3339 2014 3379 pos-

1129 3388 1203 3421 sunt
1218 3411 1229 3427 ,
1255 3398 1294 3421 ex
1306 3397 1373 3430 quo
1384 3385 1560 3420 ostendant
1584 3385 1816 3429 Episcopalcm
1838 3387 2014 3423 Confecta.

1128 3438 1256 3471 tionem
1275 3447 1344 3470 non
1366 3436 1427 3470 esse
1448 3437 1692 3471 Sacramentum
1705 3459 1716 3476 ‚
1743 3445 1799 3469 aut
1817 3434 2013 3474 hodiernam

1127 3486 1206 3522 Eccl
1218 3487 1285 3524 efiae
1295 3484 1527 3526 Hietarchiam
1536 3485 1709 3522 diffidere&
1722 3484 1903 3521 Primitiva,
2010 3507 2014 3524 ,

1570 3535 1606 3569 D
1891 3533 2010 3572 ‘Poste-
