2346 3776
394 70 490 117 186

309 148 475 195 agressa.
504 149 550 183 Et
567 147 661 193 quod
681 147 1057 194 Constantinopolitana
1080 149 1120 184 ad
1134 150 1191 185 Ni-

309 210 437 236 caenum
458 199 658 245 Symbolum
668 200 896 235 additamenta
909 202 1030 235 fuerint
1043 202 1124 235 fasta
1136 212 1191 244 per

308 251 491 297 singulares
502 251 683 295 Episcopos
692 275 704 292 ,
729 252 764 286 δε
775 262 832 295 per
842 251 1018 286 secundam
1029 251 1191 285 Sinodum

306 301 483 339 dumtaxat
496 301 629 347 probata
643 302 680 335 δε
690 301 818 342 firmata
829 325 842 343 ,
867 313 909 336 ex
929 300 1047 336 eodem
1070 301 1191 335 Basilio

307 355 393 390 infra
402 353 614 389 ostendetur.
641 351 734 386 Etin
754 362 868 396 quarta
891 352 1021 396 septimi
1043 352 1190 385 Concilii

249 412 253 422 ‘
305 404 454 441 Actione
464 403 639 440 adducitur
650 401 812 446 singulare
822 402 965 447 ejusdem
981 401 1087 436 Patris
1099 402 1192 445 Sym·

114 1352 205 1410 ἦιῐη.
226 1373 274 1401 60.

117 2769 179 2802 Fol-
212 2780 222 2800 ι
231 2779 276 2806 79.

123 3444 189 3475 [Lib.
217 3455 245 3479 4.

127 3493 193 3524 cap.
218 3496 243 3515 ι.

302 456 426 497 bolum⁴
453 480 465 497 ‚
502 455 657 496 scriptum
693 453 735 487 ad
773 453 969 497 Aposlatam
1022 452 1189 496 Iulianum

300 507 537 551 imperatorem
550 527 557 535 .
585 502 678 550 Qin
695 503 831 540 Sanetus
842 503 997 538 Tarafius
1017 503 1123 546 ipsum
1147 514 1189 536 ex

301 560 364 592 suae
384 554 536 590 Ecclesiae
557 552 768 589 Bibliotheca
790 553 982 598 produxerit
1008 578 1018 594 ,
1045 553 1188 594 ideoque

298 608 336 642 fit
362 606 446 640 illud
471 602 704 640 authenticum
722 620 742 646 ·,
758 614 842 639 vnon
868 604 916 638 est
937 603 1159 638 dubitandum
1177 627 1184 634 .

297 656 412 692 Etiam
429 650 458 691 ᾗ
484 656 603 690 Sanao
624 653 790 700 Gregorio
816 655 1034 690 Nazianzeno
1060 651 1184 687 Cledo-

294 709 384 743 mius
402 706 575 750 Presbyter
607 711 705 749 exegit
724 704 846 739 brevem
879 704 1044 747 quamdam
1061 700 1181 745 finten-

296 764 350 793 tiae
371 759 518 803 Regulam
539 757 757 791 &Canonenu
788 754 868 788 Hoc
890 754 935 787 est
949 764 1076 787 novum
1091 752 1182 796 Sym·

296 808 412 843 bolum
432 808 584 842 adversus
605 817 726 840 novam
749 814 830 839 tunc
857 802 1059 847 Apollinarii
1087 801 1181 837 haete-

295 859 375 892 snm.
403 858 447 892 Et
468 856 545 891 licet
571 855 752 900 Gregorius
777 863 860 888 tunc
881 853 973 887 aliud
998 853 1016 887 a
1043 853 1181 886 Nicaeno

294 913 495 952 co‘mponere
523 906 667 939 noluerit
693 928 704 944 ,
739 904 845 938 exstat
872 914 984 938 tamen
1014 904 1180 947 proprium

293 959 363 1002 ejus
390 957 588 1001 Symbolum
614 980 625 996 ,
666 954 768 989 latine
794 954 958 989 redditum
995 953 1012 986 a
1042 953 1180 988 Ruffino

293 1009 493 1051 Presbytero
516 1032 523 1039 .
551 1005 662 1039 Etiam
686 1016 826 1050 magnus
848 1002 1046 1039 Athanasius
1071 1003 1179 1038 adver·

293 1060 345 1093 sus
356 1057 539 1097 Atinam,
556 1057 592 1091 &
606 1055 899 1099 Apolinaristicam
927 1054 1064 1089 haerefim
1091 1065 1179 1088 com-

292 1109 401 1152 posuit
424 1106 784 1153 nouumSymbolum.
814 1106 888 1140 Effe
901 1113 1013 1139 ver-um
1029 1103 1178 1138 Athana-

291 1160 329 1193 fii
353 1166 458 1202 opus,
487 1159 547 1191 suo
573 1157 650 1191 loco
671 1156 968 1190 demonstrabitur.
996 1154 1175 1190 Nihilomi·

291 1221 356 1243 nus
376 1208 466 1251 quod
488 1209 523 1241 in
536 1208 599 1242 isto
610 1214 666 1250 per
677 1207 848 1250 septimam
861 1206 1034 1250 Synodum
1063 1205 1180 1249 produ-

291 1261 344 1294 ἂο
357 1259 520 1302 Symbolo
533 1264 674 1301 magnus
689 1256 825 1290 Basilius
838 1268 907 1290 non
923 1256 1107 1299 baptizarit,
1119 1266 1178 1288 nec

292 1310 457 1353 baptizare
478 1308 575 1342 suerit
597 1308 712 1347 ausus,
739 1305 933 1340 lucidisfime
957 1306 1113 1349 professus
1132 1306 1176 1339 est

290 1362 383 1404 supra
423 1359 539 1393 litteris
596 1357 640 1391 ad
685 1351 935 1391 Antiochenam
966 1356 1144 1390 Ecclesiam
1170 1380 1177 1388 .

290 1409 504 1445 Lucidiffime
528 1407 700 1451 profitetur
725 1408 758 1441 se
785 1406 945 1450 baptizare
972 1408 1007 1440 in
1038 1406 1178 1440 Nieaeno

289 1460 475 1504 symbolo.
513 1458 617 1507 Qod
641 1459 748 1501 ipsum
774 1458 918 1491 omnino
941 1457 1088 1491 fecerunt
1112 1456 1178 1490 Na-

289 1512 466 1546 zianzenus
477 1507 707 1552 Gregorius‚&
718 1518 859 1551 magnus
870 1506 1077 1542 Athanasius.
1107 1505 1177 1542 Uti

290 1560 392 1596 hodie
404 1560 480 1595 Nos
495 1560 528 1593 in
542 1559 713 1601 Baptismo
737 1558 842 1592 solum
855 1555 1109 1601 Apostolicum,
1142 1558 1174 1590 in

289 1612 389 1646 variis
415 1620 526 1644 autem
553 1609 627 1642 aliis
652 1607 778 1642 astibus
799 1607 992 1651 profitemur
1014 1607 1174 1642 Constan-

289 1661 570 1705 stinopolitanum
599 1680 610 1698 ,
645 1659 679 1693 &
716 1657 852 1702 quidem
888 1669 964 1691 cum
993 1657 1044 1691 Pii
1068 1658 1175 1702 quarti

288 1711 464 1746 Pontificis
496 1709 752 1748 additamentis,
774 1707 990 1751 Symbolum,
1021 1709 1065 1741 ita
1093 1708 1177 1742 olim

288 1764 388 1798 variae
409 1773 463 1807 per
484 1760 610 1795 Orbem
632 1759 783 1794 Ecclesiae
805 1760 952 1793 fecerunt
965 1783 973 1792 .

371 1940 731 2014 QiAEsTlo
779 1940 1092 1989 TERTIA.

387 2064 517 2100 Uaestio
529 2062 623 2095 tertia
637 2060 684 2094 est
698 2086 709 2101 ‚
736 2061 817 2103 quod
827 2061 987 2098 symbolum
1003 2059 1069 2103 suis
1090 2063 1175 2093 Cate-

409 2114 562 2147 cbumenls
584 2112 748 2145 tradiderit
770 2114 887 2143 Latina
915 2109 1040 2152 Ecclesia
1064 2112 1077 2144 ?
1113 2110 1177 2144 Re-

427 2163 574 2208 spondeo
595 2162 718 2204 semper
744 2161 890 2194 mansisse
910 2161 1119 2195 constantem
1140 2159 1174 2193 in

288 2217 347 2251 usu
372 2215 473 2250 solius
489 2210 862 2257 ApostoliciSyrnboli.
891 2210 1019 2245 Diserte
1041 2210 1073 2244 id
1097 2210 1173 2243 affir-

288 2275 358 2300 mat
380 2265 415 2299 in
430 2263 619 2308 Apostolici
631 2261 783 2305 Symboli
808 2262 1011 2304 expositione
1022 2261 1189 2301 Ruffinus„

289 2314 488 2359 Presbyter,
514 2323 615 2358 agens
636 2312 677 2346 de
691 2312 842 2345 Romana
855 2312 1025 2354 praesertim
1038 2335 1049 2351 ‚
1076 2322 1113 2345 ac
1134 2307 1177 2343 de

288 2368 343 2400 sua
358 2363 576 2409 Aquileiensi.
600 2361 764 2396 Adfirmat
779 2362 810 2395 se
821 2363 883 2395 esse
899 2361 1023 2395 ibidem
1050 2361 1084 2394 in
1115 2361 1175 2394 isto

290 2415 452 2459 Symbolo
480 2414 700 2458 baptizatum.
730 2411 826 2446 Istam
851 2412 1092 2455 expositionem
1115 2410 1176 2444 esse

290 2465 418 2499 Ruffini
440 2476 523 2508 opus
548 2464 682 2497 testatur
707 2462 741 2496 in
766 2461 1068 2496 Ecclesiasticorum
1096 2461 1174 2494 Scri-

290 2510 423 2560 ptorum
437 2514 602 2559 Catalogo
617 2512 813 2546 Gennadius
833 2512 1059 2546 Massiliensis:
1087 2510 1173 2552 Ruffi-

291 2578 349 2600 nus
366 2569 487 2607 proprio
508 2563 607 2596 labore
621 2587 631 2602 ,
657 2565 745 2595 imm&
765 2568 870 2606 gratia
885 2565 943 2595 Dei
957 2564 991 2595 Q&
1003 2563 1076 2594 dono
1091 2568 1175 2602 expo·

292 2614 356 2660 ¹suit
377 2614 538 2654 symbolum
565 2638 576 2655 ‚
602 2622 636 2647 ut
663 2619 694 2646 isi
717 2614 781 2652 ejus
808 2618 1025 2653 comparatione
1051 2613 1105 2644 alii
1127 2621 1178 2644 nec

292 2664 450 2709 exposuisse
470 2665 632 2698 credantur
646 2687 653 2694 .
683 2663 727 2697 Et
751 2662 785 2696 in
810 2673 903 2695 nono
921 2662 962 2695 de
975 2661 1175 2696 Sanfflffima

293 2716 464 2750 Trinitate
489 2714 592 2749 Libro
614 2712 694 2746 dicit
718 2712 758 2746 ad
782 2711 925 2747 Arianos
937 2713 1072 2746 Sanctus
1083 2710 1176 2743 Hila—

293 2767 360 2801 rius
379 2765 590 2800 Pistaviensis
613 2763 819 2805 Episcopus:
846 2760 1015 2804 Renascens
1044 2773 1101 2793 non
1112 2772 1173 2793 con-

286 2816 382 2861 seffus
410 2828 441 2850 es
454 2828 492 2850 ex
514 2806 683 2847 &ananei
704 2813 804 2856 filium
814 2813 952 2845 natum?
976 2812 1090 2845 Palam
1101 2812 1175 2844 sunt

296 2867 393 2900 verba
406 2878 473 2900 non
487 2865 616 2900 Nicaeni
629 2863 780 2907 Symboli
794 2887 804 2902 ‚
832 2862 886 2896 sed
902 2862 1084 2905 Apostolici
1096 2885 1103 2893 .
1131 2861 1175 2895 Et

299 2917 335 2951 in
359 2916 462 2950 Libro
488 2915 528 2949 ad
550 2916 782 2958 Imperatorem
808 2911 1042 2947 Constantium
1065 2910 1175 2945 laudat

295 2965 389 3009 fidem
398 2965 551 3009 confeffam
563 2971 595 2998 in
608 2961 800 3007 Baptismate
812 2986 823 3003 ,
849 2963 1015 3005 ipsamque
1027 2962 1176 2995 adfirmat

300 3027 368 3049 non
383 3016 581 3060 Synodalem
601 3016 684 3054 effe,
714 3014 767 3047 sed
792 3013 927 3056 primam
955 3013 989 3046 &
1003 3012 1178 3056 Evangeli-

299 3076 374 3099 cam
385 3090 395 3104 ,
425 3067 478 3099 seu
493 3064 734 3107 Apostolicam.
763 3063 807 3097 Et
818 3063 851 3096 in
865 3062 968 3096 Libro
982 3063 1022 3096 de
1034 3060 1178 3106 Synodis

300 3114 411 3148 scribit
433 3115 473 3148 de
486 3115 675 3157 semetipso:
702 3114 1057 3157 Regeneratuspridem‚
1085 3113 1119 3145 <5
1147 3117 1179 3144 in

300 3163 352 3206 islo
365 3162 545 3206 Episcopatu
558 3165 730 3205 ali—quanter
746 3172 931 3204 permanens
942 3187 954 3204 ‚
971 3162 1064 3204 fidem
1077 3166 1111 3195 N
1114 3168 1176 3196 ica-²-

300 3225 373 3248 nam
395 3225 548 3255 nunquam
562 3213 618 3255 nifi
627 3214 803 3246 exulaturus
817 3214 924 3246 audivi
937 3236 944 3243 .
973 3212 1077 3260 Qod
1091 3224 1178 3246 nem-

299 3273 341 3309 pe
364 3263 534 3297 Gallicana
554 3262 694 3296 Ecclesia
718 3274 784 3295 non
812 3264 847 3296 in
875 3263 1035 3305 Nicaeno,
1063 3261 1116 3296 sed
1143 3263 1178 3295 in

299 3313 374 3349 solo
400 3312 597 3356 Apostolico
623 3311 784 3353 Symbolo
821 3312 1000 3355 baptizaret
1030 3339 1037 3345 .
1074 3312 1177 3360 Qod

300 3363 470 3407 ipsumxin
494 3360 584 3396 libris
606 3372 719 3395 contra
755 3361 984 3404 Eutychianos
1010 3364 1178 3408 insigniter

300 3413 399 3447 docet
419 3411 568 3458 Vigilius
592 3435 603 3452 ,
638 3411 748 3444 nescio
775 3410 865 3451 cujus
891 3412 925 3444 in
955 3413 1066 3449 Africa
1095 3414 1177 3448 sedis

301 3463 499 3510 Episcopus.
527 3460 652 3498 Nescio
678 3460 752 3506 quis
766 3458 997 3503 Eutychianus
1017 3465 1178 3512 dogmati.

799 52 803 57 ⁴
835 59 1197 125 <SYM130LUM
1233 66 1583 130 mmmm·-

1258 163 1336 188 cum
1345 154 1454 192 Sansti
1465 158 1590 193 Leonis
1600 157 1695 202 Papz
1705 158 1857 196 Tomum
1870 159 1916 195 est
1927 158 2130 199 hostilissime

1259 204 1428 242 insectatus
1441 233 1452 249 ,
1478 209 1632 252 &primo
1655 208 1723 250 haec,
1743 210 1811 254 ejus
1832 211 1946 246 verba:
1979 212 2131 249 Fideleum

1258 256 1440 299 Univerfitas
1462 258 1621 301 profitetur
1638 258 1673 303 se
1693 263 1812 295 credere
1837 268 1870 295 in
1891 265 1989 296 Deum
2006 265 2131 299 Patrem

1256 311 1479 348 omnipotentem
1500 333 1510 349 ,
1536 309 1571 343 ά
1596 315 1630 342 tn
1643 309 1757 355 Jesum
1775 311 1926 354 christum
1941 311 2042 355 filma
2064 316 2130 356 glus

1258 357 1415 391 Dominum
1436 358 1583 399 nostrum.
1609 359 1694 393 Sunt
1715 361 1813 396 verba
1838 362 2024 406 Apostolici
2037 364 2131 407 Sym-

1258 403 1346 439 boli.
1371 411 1446 442 Huic
1465 410 1606 452 capitulo
1625 409 1660 442 ob
1681 412 1717 443 id
1737 411 1787 451 iste
1810 411 2041 457 Eutychianus
2050 416 2131 448 etlu-

1255 461 1390 490 mniatur
1403 480 1413 498 ,
1438 471 1490 493 cur
1511 471 1569 493 non
1595 460 1710 492 dixerit
1730 466 1763 494 in
1772 460 1971 497 unum-*Deum
1982 466 2151 516 Patrem-5,

1255 506 1332 538 &in
1343 518 1433 542 unum
1437 508 1552 554 Jesum
1563 509 1712 549 Christum
1727 510 1825 552 filium
1847 515 1934 554 ej‘us,
1952 515 2051 555 juxta
2069 516 2143 548 NF

1253 561 1330 589 caem
1339 558 1488 592 decretum
1498 561 1641 593 Concilti.
1671 560 1835 605 Magnum
1847 559 1997 598 Leonem
2018 565 2127 610 arguit

1254 606 1343 650 quod
1356 606 1551 651 Apostolico
1564 635 1575 650 ,
1602 621 1669 643 non
1683 610 1823 645 Nicaeno
1843 612 2006 656 Symbolo
2026 623 2128 649 utere—

1253 666 1305 690 tur
1322 656 1417 700 juxta
1436 658 1636 703 Ephesinum
1663 660 1838 695 Canonem
1858 685 1870 702 ,
1896 673 2014 708 nempe
2038 665 2127 699 calu-

1250 707 1397 742 mniator
1407 708 1640 753 Eutychianus
1667 711 1730 744 fuit
1754 709 1859 744 homo
1875 714 2065 755 orientalis,
2091 716 2126 749 &

1252 758 1389 798 profano
1413 758 1540 794 Photio
1566 761 1753 803 exemplum
1781 760 1916 804 praebuit
1934 775 1977 797 ex
1998 763 2127 798 diverso

1251 806 1464 842 Ecclesiarum
1494 810 1558 844 ritu
1580 811 1763 854 accipiendi
1786 813 1897 852 ansaS,
1925 813 1959 847 &
1978 814 2127 847 fomenta

1250 855 1440 893 calumnia.
1467 860 1602 894 sanstus
1622 872 1698 895 vero
1713 862 1859 907 Vigilius
1878 863 2041 907 reposuit:
2067 865 2130 897 Sed

1252 910 1352 941 Romae
1367 933 1376 948 ‚
1405 910 1439 942 Θ
1450 920 1615 953 antequam
1627 916 1759 945 Nicaena
1780 913 1909 950 synodus
1932 919 2125 955 conveniret,

1249 959 1268 989 ἃ
1281 959 1464 1000 temporibus
1485 961 1678 1003 Apostolorum
1688 960 1778 1005 usque
1790 973 1868 995 nunc
1878 988 1888 1003 ,
1916 965 1950 997 Θ
1954 962 2011 1007 sub
2022 963 2120 997 beatae

1248 1014 1394 1042 memorie
1405 1010 1546 1051 celestino
1557 1036 1567 1051 ,
1592 1017 1639 1045 cui
1662 1011 1711 1052 iste
1735 1012 1823 1045 retPae
1835 1013 1909 1055 fidei
1918 1013 2124 1054 Testimonium

1249 1058 1407 1098 reddidit,
1433 1065 1479 1092 ita
1496 1061 1635 1102 fidelibus
1645 1062 1807 1100 symbolum
1816 1064 1965 1097 traditur.
1992 1065 2125 1107 Nempe

1248 1109 1313 1141 fine
1337 1109 1482 1143 Nicaenis
1506 1110 1761 1151 additamentis,
1787 1112 1921 1155 simplex
1947 1112 2128 1157 Apostolo-

1249 1169 1318 1193 rum
1332 1158 1531 1202 Symbolum
1546 1184 1556 1200 ,
1582 1160 1617 1194 ὅ(
1637 1158 1728 1193 hunc
1749 1159 1884 1196 sanetus
1909 1158 2124 1204 Ambrosius,

1247 1209 1378 1243 Sanctus
1400 1209 1632 1255 Augustinus,
1657 1210 1792 1245 Sanstus
1813 1211 1983 1246 Maximus
2004 1208 2126 1247 ‘sauri'²

1251 1260 1353 1293 nensis
1365 1283 1375 1300 ,
1401 1260 1522 1304 aliique
1533 1261 1731 1294 Latinorum
1742 1261 1871 1305 antiqui
1882 1261 2039 1306 Episcopi
2058 1262 2124 1301 suin

1248 1308 1506 1344 Catechumenis
1526 1311 1648 1354 semper
1668 1311 1874 1346 tradiderunt
1902 1322 2000 1354 atque
2024 1321 2127 1356 expo·

1247 1361 1377 1394 suerunt
1391 1360 1623 1404 Apost‘olicum
1635 1360 1831 1404 Symbolum
1846 1386 1856 1402 ,
1869 1368 1871 1370 ’
1883 1362 1994 1397 nullus
2019 1362 2125 1397 Nice*

1248 1422 1324 1444 num
1336 1436 1343 1443 .
1371 1410 1467 1445 Hinc
1478 1411 1558 1446 item
1572 1408 1751 1445 Marcellus
1767 1412 1908 1455 Ancyrae
1918 1412 2038 1457 Episeo
2083 1421 2100 1447 s
2111 1435 2122 1454 ,

1245 1462 1355 1503 prirnae
1373 1461 1511 1496 Galatiae
1533 1461 1751 1505 Metropolita
1779 1485 1790 1502 ,
1827 1461 1945 1497 Romae
1964 1474 1983 1497 a
2001 1470 2004 1473 '
2071 1462 2125 1507 Iu*-

1245 1511 1325 1545 lium
1338 1510 1538 1546 Pontificem
1561 1513 1592 1545 se
1603 1518 1745 1557 purgans
1769 1511 1812 1547 de
1823 1510 1928 1547 haerefi
1940 1537 1951 1554 ‚
1980 1513 2048 1547 noui
2061 1510 2125 1548 Ni»

1243 1572 1366 1595 caenum
1380 1563 1536 1604 professus
1557 1560 1846 1606 estSymbolum,
1872 1562 1926 1596 sed
1953 1560 2124 1607 Apostoli-
2192 1576 2201 1586 ⁴
2272 1569 2297 1594 ἰ

1245 1623 1339 1645 cum.
1368 1611 1499 1656 Nempe
1511 1611 1615 1646 homo
1625 1613 1726 1647 etiam
1748 1623 1868 1658 graecus
1889 1613 2008 1647 Roma
2028 1613 2124 1657 profl-

1242 1662 1302 1696 teri
1324 1661 1439 1696 debuit
1455 1674 1521 1696 non
1536 1673 1641 1707 graeco
1653 1673 1744 1696 more
1756 1663 1809 1696 sed
1830 1662 1953 1698 latino.
1983 1663 2046 1697 Ista
2067 1662 2122 1698 ha·-

1245 1712 1299 1746 bes
1320 1714 1353 1745 in
1393 1712 1535 1747 Panario
1561 1712 1674 1746 sanai·
1691 1711 1872 1755 Epiphanii
1894 1738 1902 1745 .
1941 1713 1987 1748 Et
2026 1713 2121 1748 tertia

1244 1762 1447 1798 Bracarensis
1480 1762 1635 1806 Synodus
1657 1762 1768 1796 statuit
1782 1775 1796 1806 :¹
1817 1761 2029 1796 Catecbument
2046 1765 2123 1805 ΜΛ

1244 1812 1341 1845 bolum
1352 1814 1435 1854 quod
1442 1813 1488 1854 -est
1500 1826 1511 1845 .·
1537 1813 1680 1845 Credam
1691 1814 1789 1845 Deum
1805 1815 1931 1845 Patrem
1940 1813 2123 1856 omnm
2136 1804 2211 1835 Εἶθ’
2225 1813 2250 1834 ¹⁹
2285 1812 2294 1825 ³

1243 1873 1324 1902 tem,
1346 1861 1517 1904 specialiter
1529 1864 1709 1896 deceantur.
1737 1862 1930 1897 Lucideest
1953 1863 2123 1906 Apono*

1243 1923 1320 1947 cum
1340 1911 1554 1955 Symbolum.
1583 1913 1628 1947 Et
1645 1913 1792 1947 adversus
1805 1913 2005 1954 Elipandurn
2016 1913 2121 1954 Μ’·

1242 1974 1358 1998 tanum
1380 1961 1675 2006 Archiepiscopum
1706 1962 1815 1997 scribit
1837 1962 1991 1998 Etherius
2025 1961 2121 1999 Uxa-

1242 2013 1359 2047 mensas
1371 2013 1570 2056 Episcopus:
1584 2015 1747 2057 surgamus
1758 2024 1824 2046 cum
1832 2012 1902 2055 ipsis
1918 2012 2071 2056 apostolis,
2083 2015 2119 2049 θ’

1237 2064 1311 2105 fidei
1329 2062 1433 2100 nostrae
1453 2063 1615 2102 symbolum
1642 2088 1652 2104 ‚
1689 2065 1769 2106 quod
1793 2064 1989 2096 tradiderunt
2013 2062 2118 2105 nabin

1241 2115 1328 2148 brevi
1336 2115 1505 2156 compendio
1522 2119 1677 2147 recitemus
1690 2137 1697 2146 .
1725 2117 1772 2147 Et
1777 2113 1870 2156 fidem
1891 2120 1924 2146 in
1942 2125 2003 2157 qua
2021 2113 2120 2156 bapa-

1241 2163 1414 2207 zatisumus
1431 2188 1442 2203 ,
1467 2169 1500 2196 in
1523 2163 1579 2196 bac
1586 2162 1782 2206 perversitate
1793 2165 1826 2197 o·
1838 2160 2015 2206 duplicitate
2022 2160 2116 2198 ber*

1241 2222 1362 2248 ticorum
1387 2226 1444 2246 non
1466 2225 1604 2258 negemus
1617 2239 1624 2246 .
1654 2214 1697 2247 Et
1711 2215 1836 2248 ,recitat
1857 2224 1967 2248 totum
1978 2212 2123 2259 Syffiffl
2161 2213 2169 2221 “

1241 2266 1308 2298 lum
1318 2263 1562 2313 vApostolorum
1572 2288 1579 2296 .
1609 2263 1718 2306 Ipsum
1731 2263 1881 2298 adfirmat
1899 2265 1963 2298 esse
1974 2261 2120 2307 Apo&-

2139 1645 2288 1685 Harena.

2137 1698 2201 1729 cap.
2226 1699 2253 1729 3.

1206 2322 1213 2328 '⁴
1241 2316 1342 2349 licum
1356 2339 1365 2354 ,
1392 2314 1573 2348 &omnem
1585 2314 1782 2357 Hispaniam
1795 2313 1829 2348 in
1851 2313 1922 2357 ipso
1941 2312 2116 2357 baptimi.

1240 2363 1607 2412 Qodipsuminlibris
1627 2364 1668 2398 de
1679 2362 1907 2398 Ecclesiasticis
1933 2363 2050 2398 officiis
2070 2363 2118 2398 di-

1241 2417 1318 2450 serte
1339 2414 1437 2449 tradit
1459 2415 1560 2449 etiam
1572 2414 1704 2448 San-stus
1729 2413 1868 2448 Isidorus
1889 2411 2118 2457 Archiepiseo-
2155 2451 2162 2458 ,

1241 2477 1298 2508 pus
1324 2464 1544 2508 Hispalensis.
1573 2465 1617 2499 Et
1641 2465 1676 2498 in
1698 2463 1846 2507 populari
1871 2463 2018 2498 sermone
2039 2463 2118 2498 San·
2132 2449 2285 2483 ¹⁴¹b·²·⁶·²²'

1239 2518 1308 2549 &us
1328 2515 1458 2560 Eligius
1479 2514 1699 2549 Tornacenfis
1725 2514 1907 2557 Episcopus
1940 2513 2117 2549 -inseoemt

1241 2566 1325 2600 varia
1345 2565 1503 2607 crimina;
1529 2564 1681 2599 adfirmat
1702 2564 1766 2598 esse
1787 2564 1975 2598 solemniter
2000 2562 2118 2602 ww

1240 2618 1361 2659 prismo
1381 2615 1495 2659 ejerata
1518 2615 1655 2650 Diaboli
1676 2626 1798 2658 opera,
1823 2623 1920 2658 atque
1942 2605 2117 2662 adjunffltt

1242 2664 1411 2707 Promist'stls
1421 2674 1525 2699 contra
1537 2666 1656 2698 eredere
1667 2676 1723 2698 vos
1734 2670 1767 2697 in
1781 2667 1876 2697 Deum
1889 2666 2130 2702 Ραινσωῦἥ>

1234 2724 1386 2758 potentem
1397 2726 1420 2756 ‚·
1432 2717 1469 2750 ὠ·
1477 2722 1512 2748 in
1525 2718 1558 2760 J
1560 2713 1639 2758 esiam
1650 2713 1799 2755 christum
1819 2717 1942 2746 Unicum
1953 2710 2119 2748 Dammh

1238 2765 1383 2807 nostrum.
1410 2765 1524 2810 Pergit
1544 2776 1732 2799 enumerare
1754 2760 1943 2807 Apostolici'
1963 2762 2116 2808 symboli

1238 2816 1414 2850 articulos:
1441 2814 1587 2850 Plurima
1601 2817 1674 2850 sunt
1685 2814 1843 2858 ejusmodi
1867 2812 2115 2850 testimo'niae'fl'-

1239 2866 1355 2899 tissime
1377 2866 1554 2900 clamantia
1584 2877 1720 2899 omnem
1753 2864 1906 2898 Latinam
1935 2864 2113 2899 Ecelmm

1238 2917 1361 2960 semper
1374 2917 1406 2950 in
1422 2916 1618 2960 Apostolico
1629 2915 1791 2959 Symbolo
1802 2914 1973 2958 baptizasse
1985 2921 2006 2946 .’
2047 2910 2079 2927 ”“’
2102 2933 2105 2936 ‹

1287 2966 1468 3001 Rationem
1491 2967 1546 3002 dat
1566 2967 1600 2999 in
1623 2965 1772 3009 Symboli
1794 2958 2112 3008 expositione-'Kisa

1241 3027 1300 3050 nus
1310 3016 1503 3059 Presbyter:
1531 3021 1568 3049 1n
1578 3015 1702 3058 diverfis
1715 3013 1849 3057 Ecclefits
1868 3016 1972 3057 aliqua
1990 3013 2114 3051 'nilm-

1238 3067 1294 3100 boli
1306 3066 1409 3100 verbis
1431 3073 1629 3100 inveniuntur
1640 3065 1760 3107 adjeaa
1772 3089 1781 3097 .
1808 3070 1847 3098 In
1863 3061 1989 3104 Ecclefia
2010 3068 2112 3095 tamn

1239 3116 1327 3150 Urbis
1341 3120 1443 3150 Romae
1466 3117 1517 3149 hoc
1537 3129 1594 3150 non
1616 3115 1847 3158 deprehenditur
1861 3113 1999 3155 faidum·
2021 3113 2116 3155 ,Quod

1239 3179 1287 3210 ego
1294 3174 1456 3209 propterea
1465 3167 1518 3211 effe
1530 3167 1660 3200 arbitror
1671 3191 1681 3208 ‚
1706 3165 1788 3208 quod
1806 3167 1897 3207 neque
1921 3160 2040 3203 baerefis
2050 3162 2113 3194 usk

1239 3218 1298 3252 illic
1317 3215 1440 3260 sumpfit
1458 3219 1611 3251 exordium
1633 3240 1643 3256 ,
1668 3217 1704 3251 (9*
1725 3226 1786 3248 ms
1806 3212 1851 3246 &i
1868 3210 2012 3255 servatur
2033 3217 2115 3246 anti·-

1240 3280 1315 3311 quus
1328 3292 1338 3308 ,
1365 3279 1432 3309 eos,
1456 3274 1506 3310 qui
1521 3273 1659 3311 gratiam
1682 3261 1834 3307 Baptista!
1846 3259 2114 3304 sufiepturifient,

1235 3318 1374 3360 publice,
1401 3321 1438 3350 td
1454 3318 1492 3359 est
1505 3343 1515 3358 ‚
1537 3318 1623 3360 fideli
1637 3317 1746 3358 Populo
1767 3312 1928 3351 audiente,
1953 3311 2114 3351 symbolum

1240 3370 1382 3408 reddere,
1410 3370 1557 3410 &utique
1566 3366 1760 3407 adiecffionem
1778 3364 1866 3396 unm
1879 3359 1990 3404 saltem
2006 3359 2115 3404 sernu-

1242 3425 1289 3451 nis
1316 3431 1413 3452 eorum
1436 3424 1488 3460 qui
1504 3416 1710 3459 praeceffertent
1729 3420 1761 3446 in
1780 3411 1865 3455 fide,
1891 3422 1948 3445 non
1973 3413 2113 3445 admittit

1240 3470 1382 3502 auditus.
1409 3472 1447 3502 In
1456 3473 1574 3508 caeterir
1583 3474 1682 3501 autem
1701 3465 1793 3504 locis,
1818 3472 1965 3505 quantum
1986 3463 2115 3506 intell&

1956 3510 2068 3553 snut,
