2346 3776
5 3235 7 3239 Δ
71 3260 140 3292 Aa.

165 3261 189 3292 ιζ

650 115 957 174 Scn0'1115‚
993 130 1055 161 ετ
1091 128 1262 162 Nous
1298 129 1681 161 utusraarr.

245 198 296 234 dit
318 198 448 235 etiami
467 196 608 243 Synodo
619 196 883 234 Chalcedonensi
903 199 1047 235 &omni
1073 199 1138 234 Ec·

245 250 336 285 clefia
357 260 535 293 utrumque
554 249 754 291 Symbolum
775 261 835 293 pro
858 261 929 284 uno
951 249 1107 285 habiturn
1125 274 1136 290 ,

246 301 282 335 δι
303 299 716 342 constantinopolitanum
747 299 859 344 passim
877 300 1035 344 appellari
1070 300 1130 334 Ni-

1917 116 2016 178 365⁴

1193 197 1273 233 dum
1296 198 1384 233 dixit
1404 198 1592 240 Eusebius,
1617 200 1760 242 Dorylei
1781 200 1817 237 in
1837 201 1986 250 Phrygia
2008 200 2088 249 Episs

1195 250 1312 293 scopus
1324 263 1336 284 .·
1363 254 1450 283 Hanc
1470 251 1605 294 regulam
1617 248 1792 293 sanlllffimo
1814 257 1912 296 Papae
1936 260 2029 289 Leoni
2049 262 2095 291 m,

1194 299 1265 332 urbe
1275 303 1372 332 Roma
1387 301 1515 344 praelegi
1528 312 1602 345 ego,
1628 301 1839 344 presentibus
1860 306 1985 338 clericis
2008 310 2086 339 Con-

245 362 373 385 caenum
390 375 400 383 .
427 349 511 397 Qae
530 349 600 393 ejus
624 349 711 384 dista
732 350 848 385 Latini
867 351 1000 385 fuerunt
1032 349 1135 384 liben-
1186 349 1489 391 stantinopolitanis‚
1514 362 1640 400 eamque
1646 349 1794 394 suscepit.
1826 352 1870 386 Et
1899 354 2086 393 Chalcedo-

205 428 207 431 .
246 399 366 434 tiffime
386 400 530 443 amplexi
555 424 564 432 .
599 400 712 435 Etiam
736 401 928 435 Marcianus
963 400 1135 445 Augustus

247 450 284 484 in
304 449 483 485 Divalibus
500 449 542 485 ad
564 450 740 495 Synodum
751 449 1062 488 Chalcedonensem
1083 450 1134 483 lit-

246 499 325 534 teris
345 510 402 543 per
421 500 594 535 Nicaenum
622 501 790 535 intellexit
823 500 1133 544 Constantinopoli-

247 560 388 590 tanum,
413 561 513 595 atque
535 550 615 585 hinc
636 551 679 585 ab
699 548 963 594 Eutychianistis
987 550 1134 595 AEgypti

247 601 422 645 Episcopis
441 611 569 646 arrepta
589 601 720 636 occasio
741 601 942 638 reclamandi
964 601 1006 635 ad
1026 601 1134 634 solum

247 650 426 685 Nicaenum
449 677 456 684 .
483 652 558 686 Nec
579 650 742 695 Ephesina
764 676 775 691 ,
818 652 872 686 sed
898 651 966 685 haec
987 651 1053 695 ipsa
1075 662 1131 684 no·

247 700 312 735 stra
345 701 721 745 Constantinopolitana
753 702 910 745 Synodus
941 700 1006 735 hoc
1028 701 1135 736 locu,-

247 751 350 785 tionis
361 752 631 797 genusiaduxst,
656 751 699 786 de
718 752 776 785 suo
797 750 960 794 symbolo
972 751 1086 785 dicens
1098 751 1131 783 in

246 803 355 846 primo
379 802 541 837 Canone:
569 807 642 838 Non
661 801 868 845 spernendam
889 803 940 845 esse
957 800 1051 843 fidem
1075 803 1135 834 Pa-

247 861 331 885 rrum
363 861 558 888 trecentorum
589 854 687 892 decem
707 853 743 894 έν
762 852 823 885 οέῖο
844 876 856 892 ,
896 857 947 894 qui
969 857 1002 884 in
1023 856 1134 887 Nicaea

246 911 448 938 convenerunt
458 927 468 942 ‚
476 901 539 945 sed
545 913 666 939 manere
674 914 742 941 cam
753 911 856 935 ratam
868 910 984 944 oportet
994 926 1001 933 .
1026 900 1131 935 Porro

246 963 290 986 ex
313 952 440 987 cunffls
459 950 557 995 hujus
580 953 710 995 Synodi
733 953 812 986 actis
832 953 971 987 unicum
996 950 1135 995 Symbo-

246 1002 317 1036 lum
347 1001 502 1047 probavit
532 1002 689 1042 Romana
722 1002 864 1037 Ecclesia
888 1015 896 1034 ε
934 1002 1030 1036 Hinc
1051 1000 1132 1045 ergo

244 1063 383 1086 omnem
404 1052 578 1095 synodum
590 1052 649 1086 sub
670 1054 805 1091 Nicaena
818 1051 1018 1095 quandoque
1041 1059 1133 1085 co'm-

245 1100 455 1146 prehendunt
480 1127 490 1144 ‚
516 1104 550 1137 &
572 1103 660 1147 quasi
683 1115 743 1147 pro
764 1102 879 1137 eadem
900 1101 1025 1137 habent
1045 1101 1133 1136 Pon-

246 1153 352 1187 tifices
377 1154 525 1188 Romani
545 1179 552 1186 .
584 1152 686 1200 Quod
709 1154 813 1197 ipsam
839 1163 949 1187 tamen
971 1163 1041 1186 non
1070 1152 1135 1194 ple·

246 1202 290 1236 ne
310 1204 490 1246 tacuerint,
519 1203 650 1246 ostendi
670 1203 834 1248 superius,
860 1203 903 1238 de
924 1213 994 1247 quo
1007 1202 1133 1237 rursum

245 1253 332 1288 infra
348 1279 355 1287 .
936 1251 941 1258 '

297 1303 330 1337 A
341 1304 462 1346 quinto
474 1314 673 1349 argumento
683 1303 869 1338 existimem
881 1302 979 1348 quaeri
1004 1302 1133 1337 nodum

245 1353 282 1386 in
303 1355 428 1398 scirpo.
456 1354 562 1402 Qiod
585 1365 730 1398 namque
741 1354 906 1399 Gregorio
923 1365 1024 1387 omne
1041 1353 1135 1396 Sym·

245 1403 362 1438 bolum
386 1404 534 1439 nostrum
558 1406 660 1440 fuerit
681 1403 914 1439 authenticum
939 1428 950 1444 ‚
986 1415 1055 1437 non
1087 1403 1132 1437 est

244 1453 482 1500 ambigendum
495 1480 502 1487 .
530 1455 696 1499 Loquitur
716 1466 759 1488 ex
778 1454 888 1489 Sancti
910 1453 1032 1487 Gelafii
1055 1453 1135 1487 Prat-

244 1503 418 1546 decessoris
428 1504 645 1547 suiRomana
657 1504 819 1548 synodo,
844 1514 914 1547 quae
939 1504 974 1536 δε
997 1503 1066 1545 ipsa
1088 1503 1134 1536 af-

243 1554 354 1588 firmat
364 1555 560 1590 damnatum
571 1555 678 1589 solum
691 1552 931 1592 Macedonium
940 1576 951 1593 ‚
977 1551 1133 1586 videlicet

244 1613 282 1637 ut
294 1614 385 1637 reum
398 1603 623 1650 principaliter
632 1604 652 1639 a
663 1603 802 1646 synodo
815 1602 974 1646 petitum.
1002 1601 1133 1636 Eodem

243 1653 350 1688 modo
362 1654 545 1697 loquuntur
554 1654 612 1687 alii
624 1653 731 1696 plures
743 1675 753 1691 ,
781 1653 914 1696 ipsaque
926 1653 1014 1685 sexta
1027 1652 1134 1694 Syno-

243 1703 307 1738 dus
319 1704 353 1737 in
366 1704 514 1743 sermone
524 1703 565 1737 ad
578 1703 768 1746 Principem
778 1701 1032 1736 adclamatorio:
1061 1701 1134 1735 Nec

245 1753 324 1787 ideo
352 1752 601 1797 Apollinarium
623 1777 635 1794 ,
672 1761 729 1787 aut
747 1751 898 1786 adversus
919 1751 1015 1785 illum
1037 1752 1135 1786 fastas

244 1802 400 1846 Symboli
422 1803 609 1838 additiones
628 1802 811 1837 excludunt
823 1826 830 1834 .

295 1854 425 1901 Qarta
446 1853 581 1898 quaestio
601 1853 647 1888 est
671 1878 682 1894 ,
708 1864 750 1886 an
774 1851 810 1886 hi
835 1851 992 1886 Canones
1013 1853 1134 1893 fuerint

245 1903 348 1937 etiam
371 1916 428 1947 per
464 1905 655 1939 Romanam
691 1902 870 1937 Ecclesiam
904 1902 1134 1946 comprobati?

246 1953 314 1987 Pro
325 1964 415 1998 parte
435 1953 642 1998 adfirmativa
661 1953 743 1987 facit
765 1952 948 1996 Dionysius
962 1952 1133 1997 Exiguus,

245 2004 377 2038 Graecus
400 2003 536 2049 quidem
557 2003 684 2044 homo,
711 2003 887 2044 Romanus
897 2012 1008 2039 tamen
1024 2003 1133 2037 Cano-

246 2064 329 2088 num
339 2054 495 2089 colledor
506 2080 517 2096 ,
541 2054 651 2093 codici
663 2055 721 2093 suo
734 2054 878 2090 inserens
891 2062 982 2087 totos
994 2064 1135 2098 quatuor

245 2105 370 2148 priores
382 2118 394 2138 .·
419 2104 522 2148 Haud
545 2104 645 2139 dubie
664 2103 800 2138 inseruit
811 2103 899 2139 solos
921 2104 940 2138 a
954 2104 1109 2139 Romana
1124 2128 1134 2143 ‚

245 2153 338 2197 cujus
366 2165 483 2198 panem
520 2154 638 2189 edebat
660 2178 671 2195 ,
712 2153 857 2188 Ecclesia
879 2153 1033 2192 admissos
1055 2179 1063 2186 .
1090 2154 1133 2188 Et

244 2203 455 2245 Anastasius,
486 2205 649 2244 Romanae
670 2204 818 2244 Ecclesia:
834 2202 1133 2244 Bibliothecarius,

245 2255 282 2288 in
295 2255 487 2298 praefatione
499 2255 628 2298 Synodi
641 2256 760 2288 octavae
772 2254 813 2287 ad
825 2253 1012 2287 Adrianum
1025 2255 1133 2294 secun·

245 2304 327 2339 dum
348 2304 551 2347 Pontificem
571 2304 708 2347 scribit,
734 2303 905 2348 quomodo
928 2305 963 2337 in
984 2303 1132 2338 humano

244 2366 382 2398 corpore
394 2356 473 2397 sunt
483 2356 630 2399 quinque
642 2355 752 2389 sensus
765 2354 832 2395 ,ita
854 2354 889 2387 in
911 2355 1052 2388 Ecclesia
1070 2355 1134 2389 effe

245 2406 393 2449 quinque
414 2404 621 2446 Patriarchas
643 2430 653 2445 ,
688 2404 898 2448 secundoque
933 2405 1011 2439 loco
1038 2405 1132 2448 ponit

245 2455 663 2501 constantinopolitanum
677 2479 687 2494 ‚
714 2455 830 2498 utique
842 2455 955 2499 vigore
967 2455 1052 2497 tertii
1076 2467 1133 2489 no-

245 2505 301 2538 stri
315 2504 487 2551 Gaisonis,
513 2516 611 2548 quem
626 2504 781 2545 novimus
795 2502 906 2538 haberi
930 2515 966 2539 ut
988 2505 1133 2540 maxime

246 2555 412 2589 Romanis
422 2555 580 2596 exosum.
608 2554 831 2602 Qodipsum
856 2554 897 2588 ad
920 2556 1066 2589 ociavam
1077 2555 1133 2598 Sy-

245 2604 374 2640 nodum
387 2629 397 2645 ,
423 2605 635 2648 &praesentes
647 2604 862 2648 Apostolicos
882 2605 1025 2649 Legatos
1047 2605 1132 2639 dixit

246 2666 317 2689 non
329 2655 540 2694 solummodo
550 2655 888 2699 magnificentissimus
899 2654 1061 2694 Patricius
1074 2655 1133 2689 Ba-

246 2703 371 2745 hanes‚
397 2704 450 2746 sed
472 2706 506 2739 &
531 2704 770 2748 Metrophanes
789 2706 1036 2748 Smyrnenfium
1061 2705 1131 2739 Me-

246 2755 404 2798 tropolita
427 2780 438 2801 ,
464 2755 556 2790 Sedis
578 2754 780 2799 Apostolicae
799 2755 953 2798 defensor
976 2756 1130 2800 insignis.

244 2804 291 2839 Et
302 2805 436 2842 sanstus
447 2806 596 2850 Ignatius
607 2804 795 2847 Patriarcha
821 2806 1131 2850 Constantinopoli-

244 2865 344 2889 tanus
355 2856 477 2899 semper
487 2856 560 2890 istic
569 2854 685 2897 habuit
698 2855 811 2897 locum
826 2857 1016 2897 secundum.
1035 2856 1130 2903 Qin

246 2904 353 2939 immo
375 2906 411 2938 in
432 2903 696 2945 Chalcedonensi
729 2905 869 2948 synodo
902 2906 1130 2941 Orientalibus

246 2955 421 2999 Episcopis
444 2979 456 2996 ,
481 2955 632 2998 adversus
669 2955 872 2993 Diosmrum
909 2955 1130 2991 Patriarcham

180 3029 210 3042 ,.
245 3004 511 3044 Alexandrinum
538 3017 576 3039 ac
601 3005 669 3049 ejus
693 3005 895 3050 Ephesinum
919 3006 1130 3048 latrocinium

245 3054 464 3090 clamantibus
484 3080 495 3096 ‚
522 3057 698 3095 Flavianus
736 3055 1130 3101 Constantinopolitanus

247 3107 430 3150 Episcopus
440 3111 473 3138 in
480 3112 603 3148 proprio
612 3107 669 3138 loco
680 3118 772 3149 quare
782 3118 839 3139 non
857 3105 941 3151 fidit
952 3132 963 3147 ‚
989 3107 1130 3148 Constan—

246 3158 475 3198 tmopolitanum
486 3154 667 3199 Episbopum
678 3168 771 3199 quare
784 3162 921 3199 quintum
936 3157 1102 3201 pasus-runt
1114 3158 1129 3189 ?

246 3206 413 3251 respondit
435 3205 667 3246 Paschafinus,
685 3203 913 3250 ‘Lilybetanus
925 3207 1129 3251 Episcopus,

246 3267 285 3290 ac
294 3256 386 3291 Sedis
397 3255 596 3300 Apostolicae
606 3256 751 3303 Legatus
764 3270 775 3290 .·
801 3260 878 3295 Ecce
902 3269 956 3295 nos
968 3281 980 3299 ,
1007 3260 1069 3296 Deo
1079 3269 1129 3298 vo-

245 3307 325 3339 lente
336 3330 346 3346 ,
361 3311 522 3340 Dominum
534 3308 707 3342 Anatolium
719 3332 728 3348 ,
743 3306 892 3342 Flaviani
906 3308 1129 3349 successorem,

244 3361 378 3403 primum
399 3357 541 3391 babemus
562 3381 573 3397 ,
599 3356 631 3390 ht
653 3363 791 3400 quintum
810 3355 972 3400 posuerunt
1009 3358 1130 3395 beatum

249 3406 438 3440 Flavianum
459 3432 466 3440 .
504 3408 706 3442 Dioscorum
732 3418 769 3441 ac
791 3406 858 3449 ejus
882 3408 917 3441 in
952 3407 1129 3445 latrocinio

248 3456 355 3490 socios
376 3458 484 3500 arguit
502 3458 545 3492 de
556 3457 644 3492 tertii
666 3457 767 3492 nostri
780 3456 929 3491 Canonis
952 3458 1130 3501 praevarica-

251 3507 360 3541 tione.
389 3506 602 3554 Qinimmo
611 3508 652 3542 de
662 3508 780 3543 eodem
801 3507 841 3542 ad
863 3507 1002 3543 eandem
1023 3508 1130 3551 Syno-

1194 400 1342 434 nensium
1363 399 1564 442 Canonurn‚
1594 413 1677 445 quos
1698 413 1767 440 uno
1791 402 1928 446 dempto
1952 405 2015 438 esse
2042 404 2085 439 ab

1193 449 1310 483 eodem
1338 450 1457 484 Saano
1494 451 1660 492 Pontifice
1684 452 1900 487 confirmatos
1932 453 2085 489 adfirmat

1195 499 1370 534 Facundus
1391 501 1640 536 Hermianenfis
1663 526 1675 542 ,
1701 503 1824 546 primus
1846 503 1893 536 est
1915 517 1927 537 .·
1953 505 2085 547 Regulas

1188 547 1363 592 sanc‘lorum
1375 553 1525 591 Parrum,
1546 551 1727 596 perfingula
1738 552 1919 596 nuncusque
1951 551 2085 592 eoncilia

1193 598 1365 639 constt'tutas
1392 625 1404 642 ,
1432 607 1592 643 proprium
1613 603 1702 635 robur
1723 603 1853 637 obtinere
1875 605 2082 645 decernimus.

1195 650 1383 684 Confirmat
1404 650 1556 687 codicem
1579 652 1727 692 Ecclesia:
1748 653 1903 692 universae
1916 678 1926 693 ‚
1952 654 1988 690 in
2015 665 2086 697 quo

1196 701 1269 733 sunt
1283 700 1401 745 singuli
1415 701 1517 735 nostri
1530 703 1652 745 septem
1665 702 1824 744 §annues
1845 703 2085 740 Constantino-

1196 750 1354 792 politani.
1381 751 1484 798 Qod
1496 751 1604 794 ipsum
1616 754 1733 794 repetit
1754 754 1890 797 septima
1900 754 2056 796 Synodus
2070 778 2082 794 ‚

1194 799 1286 842 cujus
1297 800 1455 836 Canones
1465 801 1591 846 probari
1606 802 1791 838 &Romana
1814 803 1979 842 Ecclefia,
2010 805 2084 838 scri-

1195 850 1242 883 bit
1269 850 1311 884 ad
1323 851 1510 896 Hugonem
1533 852 1682 895 Ecclefiae
1704 852 1936 898 Lugdunensis
1958 853 2084 896 Prima-

1196 910 1263 934 tem
1276 901 1411 935 Sanetus
1423 901 1482 944 lvo
1495 902 1679 948 Episcopus
1702 903 1914 943 Carnotenfis
1926 928 1934 935 .
1962 903 2006 945 Et
2030 903 2085 945 Ju-

1195 949 1353 985 stinianus
1365 952 1551 997 Augustus,
1581 954 1617 989 in
1629 953 1770 997 novellis
1783 952 2083 997 constitutionibus

1196 1011 1249 1042 per
1264 999 1392 1035 Sedem
1419 1003 1649 1045 Apostolicam
1685 1003 1873 1047 approbatis
1894 1029 1904 1043 ‚
1945 1002 2085 1037 scribit:

1195 1050 1374 1085 scanciarum
1385 1062 1513 1095 quatuor
1523 1055 1698 1093 &nodorum
1710 1055 1851 1098 dogmata
1867 1052 1938 1095 ficut
1954 1052 2084 1097 sandas-

1193 1102 1366 1142 Scripturas
1389 1108 1550 1144 accipimus
1563 1129 1573 1144 ‚
1599 1106 1634 1138 <35
1654 1106 1774 1149 regulas
1789 1103 1864 1146 ficut
1874 1108 1967 1148 Leges
1989 1102 2086 1146 obser·

1194 1162 1322 1189 vamus.
1351 1152 1409 1185 Eis
1421 1164 1491 1186 non
1519 1153 1671 1193 Canonis
1684 1154 1836 1194 tantum,
1863 1154 1918 1187 sed
1945 1154 1978 1187 ὃς
2000 1153 2086 1198 legis

1196 1201 1313 1235 tribuit
1335 1202 1443 1236 vicem
1469 1213 1569 1247 atque
1590 1204 1818 1238 auctoritatem
1833 1228 1840 1236 .
1869 1203 1913 1237 Et
1937 1204 2085 1247 superius

1195 1251 1327 1291 laudata
1350 1252 1497 1287 Romani
1521 1253 1698 1288 pontificis
1722 1253 1859 1298 poseffio
1885 1265 1955 1288 non
1976 1252 2086 1288 solum

1195 1303 1270 1339 osto
1283 1303 1488 1347 generalium
1499 1304 1713 1347 Synodorum
1737 1304 1860 1345 fidem,
1886 1303 1941 1338 sed
1967 1304 2000 1338 δε
2021 1304 2087 1338 Ca-

1197 1364 1301 1387 nones
1312 1377 1322 1393 ‚
1350 1354 1485 1397 asiaque
1497 1355 1613 1389 omnia
1625 1354 1795 1396 observare
1805 1354 1944 1398 spondet
1959 1367 1969 1387 .·
1997 1353 2088 1387 unde

1196 1402 1230 1446 ὃς
1241 1402 1318 1436 suos
1332 1402 1380 1438 illi
1395 1404 1552 1445 Canones
1564 1404 1695 1449 addidit
1708 1405 1862 1448 Synodus
1877 1404 2063 1438 Bafileenfis
2076 1427 2085 1434 .

1245 1452 1445 1497 Respondeo
1457 1463 1569 1494 tamen
1581 1454 1738 1488 Canones
1750 1454 1879 1488 nostros
1901 1454 1919 1486 ὲ
1938 1454 2090 1487 Damaso

1194 1500 1362 1541 Pontifice
1384 1526 1395 1544 ,
1421 1502 1555 1546 ejusque
1578 1504 1620 1537 ad
1642 1505 1745 1547 usque
1772 1503 2010 1536 Innocentium
2029 1513 2091 1536 ter-

1196 1551 1280 1585 tium
1303 1551 1560 1595 successoribus,
1589 1564 1761 1597 nunquam
1785 1553 1879 1587 fuisse
1911 1552 2067 1596 probatos
2084 1576 2094 1585 .

1198 1600 1265 1634 Eos
1275 1602 1365 1635 euim
1389 1603 1584 1646 generaliter
1610 1615 1727 1637 omnes
1752 1604 1936 1637 Lucentius
1960 1603 2092 1637 Escula-

1197 1661 1258 1690 nus
1282 1650 1483 1694 Episcopus,
1512 1662 1549 1685 ac
1575 1652 1667 1686 Sedis
1692 1652 1893 1695 Apostolicae
1922 1653 2090 1698 Legatus,

1198 1701 1232 1734 in
1244 1700 1385 1743 Synodo
1397 1700 1662 1744 Chalcedonensi
1674 1702 1844 1737 adversum
1871 1703 2089 1746 Episcopatus

1198 1750 1564 1794 Constantinopolitani
1588 1753 1787 1788 exaltatores
1799 1753 1886 1787 dixit
1906 1755 1970 1787 effe
1991 1758 2091 1787 Cano-

1197 1812 1249 1835 nes
1262 1813 1320 1834 non
1330 1800 1524 1844 conscriptos.
1552 1802 1597 1836 Et
1620 1803 1851 1837 statiminfra:
1878 1805 2089 1836 Trea-emotum

1197 1852 1295 1885 decem
1320 1853 1355 1885 &
1382 1852 1441 1884 oc‘lo
1463 1852 1715 1893 constitutionibus
1734 1852 1897 1895 postpositis
1931 1878 1942 1894 ,
1968 1864 2088 1887 centum

1196 1907 1436 1946 quinquaginta,
1464 1908 1515 1946 qui
1539 1908 1571 1934 in
1592 1902 1738 1945 Jjnoch'u's
1761 1903 1935 1944 Canonibus
1959 1915 2016 1937 non
2031 1904 2088 1938 ba-

1197 1951 1325 1993 bentur,
1352 1958 1529 1987 mentionem
1548 1954 1670 1986 tantum
1681 1953 1782 1996 fcczffe
1804 1952 1962 1996 noscuntur
1978 1978 1988 1994 ,
2017 1966 2088 1996 quae

1197 2003 1300 2036 dicunt
1313 2011 1384 2035 ante
1407 2002 1553 2046 oc‘logt‘nta
1570 2011 1663 2045 prope
1687 2015 1782 2036 annos
1804 2003 1959 2042 constituta
1975 2005 2088 2048 futffe.

1198 2052 1264 2087 Pro
1274 2052 1421 2096 olloginta
1431 2052 1496 2095 jam
1509 2054 1601 2095 supra
1622 2054 1693 2092 dixi
1710 2053 1890 2099 legendum
1908 2053 2087 2098 septuagin-

1196 2111 1245 2135 ta.
1279 2102 1373 2150 Qid
1384 2101 1426 2136 de
1438 2103 1581 2144 eisdem,
1609 2104 1781 2147 praesertim
1803 2105 1924 2145 tertio,
1950 2106 2087 2139 Sanstus

1198 2153 1268 2187 Leo
1281 2164 1421 2198 magnus
1431 2153 1612 2194 censuerit,
1639 2153 1710 2196 dixi
1724 2154 1902 2197 aliquoties
1916 2167 1927 2188 .·
1957 2154 2088 2189 Anato-

1198 2203 1278 2245 lium
1290 2203 1705 2246 Constantinopolitanum
1719 2204 1920 2247 Episcopum
1936 2205 2086 2248 culpavit

1196 2253 1359 2298 graviter,
1387 2265 1456 2287 non
1470 2253 1642 2288 dumtaxat
1663 2254 1755 2298 quod
1768 2255 1862 2288 illum
1885 2254 2020 2288 tertium
2040 2266 2087 2290 re-

1196 2304 1347 2343 suscitare
1372 2304 1405 2337 δε
1418 2304 1571 2346 ampliare
1585 2328 1596 2344 ‚
1624 2304 1678 2338 sed
1689 2304 1788 2342 etiam
1800 2304 1892 2348 quod
1904 2305 2086 2341 secundum

1196 2354 1229 2391 in
1242 2353 1382 2396 Synodo
1397 2352 1658 2395 Chalcedonenfi
1684 2354 1797 2389 locum
1811 2366 1920 2398 rapere
1940 2357 2086 2398 praesum-

1199 2404 1301 2447 psisset
1315 2429 1322 2436 .
1355 2403 1460 2447 Aliud
1472 2405 1535 2442 esse
1546 2404 1632 2438 dixit
1653 2405 1722 2447 jura
1744 2405 1900 2446 Sedium‚
1927 2405 2018 2440 aliud
2028 2406 2086 2440 de·

1197 2454 1271 2487 licta
1296 2454 1497 2497 praesulum,
1523 2454 1672 2499 adeoque
1692 2455 1737 2490 ob
1761 2455 1917 2490 Dioscori
1938 2455 2086 2490 Alexan-

1196 2504 1282 2537 dtini
1309 2503 1506 2538 Patriarchae
1528 2505 1563 2537 in
1584 2505 1724 2550 Synodo
1752 2505 1878 2548 lapsum
1902 2516 1971 2538 non
1986 2506 2084 2540 fuisse

1196 2554 1304 2588 Sancti
1331 2554 1439 2588 Marci
1468 2554 1575 2589 sedem
1597 2553 1857 2596 humiliandam.
1886 2555 2006 2598 Neque
2026 2555 2084 2590 du·

1193 2603 1286 2638 bium
1299 2629 1309 2644 ‚
1336 2605 1415 2648 quin
1429 2605 1568 2647 culparit
1595 2605 1628 2638 &
1649 2603 1877 2639 paschasinum
1898 2604 2084 2649 Legatum.

1196 2655 1350 2688 Sanctum
1364 2654 1542 2688 Eusebium
1555 2655 1797 2698 Doryleensem
1809 2679 1819 2695 ,
1847 2655 1960 2699 magni
1973 2655 2083 2690 meriti

1199 2705 1399 2748 Episcopum
1413 2729 1423 2744 ‚
1452 2705 1526 2748 quis
1537 2705 1618 2739 ausit
1628 2704 1669 2739 de
1680 2704 1854 2739 mendacio
1877 2704 1995 2739 habere
2017 2706 2082 2740 sus·

1196 2755 1350 2798 pestum?
1375 2754 1530 2790 omnino
1551 2764 1663 2788 tamen
1687 2764 1812 2788 certum
1831 2755 1875 2788 est
1887 2755 1954 2788 falli
1969 2768 1980 2788 .-
2009 2755 2082 2790 Aut

1196 2806 1263 2849 ipse
1286 2804 1508 2848 Pontificem,
1530 2814 1587 2838 aut
1598 2805 1706 2849 ipsum
1728 2804 1889 2839 Pontifex
1900 2816 1968 2851 non
1983 2804 2080 2850 plene

1195 2856 1378 2898 intellexit,
1501 2853 1506 2857 ’

1243 2906 1298 2940 De
1309 2905 1431 2947 eisdem
1443 2905 1619 2948 universim
1632 2905 1829 2946 Canonibus
1840 2904 1950 2941 scribit
1963 2904 2002 2939 ad
2014 2904 2080 2940 Eu-

1195 2957 1322 3001 logium
1335 2955 1601 2998 Alexandrinum
1615 2979 1626 2996 ,
1652 2957 1687 2990 δε
1711 2955 1917 2990 Anastafium
1938 2956 2079 2991 Patriar÷

1194 3005 1290 3041 cham
1305 3005 1559 3040 Antioche-num
1573 3006 1708 3040 Sanctus
1721 3006 1901 3051 Gregorius
1915 3017 2078 3051 magnus:

1195 3063 1334 3090 canones
1362 3056 1683 3098 Constantinopolitan}
1719 3058 1843 3090 concilii
1877 3058 2074 3095 Eudoxianor

1194 3108 1343 3146 damnant
1354 3131 1364 3147 ,
1383 3105 1444 3149 sed
1456 3112 1523 3150 quis
1537 3106 1640 3148 fuerit
1660 3117 1757 3140 corum
1772 3108 1874 3139 auc¹70r
1891 3108 2075 3147 Eudoxias,

1194 3158 1315 3190 mlnlme
1325 3157 1446 3189 dicunt.
1474 3160 1610 3191 Romana
1621 3166 1721 3190 autem
1732 3156 1858 3197 Ecclesia
1879 3155 1994 3200 cosdem
2015 3161 2076 3190 Ca-

1194 3219 1282 3241 nones
1308 3205 1444 3251 {velgcsta
1455 3209 1476 3239 5
1471 3207 1560 3245 ,modi
1571 3207 1650 3240 illius
1662 3206 1806 3249 bullenus
1820 3218 1876 3240 non
1886 3206 1976 3240 babet
1989 3231 1999 3246 ‚
2023 3218 2075 3241 nec

1193 3262 1299 3298 accipit
1322 3269 1331 3299 ;
1364 3256 1400 3289 vin
1422 3255 1473 3292 boc
1491 3266 1592 3289 autem
1615 3258 1742 3295 eandem
1775 3258 1916 3301 synodum
1941 3263 2073 3299 accepit,

1194 3308 1273 3349 quod
1281 3305 1319 3346 est
1325 3314 1384 3348 per
1396 3317 1461 3340 eam
1474 3315 1578 3347 contra
1589 3308 1793 3347 Macedonium
1814 3306 1988 3349 definltum.
2015 3309 2074 3345 Re-

1195 3358 1293 3399 liquas
1307 3359 1379 3393 vero
1389 3355 1516 3399 baeresies
1528 3380 1538 3397 ,
1564 3368 1633 3399 quae
1654 3358 1714 3390 illic
1723 3367 1895 3410 ‚memoratae
1910 3355 2004 3398 sum,
2030 3354 2072 3389 ab

1194 3408 1261 3440 aliis
1282 3408 1354 3448 jam
1382 3406 1529 3447 Patribus
1554 3408 1722 3440 damnatas
1757 3407 1897 3450 reprobat
1923 3429 1929 3436 ·
1966 3404 2072 3452 Qod

1194 3457 1299 3501 ipsum
1322 3456 1364 3490 de
1385 3457 1477 3491 sexto
1499 3457 1666 3500 speciatim
1687 3457 1827 3491 Canone
1840 3458 1932 3499 supra
1945 3456 2073 3489 audivi-

1194 3518 1266 3542 mus
1288 3518 1328 3542 cx
1342 3506 1459 3543 litteris
1478 3507 1615 3543 Nicolai
1642 3508 1738 3552 primi
1762 3506 1937 3543 Pontificis
1950 3505 1991 3538 ad
2006 3505 2073 3541 Μὶν

1875 3554 2024 3597 chaelem

2100 241 2166 276 Ast.
2200 245 2248 278 16:

2101 511 2159 546 L.5·
2170 516 2250 546 c-3.4

2098 740 2133 770 C.
2148 749 2175 769 ι.

2100 930 2235 972 Epist.68.

2145 1046 2253 1077 Novel.

2103 1095 2135 1125 13
2143 1097 2167 1118 1.
2183 1096 2239 1117 c-x.

2108 1736 2175 1769 Ast.
2184 1742 2228 1775 16„

2096 3043 2154 3073 L.6.
2163 3041 2251 3083 Epist2
