<?xml version="1.0" encoding="UTF-8"?>
<!DOCTYPE html PUBLIC "-//W3C//DTD XHTML 1.0 Transitional//EN"
    "http://www.w3.org/TR/xhtml1/DTD/xhtml1-transitional.dtd">
<html xmlns="http://www.w3.org/1999/xhtml" xml:lang="en" lang="en">
 <head>
  <title>
</title>
<meta http-equiv="Content-Type" content="text/html;charset=utf-8" />
  <meta name='ocr-system' content='tesseract 3.04.00' />
  <meta name='ocr-capabilities' content='ocr_page ocr_carea ocr_par ocr_line ocrx_word'/>
</head>
<body>
  <div class='ocr_page' id='page_1' title='image "./operaomniastudio01lupuuoft_0053.png"; bbox 0 0 2346 3776; ppageno 0'>
   <div class='ocr_carea' id='block_1_1' title="bbox 637 117 1086 172">
    <p class='ocr_par' dir='ltr' id='par_1_1' title="bbox 637 117 1086 172">
     <span class='ocr_line' id='line_1_1' title="bbox 637 117 1086 172; baseline 0.007 -3"><span class='ocrx_word' id='word_1_1' title='bbox 637 117 1086 172; x_wconf 74' lang='lat' dir='ltr'>DiSSERTATro</span> 
     </span>
    </p>
   </div>
   <div class='ocr_carea' id='block_1_2' title="bbox 191 198 1070 302">
    <p class='ocr_par' dir='ltr' id='par_1_2' title="bbox 191 198 1070 302">
     <span class='ocr_line' id='line_1_2' title="bbox 191 198 1068 248; baseline -0.011 -6"><span class='ocrx_word' id='word_1_2' title='bbox 191 206 286 248; x_wconf 65' lang='lat' dir='ltr'>lavit</span> <span class='ocrx_word' id='word_1_3' title='bbox 297 201 451 248; x_wconf 70' lang='lat' dir='ltr'>Ecclefim</span> <span class='ocrx_word' id='word_1_4' title='bbox 459 198 483 241; x_wconf 55' lang='grc' dir='ltr'>ω’·</span> <span class='ocrx_word' id='word_1_5' title='bbox 494 209 644 244; x_wconf 73' lang='lat' dir='ltr'>eamque,</span> <span class='ocrx_word' id='word_1_6' title='bbox 660 200 815 247; x_wconf 74' lang='lat' dir='ltr'>pcstquam</span> <span class='ocrx_word' id='word_1_7' title='bbox 821 199 912 244; x_wconf 62' lang='lat' dir='ltr'>firper</span> <span class='ocrx_word' id='word_1_8' title='bbox 922 204 1047 238; x_wconf 76' lang='lat' dir='ltr'>Petram</span> <span class='ocrx_word' id='word_1_9' title='bbox 1057 225 1068 242; x_wconf 91' lang='lat'>‚</span> 
     </span>
     <span class='ocr_line' id='line_1_3' title="bbox 197 250 1070 302; baseline 0 -18"><span class='ocrx_word' id='word_1_10' title='bbox 197 270 267 302; x_wconf 55' lang='grc' dir='ltr'>ΨΜ</span> <span class='ocrx_word' id='word_1_11' title='bbox 280 253 409 294; x_wconf 65' lang='lat' dir='ltr'>chr-ssus</span> <span class='ocrx_word' id='word_1_12' title='bbox 415 251 457 295; x_wconf 66' lang='lat' dir='ltr'>est</span> <span class='ocrx_word' id='word_1_13' title='bbox 467 274 478 290; x_wconf 93' lang='lat'>,</span> <span class='ocrx_word' id='word_1_14' title='bbox 502 250 622 295; x_wconf 40' lang='lat' dir='ltr'>inst-‘gnis</span> <span class='ocrx_word' id='word_1_15' title='bbox 632 252 818 290; x_wconf 53' lang='lat' dir='ltr'>Archias-Has</span> <span class='ocrx_word' id='word_1_16' title='bbox 827 257 926 288; x_wconf 78' lang='lat' dir='ltr'>erexit</span> <span class='ocrx_word' id='word_1_17' title='bbox 933 275 943 292; x_wconf 91' lang='lat'>‚</span> <span class='ocrx_word' id='word_1_18' title='bbox 960 252 1070 296; x_wconf 81' lang='lat' dir='ltr'>glorio-</span> 
     </span>
    </p>
   </div>
   <div class='ocr_carea' id='block_1_3' title="bbox 190 300 1098 397">
    <p class='ocr_par' dir='ltr' id='par_1_3' title="bbox 190 298 1100 397">
     <span class='ocr_line' id='line_1_4' title="bbox 190 300 1068 352; baseline 0 -17"><span class='ocrx_word' id='word_1_19' title='bbox 190 308 226 352; x_wconf 62' lang='grc' dir='ltr'>[ὃ</span> <span class='ocrx_word' id='word_1_20' title='bbox 237 301 422 349; x_wconf 59' lang='lat' dir='ltr'>Qssrlsui</span> <span class='ocrx_word' id='word_1_21' title='bbox 431 306 546 337; x_wconf 76' lang='lat' dir='ltr'>nomini</span> <span class='ocrx_word' id='word_1_22' title='bbox 555 303 717 337; x_wconf 71' lang='lat' dir='ltr'>dedicavit.</span> <span class='ocrx_word' id='word_1_23' title='bbox 745 305 830 339; x_wconf 83' lang='lat' dir='ltr'>Unde</span> <span class='ocrx_word' id='word_1_24' title='bbox 832 301 954 344; x_wconf 59' lang='lat' dir='ltr'>fadum</span> <span class='ocrx_word' id='word_1_25' title='bbox 964 300 1002 341; x_wconf 69' lang='lat' dir='ltr'>est</span> <span class='ocrx_word' id='word_1_26' title='bbox 1013 327 1024 342; x_wconf 89' lang='lat'>,</span> <span class='ocrx_word' id='word_1_27' title='bbox 1034 313 1068 350; x_wconf 65' lang='lat' dir='ltr'>ut</span> 
     </span>
     <span class='ocr_line' id='line_1_5' title="bbox 193 350 1098 397; baseline 0 -12"><span class='ocrx_word' id='word_1_28' title='bbox 193 358 297 392; x_wconf 62' lang='lat' dir='ltr'>eadem</span> <span class='ocrx_word' id='word_1_29' title='bbox 304 350 433 394; x_wconf 64' lang='lat' dir='ltr'>Eccleffit</span> <span class='ocrx_word' id='word_1_30' title='bbox 442 363 463 385; x_wconf 92' lang='lat' dir='ltr'>n</span> <span class='ocrx_word' id='word_1_31' title='bbox 469 363 506 385; x_wconf 86' lang='lat' dir='ltr'>on</span> <span class='ocrx_word' id='word_1_32' title='bbox 514 360 579 385; x_wconf 86' lang='lat' dir='ltr'>tam</span> <span class='ocrx_word' id='word_1_33' title='bbox 588 364 626 385; x_wconf 81' lang='lat' dir='ltr'>ex</span> <span class='ocrx_word' id='word_1_34' title='bbox 638 355 735 389; x_wconf 71' lang='lat' dir='ltr'>Marci</span> <span class='ocrx_word' id='word_1_35' title='bbox 744 377 755 394; x_wconf 91' lang='lat'>,</span> <span class='ocrx_word' id='word_1_36' title='bbox 762 356 853 397; x_wconf 57' lang='lat' dir='ltr'>quam</span> <span class='ocrx_word' id='word_1_37' title='bbox 863 365 902 391; x_wconf 76' lang='lat' dir='ltr'>ex</span> <span class='ocrx_word' id='word_1_38' title='bbox 913 355 1004 386; x_wconf 73' lang='lat' dir='ltr'>Beati</span> <span class='ocrx_word' id='word_1_39' title='bbox 1013 355 1070 387; x_wconf 86' lang='lat' dir='ltr'>Pe-</span> <span class='ocrx_word' id='word_1_40' title='bbox 1096 383 1098 385; x_wconf 90' lang='lat'>.</span> 
     </span>
    </p>
   </div>
   <div class='ocr_carea' id='block_1_4' title="bbox 167 401 1072 3553">
    <p class='ocr_par' dir='ltr' id='par_1_4' title="bbox 167 401 1072 3553">
     <span class='ocr_line' id='line_1_6' title="bbox 191 401 1072 447; baseline 0.001 -12"><span class='ocrx_word' id='word_1_41' title='bbox 191 410 237 442; x_wconf 72' lang='lat' dir='ltr'>tr!</span> <span class='ocrx_word' id='word_1_42' title='bbox 244 402 382 442; x_wconf 68' lang='lat' dir='ltr'>vocabulo</span> <span class='ocrx_word' id='word_1_43' title='bbox 391 403 482 436; x_wconf 80' lang='lat' dir='ltr'><em>Sedes</em></span> <span class='ocrx_word' id='word_1_44' title='bbox 505 401 663 444; x_wconf 62' lang='lat' dir='ltr'>Apfiolica</span> <span class='ocrx_word' id='word_1_45' title='bbox 680 409 824 440; x_wconf 78' lang='lat' dir='ltr'>vocitetur</span> <span class='ocrx_word' id='word_1_46' title='bbox 835 427 847 444; x_wconf 91' lang='lat'>,</span> <span class='ocrx_word' id='word_1_47' title='bbox 873 414 1026 447; x_wconf 81' lang='lat' dir='ltr'>tamquam</span> <span class='ocrx_word' id='word_1_48' title='bbox 1041 404 1072 447; x_wconf 84' lang='lat' dir='ltr'><em>fi</em></span> 
     </span>
     <span class='ocr_line' id='line_1_7' title="bbox 189 450 1069 500; baseline 0.006 -16"><span class='ocrx_word' id='word_1_49' title='bbox 189 457 302 492; x_wconf 59' lang='lat' dir='ltr'>Petrus</span> <span class='ocrx_word' id='word_1_50' title='bbox 313 450 375 495; x_wconf 75' lang='lat' dir='ltr'>ipse</span> <span class='ocrx_word' id='word_1_51' title='bbox 384 453 444 485; x_wconf 82' lang='lat' dir='ltr'>illic</span> <span class='ocrx_word' id='word_1_52' title='bbox 446 460 506 495; x_wconf 81' lang='lat' dir='ltr'>per</span> <span class='ocrx_word' id='word_1_53' title='bbox 509 450 545 495; x_wconf 85' lang='lat' dir='ltr'>se</span> <span class='ocrx_word' id='word_1_54' title='bbox 554 451 758 496; x_wconf 74' lang='lat' dir='ltr'>Epifiopalem</span> <span class='ocrx_word' id='word_1_55' title='bbox 765 453 954 491; x_wconf 80' lang='lat' dir='ltr'><em>cathedram</em></span> <span class='ocrx_word' id='word_1_56' title='bbox 959 455 1069 500; x_wconf 86' lang='lat' dir='ltr'>tenuis-</span> 
     </span>
     <span class='ocr_line' id='line_1_8' title="bbox 182 503 1067 549; baseline 0 -11"><span class='ocrx_word' id='word_1_57' title='bbox 182 503 256 548; x_wconf 63' lang='lat' dir='ltr'>stt,</span> <span class='ocrx_word' id='word_1_58' title='bbox 281 504 403 545; x_wconf 64' lang='lat' dir='ltr'>ideaque</span> <span class='ocrx_word' id='word_1_59' title='bbox 415 504 612 537; x_wconf 76' lang='lat' dir='ltr'>Clavicularii</span> <span class='ocrx_word' id='word_1_60' title='bbox 629 503 749 544; x_wconf 80' lang='lat' dir='ltr'>coelestx&#39;s</span> <span class='ocrx_word' id='word_1_61' title='bbox 768 504 908 549; x_wconf 53' lang='lat' dir='ltr'>insignita</span> <span class='ocrx_word' id='word_1_62' title='bbox 928 507 1067 541; x_wconf 76' lang='lat' dir='ltr'>vocabulo</span> 
     </span>
     <span class='ocr_line' id='line_1_9' title="bbox 184 552 1067 597; baseline -0.001 -7"><span class='ocrx_word' id='word_1_63' title='bbox 184 552 315 595; x_wconf 27' lang='lat' dir='ltr'>,Ecclesia</span> <span class='ocrx_word' id='word_1_64' title='bbox 323 554 378 586; x_wconf 83' lang='lat' dir='ltr'>illa</span> <span class='ocrx_word' id='word_1_65' title='bbox 389 558 422 586; x_wconf 82' lang='lat' dir='ltr'>in</span> <span class='ocrx_word' id='word_1_66' title='bbox 432 562 492 587; x_wconf 88' lang='lat' dir='ltr'>toto</span> <span class='ocrx_word' id='word_1_67' title='bbox 500 562 651 588; x_wconf 81' lang='lat' dir='ltr'>terrarum</span> <span class='ocrx_word' id='word_1_68' title='bbox 660 553 728 588; x_wconf 82' lang='lat' dir='ltr'>orbe</span> <span class='ocrx_word' id='word_1_69' title='bbox 730 555 795 597; x_wconf 85' lang='lat' dir='ltr'>post</span> <span class='ocrx_word' id='word_1_70' title='bbox 814 559 942 591; x_wconf 85' lang='lat' dir='ltr'><em>Romam</em></span> <span class='ocrx_word' id='word_1_71' title='bbox 955 558 1067 593; x_wconf 76' lang='lat' dir='ltr'>obtinet</span> 
     </span>
     <span class='ocr_line' id='line_1_10' title="bbox 177 601 1067 651; baseline 0.003 -14"><span class='ocrx_word' id='word_1_72' title='bbox 177 601 344 651; x_wconf 74' lang='lat' dir='ltr'>secundum</span> <span class='ocrx_word' id='word_1_73' title='bbox 355 602 513 642; x_wconf 73' lang='lat' dir='ltr'>Thronum,</span> <span class='ocrx_word' id='word_1_74' title='bbox 540 608 589 638; x_wconf 83' lang='lat' dir='ltr'>Et</span> <span class='ocrx_word' id='word_1_75' title='bbox 605 614 787 648; x_wconf 78' lang='lat' dir='ltr'>quamquam</span> <span class='ocrx_word' id='word_1_76' title='bbox 806 607 969 642; x_wconf 64' lang='lat' dir='ltr'>Antiochia</span> <span class='ocrx_word' id='word_1_77' title='bbox 979 632 991 649; x_wconf 93' lang='lat'>,</span> <span class='ocrx_word' id='word_1_78' title='bbox 1015 607 1067 641; x_wconf 83' lang='lat' dir='ltr'>ubi</span> 
     </span>
     <span class='ocr_line' id='line_1_11' title="bbox 178 651 1069 701; baseline 0.006 -15"><span class='ocrx_word' id='word_1_79' title='bbox 178 651 293 698; x_wconf 71' lang='lat' dir='ltr'>fiilicet</span> <span class='ocrx_word' id='word_1_80' title='bbox 302 652 481 692; x_wconf 79' lang='lat' dir='ltr'>Cbrtstianae</span> <span class='ocrx_word' id='word_1_81' title='bbox 491 656 638 699; x_wconf 74' lang='lat' dir='ltr'><em>religionis</em></span> <span class='ocrx_word' id='word_1_82' title='bbox 648 666 752 691; x_wconf 77' lang='lat' dir='ltr'>nomen</span> <span class='ocrx_word' id='word_1_83' title='bbox 761 659 913 694; x_wconf 77' lang='lat' dir='ltr'><em>Exortum</em></span> <span class='ocrx_word' id='word_1_84' title='bbox 923 658 962 701; x_wconf 59' lang='lat' dir='ltr'>ist</span> <span class='ocrx_word' id='word_1_85' title='bbox 973 682 985 699; x_wconf 89' lang='lat'>,</span> <span class='ocrx_word' id='word_1_86' title='bbox 1012 659 1069 693; x_wconf 79' lang='lat' dir='ltr'>Pe-</span> 
     </span>
     <span class='ocr_line' id='line_1_12' title="bbox 182 701 1066 752; baseline 0.007 -17"><span class='ocrx_word' id='word_1_87' title='bbox 182 711 254 741; x_wconf 67' lang='lat' dir='ltr'>trus</span> <span class='ocrx_word' id='word_1_88' title='bbox 263 701 388 746; x_wconf 71' lang='lat' dir='ltr'>ipseper</span> <span class='ocrx_word' id='word_1_89' title='bbox 393 702 429 747; x_wconf 81' lang='lat' dir='ltr'>se</span> <span class='ocrx_word' id='word_1_90' title='bbox 434 704 508 747; x_wconf 73' lang='lat' dir='ltr'>fidei</span> <span class='ocrx_word' id='word_1_91' title='bbox 519 708 678 742; x_wconf 69' lang='lat' dir='ltr'>Prminas</span> <span class='ocrx_word' id='word_1_92' title='bbox 690 710 780 741; x_wconf 69' lang='lat' dir='ltr'>intuli</span> <span class='ocrx_word' id='word_1_93' title='bbox 800 717 831 741; x_wconf 83' lang='lat' dir='ltr'>et</span> <span class='ocrx_word' id='word_1_94' title='bbox 852 733 864 749; x_wconf 91' lang='lat'>,</span> <span class='ocrx_word' id='word_1_95' title='bbox 882 707 1066 752; x_wconf 71' lang='lat' dir='ltr'>ficpertorem</span> 
     </span>
     <span class='ocr_line' id='line_1_13' title="bbox 184 755 1063 794; baseline 0.005 -7"><span class='ocrx_word' id='word_1_96' title='bbox 184 762 288 787; x_wconf 78' lang='lat' dir='ltr'>tamen</span> <span class='ocrx_word' id='word_1_97' title='bbox 298 755 390 787; x_wconf 70' lang='lat' dir='ltr'>Iouam</span> <span class='ocrx_word' id='word_1_98' title='bbox 398 755 608 793; x_wconf 68' lang='lat' dir='ltr'>Alexandrina</span> <span class='ocrx_word' id='word_1_99' title='bbox 618 757 709 792; x_wconf 79' lang='lat' dir='ltr'>sedes</span> <span class='ocrx_word' id='word_1_100' title='bbox 729 758 867 793; x_wconf 81' lang='lat' dir='ltr'><em>obtinuit.</em></span> <span class='ocrx_word' id='word_1_101' title='bbox 892 763 942 794; x_wconf 82' lang='lat' dir='ltr'>Et</span> <span class='ocrx_word' id='word_1_102' title='bbox 952 762 1063 793; x_wconf 67' lang='lat' dir='ltr'>merite.</span> 
     </span>
     <span class='ocr_line' id='line_1_14' title="bbox 182 802 1068 891; baseline 0.009 -55"><span class='ocrx_word' id='word_1_103' title='bbox 182 802 242 838; x_wconf 70' lang='lat' dir='ltr'>Ubi</span> <span class='ocrx_word' id='word_1_104' title='bbox 252 806 374 838; x_wconf 78' lang='lat' dir='ltr'>Marcus</span> <span class='ocrx_word' id='word_1_105' title='bbox 383 826 396 843; x_wconf 94' lang='lat'>,</span> <span class='ocrx_word' id='word_1_106' title='bbox 405 803 448 836; x_wconf 72' lang='lat' dir='ltr'>ibi</span> <span class='ocrx_word' id='word_1_107' title='bbox 456 807 577 839; x_wconf 86' lang='lat' dir='ltr'>Petrus.</span> <span class='ocrx_word' id='word_1_108' title='bbox 595 807 680 891; x_wconf 34' lang='grc' dir='ltr'>ξε</span> <span class='ocrx_word' id='word_1_109' title='bbox 689 808 803 845; x_wconf 85' lang='lat' dir='ltr'>omnia</span> <span class='ocrx_word' id='word_1_110' title='bbox 811 808 929 853; x_wconf 87' lang='lat' dir='ltr'>repetit</span> <span class='ocrx_word' id='word_1_111' title='bbox 938 810 975 844; x_wconf 90' lang='lat' dir='ltr'>in</span> <span class='ocrx_word' id='word_1_112' title='bbox 986 809 1068 844; x_wconf 89' lang='lat' dir='ltr'>duo-</span> 
     </span>
     <span class='ocr_line' id='line_1_15' title="bbox 184 851 1065 904; baseline 0.008 -17"><span class='ocrx_word' id='word_1_113' title='bbox 184 851 247 887; x_wconf 79' lang='lat' dir='ltr'>bus</span> <span class='ocrx_word' id='word_1_114' title='bbox 257 852 467 896; x_wconf 86' lang='lat' dir='ltr'>sequentibus</span> <span class='ocrx_word' id='word_1_115' title='bbox 479 855 628 890; x_wconf 88' lang='lat' dir='ltr'>Sermoni</span> <span class='ocrx_word' id='word_1_116' title='bbox 641 891 643 893; x_wconf 86' lang='grc'><strong>,</strong></span> <span class='ocrx_word' id='word_1_117' title='bbox 654 867 693 890; x_wconf 91' lang='lat' dir='ltr'>us</span> <span class='ocrx_word' id='word_1_118' title='bbox 703 881 715 897; x_wconf 90' lang='lat'>,</span> <span class='ocrx_word' id='word_1_119' title='bbox 726 869 764 894; x_wconf 86' lang='lat' dir='ltr'>ac</span> <span class='ocrx_word' id='word_1_120' title='bbox 774 858 886 897; x_wconf 79' lang='lat' dir='ltr'>denuo</span> <span class='ocrx_word' id='word_1_121' title='bbox 895 859 1046 904; x_wconf 86' lang='lat' dir='ltr'>adjungit</span> <span class='ocrx_word' id='word_1_122' title='bbox 1058 873 1065 891; x_wconf 90' lang='lat'>:</span> 
     </span>
     <span class='ocr_line' id='line_1_16' title="bbox 183 902 1066 951; baseline 0.012 -17"><span class='ocrx_word' id='word_1_123' title='bbox 183 905 306 935; x_wconf 78' lang='lat' dir='ltr'>Marcus</span> <span class='ocrx_word' id='word_1_124' title='bbox 316 902 368 935; x_wconf 82' lang='lat' dir='ltr'>hoc</span> <span class='ocrx_word' id='word_1_125' title='bbox 376 905 461 938; x_wconf 80' lang='lat' dir='ltr'>modo</span> <span class='ocrx_word' id='word_1_126' title='bbox 468 906 708 942; x_wconf 68' lang='lat' dir='ltr'>Alexandrinam</span> <span class='ocrx_word' id='word_1_127' title='bbox 721 908 879 950; x_wconf 66' lang='lat' dir='ltr'>fundavit</span> <span class='ocrx_word' id='word_1_128' title='bbox 890 913 922 944; x_wconf 85' lang='lat' dir='ltr'>E</span> <span class='ocrx_word' id='word_1_129' title='bbox 923 910 1048 951; x_wconf 81' lang='lat' dir='ltr'>cclefiam</span> <span class='ocrx_word' id='word_1_130' title='bbox 1056 934 1066 950; x_wconf 88' lang='lat'>‚</span> 
     </span>
     <span class='ocr_line' id='line_1_17' title="bbox 178 951 1065 1002; baseline 0.01 -17"><span class='ocrx_word' id='word_1_131' title='bbox 178 962 304 995; x_wconf 70' lang='lat' dir='ltr'>cavnque</span> <span class='ocrx_word' id='word_1_132' title='bbox 315 964 374 985; x_wconf 85' lang='lat' dir='ltr'>non</span> <span class='ocrx_word' id='word_1_133' title='bbox 387 951 444 996; x_wconf 81' lang='lat' dir='ltr'>suo</span> <span class='ocrx_word' id='word_1_134' title='bbox 453 978 465 994; x_wconf 89' lang='lat'>‚</span> <span class='ocrx_word' id='word_1_135' title='bbox 483 954 545 998; x_wconf 65' lang='lat' dir='ltr'>sed</span> <span class='ocrx_word' id='word_1_136' title='bbox 559 957 694 1001; x_wconf 76' lang='lat' dir='ltr'>Magistri</span> <span class='ocrx_word' id='word_1_137' title='bbox 711 957 763 1002; x_wconf 76' lang='lat' dir='ltr'>fici</span> <span class='ocrx_word' id='word_1_138' title='bbox 784 966 900 993; x_wconf 78' lang='lat' dir='ltr'>nomlne</span> <span class='ocrx_word' id='word_1_139' title='bbox 919 955 1065 996; x_wconf 65' lang='lat' dir='ltr'>titulavit.</span> 
     </span>
     <span class='ocr_line' id='line_1_18' title="bbox 180 1000 1066 1052; baseline 0.009 -17"><span class='ocrx_word' id='word_1_140' title='bbox 180 1000 228 1035; x_wconf 86' lang='lat' dir='ltr'>Et</span> <span class='ocrx_word' id='word_1_141' title='bbox 254 1001 393 1038; x_wconf 85' lang='lat' dir='ltr'>iterum:</span> <span class='ocrx_word' id='word_1_142' title='bbox 420 1006 513 1040; x_wconf 68' lang='lat' dir='ltr'>Pon-b</span> <span class='ocrx_word' id='word_1_143' title='bbox 529 1016 596 1039; x_wconf 86' lang='lat' dir='ltr'>eum</span> <span class='ocrx_word' id='word_1_144' title='bbox 618 1009 682 1042; x_wconf 83' lang='lat' dir='ltr'>coeli</span> <span class='ocrx_word' id='word_1_145' title='bbox 702 1010 927 1043; x_wconf 79' lang='lat' dir='ltr'><em>clavicularius</em></span> <span class='ocrx_word' id='word_1_146' title='bbox 945 1019 1001 1052; x_wconf 79' lang='lat' dir='ltr'>per</span> <span class='ocrx_word' id='word_1_147' title='bbox 1023 1019 1066 1043; x_wconf 83' lang='lat' dir='ltr'>tot</span> 
     </span>
     <span class='ocr_line' id='line_1_19' title="bbox 177 1054 1064 1106; baseline 0.014 -21"><span class='ocrx_word' id='word_1_148' title='bbox 177 1059 331 1086; x_wconf 72' lang='lat' dir='ltr'>terrarum</span> <span class='ocrx_word' id='word_1_149' title='bbox 340 1057 446 1097; x_wconf 84' lang='lat' dir='ltr'>Regna</span> <span class='ocrx_word' id='word_1_150' title='bbox 465 1054 632 1098; x_wconf 68' lang='lat' dir='ltr'>Diffi-ipulos</span> <span class='ocrx_word' id='word_1_151' title='bbox 650 1058 868 1101; x_wconf 70' lang='lat' dir='ltr'>destinaverit,</span> <span class='ocrx_word' id='word_1_152' title='bbox 893 1059 992 1106; x_wconf 80' lang='lat' dir='ltr'>eisque</span> <span class='ocrx_word' id='word_1_153' title='bbox 1007 1067 1064 1102; x_wconf 71' lang='lat' dir='ltr'>per</span> 
     </span>
     <span class='ocr_line' id='line_1_20' title="bbox 177 1101 1065 1151; baseline 0.014 -17"><span class='ocrx_word' id='word_1_154' title='bbox 177 1101 320 1145; x_wconf 72' lang='lat' dir='ltr'>diversas</span> <span class='ocrx_word' id='word_1_155' title='bbox 340 1105 450 1141; x_wconf 76' lang='lat' dir='ltr'>Mundi</span> <span class='ocrx_word' id='word_1_156' title='bbox 484 1107 685 1144; x_wconf 74' lang='lat' dir='ltr'>Pronvincias</span> <span class='ocrx_word' id='word_1_157' title='bbox 715 1109 911 1151; x_wconf 82' lang='lat' dir='ltr'>Ecclefiaerum</span> <span class='ocrx_word' id='word_1_158' title='bbox 936 1122 953 1145; x_wconf 83' lang='lat' dir='ltr'>r</span> <span class='ocrx_word' id='word_1_159' title='bbox 985 1115 1065 1143; x_wconf 78' lang='lat' dir='ltr'>imen</span> 
     </span>
     <span class='ocr_line' id='line_1_21' title="bbox 178 1150 1065 1202; baseline 0.011 -18"><span class='ocrx_word' id='word_1_160' title='bbox 178 1150 355 1195; x_wconf 53' lang='lat' dir='ltr'>commiserit</span> <span class='ocrx_word' id='word_1_161' title='bbox 364 1177 375 1195; x_wconf 90' lang='lat'>,</span> <span class='ocrx_word' id='word_1_162' title='bbox 398 1156 479 1198; x_wconf 76' lang='lat' dir='ltr'>quid</span> <span class='ocrx_word' id='word_1_163' title='bbox 487 1155 528 1193; x_wconf 74' lang='lat' dir='ltr'>est</span> <span class='ocrx_word' id='word_1_164' title='bbox 537 1159 725 1198; x_wconf 60' lang='lat' dir='ltr'>quode-arum</span> <span class='ocrx_word' id='word_1_165' title='bbox 736 1160 820 1192; x_wconf 76' lang='lat' dir='ltr'>nulla</span> <span class='ocrx_word' id='word_1_166' title='bbox 834 1168 950 1202; x_wconf 79' lang='lat' dir='ltr'>praem</span> <span class='ocrx_word' id='word_1_167' title='bbox 989 1160 1065 1192; x_wconf 81' lang='lat' dir='ltr'>olam</span> 
     </span>
     <span class='ocr_line' id='line_1_22' title="bbox 179 1202 1065 1251; baseline 0.008 -17"><span class='ocrx_word' id='word_1_168' title='bbox 179 1202 346 1235; x_wconf 63' lang='lat' dir='ltr'>duntaxat</span> <span class='ocrx_word' id='word_1_169' title='bbox 361 1205 585 1239; x_wconf 72' lang='lat' dir='ltr'>Alexandinaem</span> <span class='ocrx_word' id='word_1_170' title='bbox 595 1230 606 1245; x_wconf 97' lang='lat'>,</span> <span class='ocrx_word' id='word_1_171' title='bbox 631 1209 684 1240; x_wconf 84' lang='lat' dir='ltr'>vel</span> <span class='ocrx_word' id='word_1_172' title='bbox 693 1210 780 1242; x_wconf 71' lang='lat' dir='ltr'>Pam</span> <span class='ocrx_word' id='word_1_173' title='bbox 788 1210 812 1241; x_wconf 81' lang='lat'>..5</span> <span class='ocrx_word' id='word_1_174' title='bbox 811 1211 882 1241; x_wconf 83' lang='lat' dir='ltr'>edes</span> <span class='ocrx_word' id='word_1_175' title='bbox 893 1211 945 1245; x_wconf 76' lang='lat' dir='ltr'>vel</span> <span class='ocrx_word' id='word_1_176' title='bbox 954 1207 1065 1251; x_wconf 74' lang='lat' dir='ltr'>Aposto-</span> 
     </span>
     <span class='ocr_line' id='line_1_23' title="bbox 178 1250 1069 1294; baseline 0.01 -10"><span class='ocrx_word' id='word_1_177' title='bbox 178 1250 237 1284; x_wconf 69' lang='lat' dir='ltr'>lica</span> <span class='ocrx_word' id='word_1_178' title='bbox 255 1251 384 1293; x_wconf 65' lang='lat' dir='ltr'>Ecclestia</span> <span class='ocrx_word' id='word_1_179' title='bbox 402 1253 441 1293; x_wconf 85' lang='lat' dir='ltr'>est</span> <span class='ocrx_word' id='word_1_180' title='bbox 458 1255 612 1294; x_wconf 78' lang='lat' dir='ltr'>appellata</span> <span class='ocrx_word' id='word_1_181' title='bbox 630 1255 649 1285; x_wconf 68' lang='lat'><em>3</em></span> <span class='ocrx_word' id='word_1_182' title='bbox 687 1254 841 1293; x_wconf 84' lang='lat' dir='ltr'>Pluribus</span> <span class='ocrx_word' id='word_1_183' title='bbox 862 1259 968 1294; x_wconf 84' lang='lat' dir='ltr'>versat</span> <span class='ocrx_word' id='word_1_184' title='bbox 981 1257 1069 1292; x_wconf 83' lang='lat' dir='ltr'>hane</span> 
     </span>
     <span class='ocr_line' id='line_1_24' title="bbox 179 1300 1067 1344; baseline 0.011 -11"><span class='ocrx_word' id='word_1_185' title='bbox 179 1300 392 1344; x_wconf 68' lang='lat' dir='ltr'>quaestionem</span> <span class='ocrx_word' id='word_1_186' title='bbox 404 1324 415 1339; x_wconf 92' lang='lat'>,</span> <span class='ocrx_word' id='word_1_187' title='bbox 438 1300 580 1338; x_wconf 75' lang='lat' dir='ltr'>adscerit</span> <span class='ocrx_word' id='word_1_188' title='bbox 595 1301 730 1341; x_wconf 79' lang='lat' dir='ltr'>Petrum</span> <span class='ocrx_word' id='word_1_189' title='bbox 750 1304 962 1343; x_wconf 78' lang='lat' dir='ltr'>Alexandria:</span> <span class='ocrx_word' id='word_1_190' title='bbox 972 1320 1067 1343; x_wconf 89' lang='lat' dir='ltr'>num-</span> 
     </span>
     <span class='ocr_line' id='line_1_25' title="bbox 177 1348 1063 1399; baseline 0.012 -17"><span class='ocrx_word' id='word_1_191' title='bbox 177 1359 279 1394; x_wconf 81' lang='lat' dir='ltr'>quam</span> <span class='ocrx_word' id='word_1_192' title='bbox 291 1348 403 1386; x_wconf 69' lang='lat' dir='ltr'>sedisse</span> <span class='ocrx_word' id='word_1_193' title='bbox 412 1349 628 1397; x_wconf 84' lang='lat' dir='ltr'>Episcopum,</span> <span class='ocrx_word' id='word_1_194' title='bbox 639 1352 791 1399; x_wconf 88' lang='lat' dir='ltr'>adjungit</span> <span class='ocrx_word' id='word_1_195' title='bbox 802 1353 1063 1396; x_wconf 80' lang='lat' dir='ltr'>Alexandrinam</span> 
     </span>
     <span class='ocr_line' id='line_1_26' title="bbox 177 1397 1064 1449; baseline 0.012 -17"><span class='ocrx_word' id='word_1_196' title='bbox 177 1397 358 1436; x_wconf 75' lang='lat' dir='ltr'>Ecclesiam</span> <span class='ocrx_word' id='word_1_197' title='bbox 378 1400 442 1434; x_wconf 78' lang='lat' dir='ltr'>esse</span> <span class='ocrx_word' id='word_1_198' title='bbox 465 1398 681 1439; x_wconf 87' lang='lat' dir='ltr'>Antiochena</span> <span class='ocrx_word' id='word_1_199' title='bbox 699 1403 890 1449; x_wconf 87' lang='lat' dir='ltr'>digniorem</span> <span class='ocrx_word' id='word_1_200' title='bbox 909 1432 921 1448; x_wconf 93' lang='lat'>,</span> <span class='ocrx_word' id='word_1_201' title='bbox 957 1409 993 1443; x_wconf 70' lang='grc' dir='ltr'>ὃς</span> <span class='ocrx_word' id='word_1_202' title='bbox 1009 1408 1064 1443; x_wconf 85' lang='lat' dir='ltr'>dat</span> 
     </span>
     <span class='ocr_line' id='line_1_27' title="bbox 178 1449 1064 1495; baseline 0.012 -14"><span class='ocrx_word' id='word_1_203' title='bbox 178 1449 334 1486; x_wconf 83' lang='lat' dir='ltr'>omnium</span> <span class='ocrx_word' id='word_1_204' title='bbox 344 1451 476 1484; x_wconf 85' lang='lat' dir='ltr'>causam</span> <span class='ocrx_word' id='word_1_205' title='bbox 489 1463 496 1482; x_wconf 80' lang='lat' dir='ltr'><em>z</em></span> <span class='ocrx_word' id='word_1_206' title='bbox 520 1454 660 1493; x_wconf 72' lang='lat' dir='ltr'>superior</span> <span class='ocrx_word' id='word_1_207' title='bbox 681 1452 722 1493; x_wconf 81' lang='lat' dir='ltr'>est</span> <span class='ocrx_word' id='word_1_208' title='bbox 736 1457 827 1490; x_wconf 78' lang='lat' dir='ltr'>Sedes</span> <span class='ocrx_word' id='word_1_209' title='bbox 840 1480 851 1495; x_wconf 90' lang='lat'>,</span> <span class='ocrx_word' id='word_1_210' title='bbox 876 1464 923 1489; x_wconf 69' lang='lat' dir='ltr'>cui</span> <span class='ocrx_word' id='word_1_211' title='bbox 943 1460 1064 1492; x_wconf 82' lang='lat' dir='ltr'>Marcus</span> 
     </span>
     <span class='ocr_line' id='line_1_28' title="bbox 178 1499 1066 1548; baseline 0.012 -17"><span class='ocrx_word' id='word_1_212' title='bbox 178 1504 246 1532; x_wconf 80' lang='lat' dir='ltr'>vice</span> <span class='ocrx_word' id='word_1_213' title='bbox 255 1499 492 1541; x_wconf 73' lang='lat' dir='ltr'>Petripraefuit,</span> <span class='ocrx_word' id='word_1_214' title='bbox 517 1504 608 1544; x_wconf 73' lang='lat' dir='ltr'>quaeim</span> <span class='ocrx_word' id='word_1_215' title='bbox 630 1514 667 1536; x_wconf 83' lang='lat' dir='ltr'>ea</span> <span class='ocrx_word' id='word_1_216' title='bbox 687 1509 735 1537; x_wconf 71' lang='lat' dir='ltr'>cui</span> <span class='ocrx_word' id='word_1_217' title='bbox 750 1512 809 1546; x_wconf 84' lang='lat' dir='ltr'>per</span> <span class='ocrx_word' id='word_1_218' title='bbox 824 1512 982 1548; x_wconf 74' lang='lat' dir='ltr'><em>propriam</em></span> <span class='ocrx_word' id='word_1_219' title='bbox 1004 1513 1066 1541; x_wconf 81' lang='lat' dir='ltr'>Ca-</span> 
     </span>
     <span class='ocr_line' id='line_1_29' title="bbox 177 1547 1065 1600; baseline 0.012 -18"><span class='ocrx_word' id='word_1_220' title='bbox 177 1547 320 1583; x_wconf 75' lang='lat' dir='ltr'>thedram</span> <span class='ocrx_word' id='word_1_221' title='bbox 341 1551 451 1584; x_wconf 82' lang='lat' dir='ltr'>Petrus</span> <span class='ocrx_word' id='word_1_222' title='bbox 463 1549 686 1594; x_wconf 67' lang='lat' dir='ltr'>npsepraesedlt.</span> <span class='ocrx_word' id='word_1_223' title='bbox 715 1554 882 1600; x_wconf 79' lang='lat' dir='ltr'>Loquitur</span> <span class='ocrx_word' id='word_1_224' title='bbox 891 1567 969 1595; x_wconf 85' lang='lat' dir='ltr'>cum</span> <span class='ocrx_word' id='word_1_225' title='bbox 980 1557 1065 1592; x_wconf 91' lang='lat' dir='ltr'>Dio-</span> 
     </span>
     <span class='ocr_line' id='line_1_30' title="bbox 176 1597 1065 1650; baseline 0.013 -20"><span class='ocrx_word' id='word_1_226' title='bbox 176 1598 273 1636; x_wconf 69' lang='lat' dir='ltr'>ssoro</span> <span class='ocrx_word' id='word_1_227' title='bbox 294 1597 490 1642; x_wconf 81' lang='lat' dir='ltr'>Presbytero</span> <span class='ocrx_word' id='word_1_228' title='bbox 508 1601 542 1636; x_wconf 66' lang='grc' dir='ltr'>ὅ(</span> <span class='ocrx_word' id='word_1_229' title='bbox 564 1601 780 1640; x_wconf 84' lang='lat' dir='ltr'>Cheraemone</span> <span class='ocrx_word' id='word_1_230' title='bbox 801 1605 940 1644; x_wconf 71' lang='lat' dir='ltr'>Lestore</span> <span class='ocrx_word' id='word_1_231' title='bbox 950 1633 962 1650; x_wconf 90' lang='lat'><em>‚</em></span> <span class='ocrx_word' id='word_1_232' title='bbox 989 1606 1065 1642; x_wconf 89' lang='lat' dir='ltr'>Ale-</span> 
     </span>
     <span class='ocr_line' id='line_1_31' title="bbox 178 1647 1062 1698; baseline 0.014 -18"><span class='ocrx_word' id='word_1_233' title='bbox 178 1647 347 1691; x_wconf 79' lang='lat' dir='ltr'>xandrinae</span> <span class='ocrx_word' id='word_1_234' title='bbox 358 1649 506 1688; x_wconf 73' lang='lat' dir='ltr'>Ecclefiae</span> <span class='ocrx_word' id='word_1_235' title='bbox 516 1651 602 1695; x_wconf 81' lang='lat' dir='ltr'>apud</span> <span class='ocrx_word' id='word_1_236' title='bbox 611 1653 847 1698; x_wconf 78' lang='lat' dir='ltr'>Imperatorem</span> <span class='ocrx_word' id='word_1_237' title='bbox 858 1654 1062 1692; x_wconf 73' lang='lat' dir='ltr'>‚Anastafium</span> 
     </span>
     <span class='ocr_line' id='line_1_32' title="bbox 178 1695 1065 1752; baseline 0.01 -20"><span class='ocrx_word' id='word_1_238' title='bbox 178 1695 396 1742; x_wconf 80' lang='lat' dir='ltr'>Apocrisariis</span> <span class='ocrx_word' id='word_1_239' title='bbox 407 1723 419 1741; x_wconf 93' lang='lat'>,</span> <span class='ocrx_word' id='word_1_240' title='bbox 443 1701 502 1745; x_wconf 91' lang='lat' dir='ltr'>qui</span> <span class='ocrx_word' id='word_1_241' title='bbox 522 1700 693 1738; x_wconf 87' lang='lat' dir='ltr'>Germano</span> <span class='ocrx_word' id='word_1_242' title='bbox 706 1728 717 1744; x_wconf 92' lang='lat'>‚</span> <span class='ocrx_word' id='word_1_243' title='bbox 743 1704 778 1739; x_wconf 76' lang='grc' dir='ltr'>ὃ(</span> <span class='ocrx_word' id='word_1_244' title='bbox 790 1705 973 1744; x_wconf 83' lang='lat' dir='ltr'>Cresconio</span> <span class='ocrx_word' id='word_1_245' title='bbox 987 1708 1065 1752; x_wconf 86' lang='lat' dir='ltr'>Epi-</span> 
     </span>
     <span class='ocr_line' id='line_1_33' title="bbox 179 1747 1061 1802; baseline 0.011 -20"><span class='ocrx_word' id='word_1_246' title='bbox 179 1748 286 1791; x_wconf 81' lang='lat' dir='ltr'>scopis</span> <span class='ocrx_word' id='word_1_247' title='bbox 298 1772 310 1788; x_wconf 88' lang='lat'>‚</span> <span class='ocrx_word' id='word_1_248' title='bbox 335 1747 499 1786; x_wconf 68' lang='lat' dir='ltr'>Anastasis</span> <span class='ocrx_word' id='word_1_249' title='bbox 509 1751 685 1790; x_wconf 78' lang='lat' dir='ltr'>Pontificis</span> <span class='ocrx_word' id='word_1_250' title='bbox 695 1754 828 1789; x_wconf 90' lang='lat' dir='ltr'>secundi</span> <span class='ocrx_word' id='word_1_251' title='bbox 849 1757 1002 1802; x_wconf 88' lang='lat' dir='ltr'>Legatis,</span> <span class='ocrx_word' id='word_1_252' title='bbox 1028 1757 1061 1791; x_wconf 91' lang='lat' dir='ltr'>in</span> 
     </span>
     <span class='ocr_line' id='line_1_34' title="bbox 180 1795 1064 1845; baseline 0.014 -15"><span class='ocrx_word' id='word_1_253' title='bbox 180 1795 292 1845; x_wconf 78' lang='lat' dir='ltr'>Regia</span> <span class='ocrx_word' id='word_1_254' title='bbox 301 1798 433 1837; x_wconf 82' lang='lat' dir='ltr'>civitate</span> <span class='ocrx_word' id='word_1_255' title='bbox 442 1799 599 1835; x_wconf 82' lang='lat' dir='ltr'>dixerunt</span> <span class='ocrx_word' id='word_1_256' title='bbox 611 1815 619 1834; x_wconf 89' lang='lat'>:</span> <span class='ocrx_word' id='word_1_257' title='bbox 633 1803 823 1838; x_wconf 74' lang='lat' dir='ltr'>Venerabiles</span> <span class='ocrx_word' id='word_1_258' title='bbox 831 1807 952 1843; x_wconf 71' lang='lat' dir='ltr'>sanae‘lae</span> <span class='ocrx_word' id='word_1_259' title='bbox 961 1810 1064 1844; x_wconf 81' lang='lat' dir='ltr'>Eccle-</span> 
     </span>
     <span class='ocr_line' id='line_1_35' title="bbox 167 1844 1063 1897; baseline 0.015 -20"><span class='ocrx_word' id='word_1_260' title='bbox 167 1844 228 1890; x_wconf 71' lang='lat' dir='ltr'>fiae</span> <span class='ocrx_word' id='word_1_261' title='bbox 238 1844 383 1880; x_wconf 67' lang='lat' dir='ltr'>Robusnae</span> <span class='ocrx_word' id='word_1_262' title='bbox 392 1848 477 1884; x_wconf 76' lang='lat' dir='ltr'>urbis</span> <span class='ocrx_word' id='word_1_263' title='bbox 488 1859 580 1892; x_wconf 82' lang='lat' dir='ltr'>atque</span> <span class='ocrx_word' id='word_1_264' title='bbox 591 1852 806 1886; x_wconf 77' lang='lat' dir='ltr'>Alexandrinae</span> <span class='ocrx_word' id='word_1_265' title='bbox 814 1854 966 1897; x_wconf 61' lang='lat' dir='ltr'>nonsiaeltim</span> <span class='ocrx_word' id='word_1_266' title='bbox 971 1857 1063 1897; x_wconf 83' lang='lat' dir='ltr'>fidem</span> 
     </span>
     <span class='ocr_line' id='line_1_36' title="bbox 178 1894 1063 1946; baseline 0.014 -19"><span class='ocrx_word' id='word_1_267' title='bbox 178 1894 293 1929; x_wconf 58' lang='lat' dir='ltr'>tedam</span> <span class='ocrx_word' id='word_1_268' title='bbox 302 1897 570 1932; x_wconf 73' lang='lat' dir='ltr'>&amp;immaculatam</span> <span class='ocrx_word' id='word_1_269' title='bbox 581 1923 591 1939; x_wconf 90' lang='lat'>,</span> <span class='ocrx_word' id='word_1_270' title='bbox 600 1899 661 1942; x_wconf 87' lang='lat' dir='ltr'>sed</span> <span class='ocrx_word' id='word_1_271' title='bbox 667 1909 760 1935; x_wconf 75' lang='lat' dir='ltr'>etiam</span> <span class='ocrx_word' id='word_1_272' title='bbox 769 1909 802 1937; x_wconf 80' lang='lat' dir='ltr'>in</span> <span class='ocrx_word' id='word_1_273' title='bbox 813 1906 923 1940; x_wconf 78' lang='lat' dir='ltr'>divino</span> <span class='ocrx_word' id='word_1_274' title='bbox 934 1905 1063 1946; x_wconf 81' lang='lat' dir='ltr'>Mimste-</span> 
     </span>
     <span class='ocr_line' id='line_1_37' title="bbox 178 1942 1063 1996; baseline 0.011 -18"><span class='ocrx_word' id='word_1_275' title='bbox 178 1950 223 1978; x_wconf 72' lang='lat' dir='ltr'>no</span> <span class='ocrx_word' id='word_1_276' title='bbox 226 1942 344 1989; x_wconf 84' lang='lat' dir='ltr'>semper</span> <span class='ocrx_word' id='word_1_277' title='bbox 357 1948 541 1983; x_wconf 81' lang='lat' dir='ltr'><em>concordiam</em></span> <span class='ocrx_word' id='word_1_278' title='bbox 557 1946 770 1991; x_wconf 77' lang='lat' dir='ltr'>servaverunt.</span> <span class='ocrx_word' id='word_1_279' title='bbox 797 1954 922 1996; x_wconf 71' lang='lat' dir='ltr'>,Quippe</span> <span class='ocrx_word' id='word_1_280' title='bbox 941 1967 1009 1991; x_wconf 82' lang='lat' dir='ltr'>cum</span> <span class='ocrx_word' id='word_1_281' title='bbox 1025 1956 1063 1988; x_wconf 86' lang='lat' dir='ltr'>ab</span> 
     </span>
     <span class='ocr_line' id='line_1_38' title="bbox 177 1993 1063 2043; baseline 0.01 -14"><span class='ocrx_word' id='word_1_282' title='bbox 177 2003 236 2029; x_wconf 74' lang='lat' dir='ltr'>uno</span> <span class='ocrx_word' id='word_1_283' title='bbox 241 1993 340 2036; x_wconf 74' lang='lat' dir='ltr'>fuerit</span> <span class='ocrx_word' id='word_1_284' title='bbox 349 2001 383 2032; x_wconf 77' lang='lat' dir='ltr'>in</span> <span class='ocrx_word' id='word_1_285' title='bbox 395 1995 527 2043; x_wconf 71' lang='lat' dir='ltr'>utrasque</span> <span class='ocrx_word' id='word_1_286' title='bbox 526 1998 647 2039; x_wconf 55' lang='lat' dir='ltr'>jacqum</span> <span class='ocrx_word' id='word_1_287' title='bbox 653 1999 728 2042; x_wconf 81' lang='lat' dir='ltr'>fidel</span> <span class='ocrx_word' id='word_1_288' title='bbox 730 2000 977 2042; x_wconf 79' lang='lat' dir='ltr'>fundamentum.</span> <span class='ocrx_word' id='word_1_289' title='bbox 1006 2009 1063 2038; x_wconf 87' lang='lat' dir='ltr'>Pe-</span> 
     </span>
     <span class='ocr_line' id='line_1_39' title="bbox 177 2049 1062 2095; baseline 0.009 -16"><span class='ocrx_word' id='word_1_290' title='bbox 177 2053 260 2079; x_wconf 69' lang='lat' dir='ltr'>trum</span> <span class='ocrx_word' id='word_1_291' title='bbox 269 2056 464 2082; x_wconf 79' lang='lat' dir='ltr'><em>memoramus</em></span> <span class='ocrx_word' id='word_1_292' title='bbox 477 2049 609 2084; x_wconf 81' lang='lat' dir='ltr'>Beatum</span> <span class='ocrx_word' id='word_1_293' title='bbox 617 2049 792 2092; x_wconf 67' lang='lat' dir='ltr'>quffolum‚</span> <span class='ocrx_word' id='word_1_294' title='bbox 801 2054 888 2093; x_wconf 84' lang='lat' dir='ltr'>cujus</span> <span class='ocrx_word' id='word_1_295' title='bbox 895 2061 952 2095; x_wconf 87' lang='lat' dir='ltr'>per</span> <span class='ocrx_word' id='word_1_296' title='bbox 962 2061 1062 2089; x_wconf 79' lang='lat' dir='ltr'>omnia</span> 
     </span>
     <span class='ocr_line' id='line_1_40' title="bbox 178 2093 1063 2143; baseline 0.011 -14"><span class='ocrx_word' id='word_1_297' title='bbox 178 2093 310 2129; x_wconf 64' lang='lat' dir='ltr'>sanans</span> <span class='ocrx_word' id='word_1_298' title='bbox 321 2098 445 2132; x_wconf 74' lang='lat' dir='ltr'>Marcus</span> <span class='ocrx_word' id='word_1_299' title='bbox 453 2099 653 2143; x_wconf 75' lang='lat' dir='ltr'>,Evangellsta</span> <span class='ocrx_word' id='word_1_300' title='bbox 662 2107 767 2136; x_wconf 77' lang='lat' dir='ltr'>extitit</span> <span class='ocrx_word' id='word_1_301' title='bbox 777 2107 914 2138; x_wconf 79' lang='lat' dir='ltr'>imitator</span> <span class='ocrx_word' id='word_1_302' title='bbox 924 2130 931 2137; x_wconf 90' lang='lat'>.</span> <span class='ocrx_word' id='word_1_303' title='bbox 960 2109 1010 2139; x_wconf 84' lang='lat' dir='ltr'>Ita</span> <span class='ocrx_word' id='word_1_304' title='bbox 1029 2117 1063 2139; x_wconf 88' lang='lat' dir='ltr'>ut</span> 
     </span>
     <span class='ocr_line' id='line_1_41' title="bbox 169 2142 1063 2196; baseline 0.011 -19"><span class='ocrx_word' id='word_1_305' title='bbox 169 2142 327 2189; x_wconf 75' lang='lat' dir='ltr'>fiquando</span> <span class='ocrx_word' id='word_1_306' title='bbox 335 2153 487 2192; x_wconf 76' lang='lat' dir='ltr'>contigerit</span> <span class='ocrx_word' id='word_1_307' title='bbox 497 2154 530 2182; x_wconf 73' lang='lat' dir='ltr'>in</span> <span class='ocrx_word' id='word_1_308' title='bbox 549 2149 637 2185; x_wconf 84' lang='lat' dir='ltr'>rebus</span> <span class='ocrx_word' id='word_1_309' title='bbox 659 2150 807 2195; x_wconf 67' lang='lat' dir='ltr'>ambiguis</span> <span class='ocrx_word' id='word_1_310' title='bbox 827 2155 968 2195; x_wconf 81' lang='lat' dir='ltr'>quaedam</span> <span class='ocrx_word' id='word_1_311' title='bbox 987 2158 1063 2196; x_wconf 82' lang='lat' dir='ltr'>Epi-</span> 
     </span>
     <span class='ocr_line' id='line_1_42' title="bbox 170 2192 1063 2247; baseline 0.012 -20"><span class='ocrx_word' id='word_1_312' title='bbox 170 2192 327 2240; x_wconf 15' lang='lat' dir='ltr'>&#39;scoparum</span> <span class='ocrx_word' id='word_1_313' title='bbox 338 2199 470 2231; x_wconf 65' lang='lat' dir='ltr'>concilia</span> <span class='ocrx_word' id='word_1_314' title='bbox 478 2199 619 2237; x_wconf 77' lang='lat' dir='ltr'>celebrari</span> <span class='ocrx_word' id='word_1_315' title='bbox 629 2226 640 2244; x_wconf 94' lang='lat'>‚</span> <span class='ocrx_word' id='word_1_316' title='bbox 661 2199 856 2244; x_wconf 63' lang='lat' dir='ltr'>sanfflffimus</span> <span class='ocrx_word' id='word_1_317' title='bbox 868 2210 896 2237; x_wconf 77' lang='lat' dir='ltr'>is</span> <span class='ocrx_word' id='word_1_318' title='bbox 905 2227 916 2244; x_wconf 87' lang='lat'>,</span> <span class='ocrx_word' id='word_1_319' title='bbox 942 2211 995 2247; x_wconf 82' lang='lat' dir='ltr'>qui</span> <span class='ocrx_word' id='word_1_320' title='bbox 1005 2208 1063 2238; x_wconf 81' lang='lat' dir='ltr'>Ro-</span> 
     </span>
     <span class='ocr_line' id='line_1_43' title="bbox 179 2245 1065 2292; baseline 0.012 -15"><span class='ocrx_word' id='word_1_321' title='bbox 179 2256 279 2278; x_wconf 79' lang='lat' dir='ltr'>manae</span> <span class='ocrx_word' id='word_1_322' title='bbox 286 2246 458 2288; x_wconf 84' lang='lat' dir='ltr'>praefideret</span> <span class='ocrx_word' id='word_1_323' title='bbox 470 2248 606 2291; x_wconf 76' lang='lat' dir='ltr'>Ecclefiae</span> <span class='ocrx_word' id='word_1_324' title='bbox 618 2275 629 2291; x_wconf 94' lang='lat'>,</span> <span class='ocrx_word' id='word_1_325' title='bbox 643 2245 926 2292; x_wconf 70' lang='lat' dir='ltr'>Reverendts&#39;fimum</span> <span class='ocrx_word' id='word_1_326' title='bbox 938 2256 1065 2288; x_wconf 73' lang='lat' dir='ltr'>Alexan-</span> 
     </span>
     <span class='ocr_line' id='line_1_44' title="bbox 180 2295 1064 2348; baseline 0.012 -22"><span class='ocrx_word' id='word_1_327' title='bbox 180 2295 279 2329; x_wconf 72' lang='lat' dir='ltr'>drlnae</span> <span class='ocrx_word' id='word_1_328' title='bbox 288 2302 424 2330; x_wconf 78' lang='lat' dir='ltr'>civitatis</span> <span class='ocrx_word' id='word_1_329' title='bbox 437 2297 687 2343; x_wconf 64' lang='lat' dir='ltr'>Arcbiepfiopum</span> <span class='ocrx_word' id='word_1_330' title='bbox 697 2303 836 2347; x_wconf 81' lang='lat' dir='ltr'><em>deligeret</em></span> <span class='ocrx_word' id='word_1_331' title='bbox 855 2328 867 2347; x_wconf 86' lang='lat'>‚</span> <span class='ocrx_word' id='word_1_332' title='bbox 894 2303 983 2348; x_wconf 78' lang='lat' dir='ltr'>utsui</span> <span class='ocrx_word' id='word_1_333' title='bbox 996 2308 1064 2339; x_wconf 82' lang='lat' dir='ltr'>Loci</span> 
     </span>
     <span class='ocr_line' id='line_1_45' title="bbox 178 2344 1063 2391; baseline 0.011 -13"><span class='ocrx_word' id='word_1_334' title='bbox 178 2355 282 2379; x_wconf 77' lang='lat' dir='ltr'>curam</span> <span class='ocrx_word' id='word_1_335' title='bbox 295 2344 465 2391; x_wconf 77' lang='lat' dir='ltr'>ficfctperet.</span> <span class='ocrx_word' id='word_1_336' title='bbox 508 2349 662 2387; x_wconf 81' lang='lat' dir='ltr'>Laudant</span> <span class='ocrx_word' id='word_1_337' title='bbox 682 2352 837 2389; x_wconf 72' lang='lat' dir='ltr'>Sanstum</span> <span class='ocrx_word' id='word_1_338' title='bbox 860 2353 1063 2390; x_wconf 86' lang='lat' dir='ltr'>Celestinum</span> 
     </span>
     <span class='ocr_line' id='line_1_46' title="bbox 179 2393 1064 2447; baseline 0.011 -19"><span class='ocrx_word' id='word_1_339' title='bbox 179 2393 391 2440; x_wconf 77' lang='lat' dir='ltr'>Pontificem,</span> <span class='ocrx_word' id='word_1_340' title='bbox 399 2399 456 2442; x_wconf 88' lang='lat' dir='ltr'>qui</span> <span class='ocrx_word' id='word_1_341' title='bbox 467 2400 539 2433; x_wconf 85' lang='lat' dir='ltr'>suas</span> <span class='ocrx_word' id='word_1_342' title='bbox 549 2399 720 2444; x_wconf 83' lang='lat' dir='ltr'>Ephesinae</span> <span class='ocrx_word' id='word_1_343' title='bbox 729 2403 866 2446; x_wconf 84' lang='lat' dir='ltr'>Synodo</span> <span class='ocrx_word' id='word_1_344' title='bbox 877 2405 1064 2447; x_wconf 76' lang='lat' dir='ltr'>praesidendi</span> 
     </span>
     <span class='ocr_line' id='line_1_47' title="bbox 181 2443 1062 2496; baseline 0.012 -19"><span class='ocrx_word' id='word_1_345' title='bbox 181 2443 268 2479; x_wconf 88' lang='lat' dir='ltr'>vices</span> <span class='ocrx_word' id='word_1_346' title='bbox 277 2445 441 2491; x_wconf 88' lang='lat' dir='ltr'>delegavit</span> <span class='ocrx_word' id='word_1_347' title='bbox 450 2448 569 2486; x_wconf 71' lang='lat' dir='ltr'>Sancto</span> <span class='ocrx_word' id='word_1_348' title='bbox 579 2450 771 2487; x_wconf 77' lang='lat' dir='ltr'>Patriarchae</span> <span class='ocrx_word' id='word_1_349' title='bbox 792 2453 932 2496; x_wconf 90' lang='lat' dir='ltr'>Cyrillo.</span> <span class='ocrx_word' id='word_1_350' title='bbox 961 2456 1005 2490; x_wconf 91' lang='lat' dir='ltr'>Et</span> <span class='ocrx_word' id='word_1_351' title='bbox 1028 2457 1062 2489; x_wconf 91' lang='lat' dir='ltr'>in</span> 
     </span>
     <span class='ocr_line' id='line_1_48' title="bbox 181 2492 1065 2547; baseline 0.014 -20"><span class='ocrx_word' id='word_1_352' title='bbox 181 2492 313 2530; x_wconf 85' lang='lat' dir='ltr'>laudata</span> <span class='ocrx_word' id='word_1_353' title='bbox 326 2495 367 2530; x_wconf 93' lang='lat' dir='ltr'>ad</span> <span class='ocrx_word' id='word_1_354' title='bbox 377 2497 611 2541; x_wconf 86' lang='lat' dir='ltr'>Imperatorem</span> <span class='ocrx_word' id='word_1_355' title='bbox 621 2501 825 2537; x_wconf 88' lang='lat' dir='ltr'>Michaelem</span> <span class='ocrx_word' id='word_1_356' title='bbox 843 2504 990 2547; x_wconf 86' lang='lat' dir='ltr'>Epistola</span> <span class='ocrx_word' id='word_1_357' title='bbox 1002 2506 1037 2539; x_wconf 95' lang='lat' dir='ltr'>N</span> <span class='ocrx_word' id='word_1_358' title='bbox 1040 2506 1065 2539; x_wconf 91' lang='lat' dir='ltr'>i-</span> 
     </span>
     <span class='ocr_line' id='line_1_49' title="bbox 177 2542 1063 2591; baseline 0.014 -13"><span class='ocrx_word' id='word_1_359' title='bbox 177 2542 293 2580; x_wconf 79' lang='lat' dir='ltr'>colans</span> <span class='ocrx_word' id='word_1_360' title='bbox 304 2545 426 2588; x_wconf 88' lang='lat' dir='ltr'>primus</span> <span class='ocrx_word' id='word_1_361' title='bbox 435 2546 612 2591; x_wconf 82' lang='lat' dir='ltr'>Pontifex,</span> <span class='ocrx_word' id='word_1_362' title='bbox 636 2552 694 2587; x_wconf 90' lang='lat' dir='ltr'>ubi</span> <span class='ocrx_word' id='word_1_363' title='bbox 713 2552 845 2588; x_wconf 80' lang='lat' dir='ltr'>dixisset</span> <span class='ocrx_word' id='word_1_364' title='bbox 870 2552 1063 2591; x_wconf 85' lang='lat' dir='ltr'>Alexandri-</span> 
     </span>
     <span class='ocr_line' id='line_1_50' title="bbox 183 2595 1064 2648; baseline 0.012 -21"><span class='ocrx_word' id='word_1_365' title='bbox 183 2604 262 2630; x_wconf 84' lang='lat' dir='ltr'>nam</span> <span class='ocrx_word' id='word_1_366' title='bbox 272 2595 452 2632; x_wconf 75' lang='lat' dir='ltr'>Ecclesiam</span> <span class='ocrx_word' id='word_1_367' title='bbox 459 2598 479 2633; x_wconf 72' lang='lat' dir='ltr'>a</span> <span class='ocrx_word' id='word_1_368' title='bbox 493 2599 612 2637; x_wconf 56' lang='lat' dir='ltr'>Sancto</span> <span class='ocrx_word' id='word_1_369' title='bbox 622 2601 739 2637; x_wconf 83' lang='lat' dir='ltr'>Marco</span> <span class='ocrx_word' id='word_1_370' title='bbox 751 2602 839 2638; x_wconf 88' lang='lat' dir='ltr'>Petri</span> <span class='ocrx_word' id='word_1_371' title='bbox 852 2602 1006 2648; x_wconf 89' lang='lat' dir='ltr'>Apostoli</span> <span class='ocrx_word' id='word_1_372' title='bbox 1030 2605 1064 2638; x_wconf 89' lang='lat' dir='ltr'>fi-</span> 
     </span>
     <span class='ocr_line' id='line_1_51' title="bbox 184 2642 1061 2697; baseline 0.013 -20"><span class='ocrx_word' id='word_1_373' title='bbox 184 2642 233 2676; x_wconf 91' lang='lat' dir='ltr'>lio</span> <span class='ocrx_word' id='word_1_374' title='bbox 242 2655 279 2678; x_wconf 84' lang='lat' dir='ltr'>ac</span> <span class='ocrx_word' id='word_1_375' title='bbox 290 2644 465 2691; x_wconf 87' lang='lat' dir='ltr'>Discipulo</span> <span class='ocrx_word' id='word_1_376' title='bbox 472 2648 661 2692; x_wconf 83' lang='lat' dir='ltr'>fundatam,</span> <span class='ocrx_word' id='word_1_377' title='bbox 682 2651 833 2697; x_wconf 87' lang='lat' dir='ltr'>adjunxit</span> <span class='ocrx_word' id='word_1_378' title='bbox 854 2667 862 2687; x_wconf 77' lang='grc' dir='ltr'><strong>ι</strong></span> <span class='ocrx_word' id='word_1_379' title='bbox 889 2657 1061 2689; x_wconf 81' lang='lat' dir='ltr'>Haereditas</span> 
     </span>
     <span class='ocr_line' id='line_1_52' title="bbox 180 2693 1061 2748; baseline 0.017 -23"><span class='ocrx_word' id='word_1_380' title='bbox 180 2693 280 2736; x_wconf 68' lang='lat' dir='ltr'>fisum</span> <span class='ocrx_word' id='word_1_381' title='bbox 292 2695 434 2736; x_wconf 77' lang='lat' dir='ltr'>Potestate</span> <span class='ocrx_word' id='word_1_382' title='bbox 444 2701 589 2733; x_wconf 70' lang='lat' dir='ltr'>Parentis</span> <span class='ocrx_word' id='word_1_383' title='bbox 606 2701 723 2743; x_wconf 69' lang='lat' dir='ltr'>existit,</span> <span class='ocrx_word' id='word_1_384' title='bbox 751 2704 786 2737; x_wconf 68' lang='lat' dir='ltr'>et</span> <span class='ocrx_word' id='word_1_385' title='bbox 799 2704 897 2747; x_wconf 69' lang='lat' dir='ltr'>glorta</span> <span class='ocrx_word' id='word_1_386' title='bbox 918 2704 1061 2748; x_wconf 59' lang='lat' dir='ltr'>Discipuli</span> 
     </span>
     <span class='ocr_line' id='line_1_53' title="bbox 184 2744 1063 2794; baseline 0.017 -19"><span class='ocrx_word' id='word_1_387' title='bbox 184 2744 230 2776; x_wconf 86' lang='lat' dir='ltr'>ad</span> <span class='ocrx_word' id='word_1_388' title='bbox 247 2744 482 2790; x_wconf 72' lang='lat' dir='ltr'>Magistrumfine</span> <span class='ocrx_word' id='word_1_389' title='bbox 500 2750 684 2785; x_wconf 59' lang='lat' dir='ltr'>cuncqatione</span> <span class='ocrx_word' id='word_1_390' title='bbox 703 2752 842 2794; x_wconf 81' lang='lat' dir='ltr'>refertur.</span> <span class='ocrx_word' id='word_1_391' title='bbox 869 2754 1063 2790; x_wconf 85' lang='lat' dir='ltr'>Ecclesiasti-</span> 
     </span>
     <span class='ocr_line' id='line_1_54' title="bbox 185 2793 1062 2849; baseline 0.017 -23"><span class='ocrx_word' id='word_1_392' title='bbox 185 2803 260 2828; x_wconf 87' lang='lat' dir='ltr'>eam</span> <span class='ocrx_word' id='word_1_393' title='bbox 271 2793 497 2833; x_wconf 83' lang='lat' dir='ltr'>Hierarchiam</span> <span class='ocrx_word' id='word_1_394' title='bbox 509 2798 663 2844; x_wconf 86' lang='lat' dir='ltr'>Apostoli</span> <span class='ocrx_word' id='word_1_395' title='bbox 673 2802 867 2839; x_wconf 84' lang='lat' dir='ltr'>ordinarunt</span> <span class='ocrx_word' id='word_1_396' title='bbox 876 2805 968 2849; x_wconf 73' lang='lat' dir='ltr'>juxta</span> <span class='ocrx_word' id='word_1_397' title='bbox 979 2805 1062 2841; x_wconf 89' lang='lat' dir='ltr'>ordi-</span> 
     </span>
     <span class='ocr_line' id='line_1_55' title="bbox 184 2843 1063 2890; baseline 0.017 -15"><span class='ocrx_word' id='word_1_398' title='bbox 184 2852 264 2877; x_wconf 79' lang='lat' dir='ltr'>nem</span> <span class='ocrx_word' id='word_1_399' title='bbox 273 2843 307 2878; x_wconf 76' lang='grc' dir='ltr'>δε</span> <span class='ocrx_word' id='word_1_400' title='bbox 316 2845 457 2883; x_wconf 84' lang='lat' dir='ltr'>formam</span> <span class='ocrx_word' id='word_1_401' title='bbox 468 2847 629 2885; x_wconf 64' lang='lat' dir='ltr'>Romana</span> <span class='ocrx_word' id='word_1_402' title='bbox 648 2851 860 2889; x_wconf 81' lang='lat' dir='ltr'>Monarchiae.</span> <span class='ocrx_word' id='word_1_403' title='bbox 887 2854 1063 2890; x_wconf 81' lang='lat' dir='ltr'>Praedican-</span> 
     </span>
     <span class='ocr_line' id='line_1_56' title="bbox 185 2891 1064 2941; baseline 0.016 -16"><span class='ocrx_word' id='word_1_404' title='bbox 185 2891 231 2926; x_wconf 88' lang='lat' dir='ltr'>do</span> <span class='ocrx_word' id='word_1_405' title='bbox 240 2893 301 2927; x_wconf 93' lang='lat' dir='ltr'>suo</span> <span class='ocrx_word' id='word_1_406' title='bbox 314 2894 496 2941; x_wconf 85' lang='lat' dir='ltr'>Evangelio</span> <span class='ocrx_word' id='word_1_407' title='bbox 506 2910 544 2933; x_wconf 86' lang='lat' dir='ltr'>ac</span> <span class='ocrx_word' id='word_1_408' title='bbox 553 2901 728 2937; x_wconf 75' lang='lat' dir='ltr'>fundanda:</span> <span class='ocrx_word' id='word_1_409' title='bbox 737 2903 800 2938; x_wconf 80' lang='lat' dir='ltr'>suae</span> <span class='ocrx_word' id='word_1_410' title='bbox 809 2904 959 2940; x_wconf 79' lang='lat' dir='ltr'>Ecclesia:</span> <span class='ocrx_word' id='word_1_411' title='bbox 970 2904 1064 2940; x_wconf 87' lang='lat' dir='ltr'>Chri-</span> 
     </span>
     <span class='ocr_line' id='line_1_57' title="bbox 185 2941 1063 3001; baseline 0.016 -23"><span class='ocrx_word' id='word_1_412' title='bbox 185 2941 252 2975; x_wconf 83' lang='lat' dir='ltr'>stus</span> <span class='ocrx_word' id='word_1_413' title='bbox 260 2942 446 2980; x_wconf 51' lang='lat' dir='ltr'>„Dominus</span> <span class='ocrx_word' id='word_1_414' title='bbox 467 2950 611 2989; x_wconf 63' lang='lat' dir='ltr'>praemisit</span> <span class='ocrx_word' id='word_1_415' title='bbox 629 2951 822 2990; x_wconf 83' lang='lat' dir='ltr'>Romanum</span> <span class='ocrx_word' id='word_1_416' title='bbox 853 2955 1032 3001; x_wconf 81' lang='lat' dir='ltr'>Imperium</span> <span class='ocrx_word' id='word_1_417' title='bbox 1053 2981 1063 2996; x_wconf 91' lang='lat'>‚</span> 
     </span>
     <span class='ocr_line' id='line_1_58' title="bbox 185 2990 1063 3050; baseline 0.017 -25"><span class='ocrx_word' id='word_1_418' title='bbox 185 2990 289 3048; x_wconf 75' lang='lat' dir='ltr'>hocce</span> <span class='ocrx_word' id='word_1_419' title='bbox 296 2994 361 3034; x_wconf 73' lang='lat' dir='ltr'>esse</span> <span class='ocrx_word' id='word_1_420' title='bbox 371 2995 479 3031; x_wconf 85' lang='lat' dir='ltr'>voluit</span> <span class='ocrx_word' id='word_1_421' title='bbox 495 2997 584 3033; x_wconf 87' lang='lat' dir='ltr'>illius</span> <span class='ocrx_word' id='word_1_422' title='bbox 602 3002 687 3044; x_wconf 90' lang='lat' dir='ltr'>quasi</span> <span class='ocrx_word' id='word_1_423' title='bbox 706 3004 876 3040; x_wconf 86' lang='lat' dir='ltr'>materiam</span> <span class='ocrx_word' id='word_1_424' title='bbox 887 3029 898 3046; x_wconf 88' lang='lat'>,</span> <span class='ocrx_word' id='word_1_425' title='bbox 924 3005 1063 3050; x_wconf 78' lang='lat' dir='ltr'>ideoque</span> 
     </span>
     <span class='ocr_line' id='line_1_59' title="bbox 177 3044 1062 3093; baseline 0.018 -18"><span class='ocrx_word' id='word_1_426' title='bbox 177 3044 353 3088; x_wconf 31' lang='lat' dir='ltr'>‘utriusque</span> <span class='ocrx_word' id='word_1_427' title='bbox 375 3046 522 3092; x_wconf 87' lang='lat' dir='ltr'>regimen</span> <span class='ocrx_word' id='word_1_428' title='bbox 546 3050 608 3083; x_wconf 79' lang='lat' dir='ltr'>esse</span> <span class='ocrx_word' id='word_1_429' title='bbox 616 3050 758 3093; x_wconf 85' lang='lat' dir='ltr'>ejusdem</span> <span class='ocrx_word' id='word_1_430' title='bbox 781 3054 900 3089; x_wconf 69' lang='lat' dir='ltr'>formae.</span> <span class='ocrx_word' id='word_1_431' title='bbox 928 3056 973 3091; x_wconf 90' lang='lat' dir='ltr'>Et</span> <span class='ocrx_word' id='word_1_432' title='bbox 983 3055 1062 3091; x_wconf 90' lang='lat' dir='ltr'>hinc</span> 
     </span>
     <span class='ocr_line' id='line_1_60' title="bbox 186 3091 1063 3150; baseline 0.018 -26"><span class='ocrx_word' id='word_1_433' title='bbox 186 3091 340 3127; x_wconf 88' lang='lat' dir='ltr'>Romana</span> <span class='ocrx_word' id='word_1_434' title='bbox 360 3094 504 3130; x_wconf 73' lang='lat' dir='ltr'>Ecclesia</span> <span class='ocrx_word' id='word_1_435' title='bbox 526 3098 707 3136; x_wconf 84' lang='lat' dir='ltr'>etiamnum</span> <span class='ocrx_word' id='word_1_436' title='bbox 724 3101 826 3138; x_wconf 89' lang='lat' dir='ltr'>hodie</span> <span class='ocrx_word' id='word_1_437' title='bbox 838 3102 935 3140; x_wconf 86' lang='lat' dir='ltr'>habet</span> <span class='ocrx_word' id='word_1_438' title='bbox 958 3105 1063 3150; x_wconf 89' lang='lat' dir='ltr'>plures</span> 
     </span>
     <span class='ocr_line' id='line_1_61' title="bbox 185 3143 1062 3197; baseline 0.017 -22"><span class='ocrx_word' id='word_1_439' title='bbox 185 3152 293 3176; x_wconf 87' lang='lat' dir='ltr'>mores</span> <span class='ocrx_word' id='word_1_440' title='bbox 305 3143 411 3186; x_wconf 74' lang='lat' dir='ltr'>palam</span> <span class='ocrx_word' id='word_1_441' title='bbox 432 3156 599 3182; x_wconf 86' lang='lat' dir='ltr'>mutuatos</span> <span class='ocrx_word' id='word_1_442' title='bbox 615 3160 658 3182; x_wconf 88' lang='lat' dir='ltr'>ex</span> <span class='ocrx_word' id='word_1_443' title='bbox 679 3153 814 3197; x_wconf 86' lang='lat' dir='ltr'>antiqua</span> <span class='ocrx_word' id='word_1_444' title='bbox 834 3154 1062 3191; x_wconf 84' lang='lat' dir='ltr'>Romanorum</span> 
     </span>
     <span class='ocr_line' id='line_1_62' title="bbox 186 3191 1062 3247; baseline 0.017 -23"><span class='ocrx_word' id='word_1_445' title='bbox 186 3191 378 3236; x_wconf 84' lang='lat' dir='ltr'>Disciplina.</span> <span class='ocrx_word' id='word_1_446' title='bbox 403 3195 498 3230; x_wconf 90' lang='lat' dir='ltr'>Hinc</span> <span class='ocrx_word' id='word_1_447' title='bbox 521 3197 602 3233; x_wconf 90' lang='lat' dir='ltr'>item</span> <span class='ocrx_word' id='word_1_448' title='bbox 623 3199 708 3246; x_wconf 83' lang='lat' dir='ltr'>istud</span> <span class='ocrx_word' id='word_1_449' title='bbox 725 3201 901 3247; x_wconf 85' lang='lat' dir='ltr'>Imperium</span> <span class='ocrx_word' id='word_1_450' title='bbox 915 3218 983 3239; x_wconf 90' lang='lat' dir='ltr'>non</span> <span class='ocrx_word' id='word_1_451' title='bbox 1004 3207 1062 3240; x_wconf 89' lang='lat' dir='ltr'>nisi</span> 
     </span>
     <span class='ocr_line' id='line_1_63' title="bbox 189 3241 1065 3293; baseline 0.021 -20"><span class='ocrx_word' id='word_1_452' title='bbox 189 3241 336 3283; x_wconf 75' lang='lat' dir='ltr'>proxime</span> <span class='ocrx_word' id='word_1_453' title='bbox 347 3254 424 3280; x_wconf 89' lang='lat' dir='ltr'>ante</span> <span class='ocrx_word' id='word_1_454' title='bbox 444 3246 584 3289; x_wconf 88' lang='lat' dir='ltr'>supremi</span> <span class='ocrx_word' id='word_1_455' title='bbox 604 3248 730 3293; x_wconf 87' lang='lat' dir='ltr'>Judicis</span> <span class='ocrx_word' id='word_1_456' title='bbox 749 3251 924 3290; x_wconf 85' lang='lat' dir='ltr'>adventum</span> <span class='ocrx_word' id='word_1_457' title='bbox 944 3256 990 3290; x_wconf 86' lang='lat' dir='ltr'>est</span> <span class='ocrx_word' id='word_1_458' title='bbox 1012 3257 1065 3291; x_wconf 89' lang='lat' dir='ltr'>de-</span> 
     </span>
     <span class='ocr_line' id='line_1_64' title="bbox 190 3289 1064 3348; baseline 0.018 -24"><span class='ocrx_word' id='word_1_459' title='bbox 190 3289 386 3329; x_wconf 86' lang='lat' dir='ltr'>struendum.</span> <span class='ocrx_word' id='word_1_460' title='bbox 401 3294 450 3329; x_wconf 89' lang='lat' dir='ltr'>At</span> <span class='ocrx_word' id='word_1_461' title='bbox 461 3296 537 3331; x_wconf 79' lang='lat' dir='ltr'>vero</span> <span class='ocrx_word' id='word_1_462' title='bbox 550 3298 697 3342; x_wconf 88' lang='lat' dir='ltr'>suprema</span> <span class='ocrx_word' id='word_1_463' title='bbox 708 3299 778 3344; x_wconf 84' lang='lat' dir='ltr'>ejus</span> <span class='ocrx_word' id='word_1_464' title='bbox 789 3301 990 3348; x_wconf 83' lang='lat' dir='ltr'>Metropolis</span> <span class='ocrx_word' id='word_1_465' title='bbox 1001 3307 1064 3341; x_wconf 90' lang='lat' dir='ltr'>fuit</span> 
     </span>
     <span class='ocr_line' id='line_1_65' title="bbox 190 3338 1062 3396; baseline 0.016 -20"><span class='ocrx_word' id='word_1_466' title='bbox 190 3338 311 3396; x_wconf 56' lang='lat' dir='ltr'>Ruina,</span> <span class='ocrx_word' id='word_1_467' title='bbox 321 3344 500 3382; x_wconf 89' lang='lat' dir='ltr'>secundum</span> <span class='ocrx_word' id='word_1_468' title='bbox 513 3345 713 3385; x_wconf 82' lang='lat' dir='ltr'>Alexandria</span> <span class='ocrx_word' id='word_1_469' title='bbox 724 3375 734 3390; x_wconf 96' lang='lat'>,</span> <span class='ocrx_word' id='word_1_470' title='bbox 746 3352 879 3388; x_wconf 86' lang='lat' dir='ltr'>tertium</span> <span class='ocrx_word' id='word_1_471' title='bbox 889 3355 999 3389; x_wconf 90' lang='lat' dir='ltr'>locum</span> <span class='ocrx_word' id='word_1_472' title='bbox 1011 3354 1062 3390; x_wconf 87' lang='lat' dir='ltr'>ha-</span> 
     </span>
     <span class='ocr_line' id='line_1_66' title="bbox 191 3386 1063 3445; baseline 0.021 -23"><span class='ocrx_word' id='word_1_473' title='bbox 191 3386 262 3445; x_wconf 59' lang='lat' dir='ltr'>buit</span> <span class='ocrx_word' id='word_1_474' title='bbox 271 3390 461 3430; x_wconf 87' lang='lat' dir='ltr'>Antiochia.</span> <span class='ocrx_word' id='word_1_475' title='bbox 489 3396 533 3433; x_wconf 89' lang='lat' dir='ltr'>Et</span> <span class='ocrx_word' id='word_1_476' title='bbox 543 3398 676 3443; x_wconf 89' lang='lat' dir='ltr'>quidem</span> <span class='ocrx_word' id='word_1_477' title='bbox 687 3399 888 3438; x_wconf 85' lang='lat' dir='ltr'>Alexandria</span> <span class='ocrx_word' id='word_1_478' title='bbox 899 3415 937 3438; x_wconf 83' lang='lat' dir='ltr'>ac</span> <span class='ocrx_word' id='word_1_479' title='bbox 954 3407 1063 3440; x_wconf 90' lang='lat' dir='ltr'>omnis</span> 
     </span>
     <span class='ocr_line' id='line_1_67' title="bbox 195 3436 1063 3497; baseline 0.021 -24"><span class='ocrx_word' id='word_1_480' title='bbox 195 3436 395 3484; x_wconf 79' lang='lat' dir='ltr'>AEgyptiaca</span> <span class='ocrx_word' id='word_1_481' title='bbox 406 3444 494 3480; x_wconf 88' lang='lat' dir='ltr'>illius</span> <span class='ocrx_word' id='word_1_482' title='bbox 500 3448 660 3484; x_wconf 81' lang='lat' dir='ltr'>Dioecefis</span> <span class='ocrx_word' id='word_1_483' title='bbox 670 3461 739 3486; x_wconf 86' lang='lat' dir='ltr'>non</span> <span class='ocrx_word' id='word_1_484' title='bbox 750 3463 806 3495; x_wconf 88' lang='lat' dir='ltr'>per</span> <span class='ocrx_word' id='word_1_485' title='bbox 827 3453 1040 3490; x_wconf 85' lang='lat' dir='ltr'>Consularem</span> <span class='ocrx_word' id='word_1_486' title='bbox 1052 3481 1063 3497; x_wconf 91' lang='lat'>,</span> 
     </span>
     <span class='ocr_line' id='line_1_68' title="bbox 188 3485 1065 3553; baseline 0.026 -33"><span class='ocrx_word' id='word_1_487' title='bbox 188 3485 443 3538; x_wconf 75' lang='lat' dir='ltr'>Proconsulem‚</span> <span class='ocrx_word' id='word_1_488' title='bbox 467 3495 643 3536; x_wconf 70' lang='lat' dir='ltr'>Pratorem</span> <span class='ocrx_word' id='word_1_489' title='bbox 653 3524 665 3542; x_wconf 91' lang='lat'><em>‚</em></span> <span class='ocrx_word' id='word_1_490' title='bbox 690 3510 746 3536; x_wconf 87' lang='lat' dir='ltr'>aut</span> <span class='ocrx_word' id='word_1_491' title='bbox 755 3500 921 3541; x_wconf 77' lang='lat' dir='ltr'>Praefidem</span> <span class='ocrx_word' id='word_1_492' title='bbox 932 3506 995 3543; x_wconf 86' lang='lat' dir='ltr'>fuit</span> <span class='ocrx_word' id='word_1_493' title='bbox 1006 3517 1065 3553; x_wconf 88' lang='lat' dir='ltr'>gu-</span> 
     </span>
    </p>
   </div>
   <div class='ocr_carea' id='block_1_5' title="bbox 1130 117 1996 187">
    <p class='ocr_par' dir='ltr' id='par_1_5' title="bbox 1130 117 1996 187">
     <span class='ocr_line' id='line_1_69' title="bbox 1130 117 1996 187; baseline -0.003 -17"><span class='ocrx_word' id='word_1_494' title='bbox 1130 117 1556 173; x_wconf 68' lang='lat' dir='ltr'>PRoOEM1AL1s.·</span> <span class='ocrx_word' id='word_1_495' title='bbox 1953 149 1996 187; x_wconf 63' lang='grc' dir='ltr'>,ς</span> 
     </span>
    </p>
   </div>
   <div class='ocr_carea' id='block_1_6' title="bbox 1125 197 2136 3595">
    <p class='ocr_par' dir='ltr' id='par_1_6' title="bbox 1125 197 2136 3595">
     <span class='ocr_line' id='line_1_70' title="bbox 1133 197 2007 247; baseline 0.005 -13"><span class='ocrx_word' id='word_1_496' title='bbox 1133 199 1264 237; x_wconf 86' lang='lat' dir='ltr'>bernata</span> <span class='ocrx_word' id='word_1_497' title='bbox 1275 225 1286 241; x_wconf 87' lang='lat'>,</span> <span class='ocrx_word' id='word_1_498' title='bbox 1312 200 1367 236; x_wconf 88' lang='lat' dir='ltr'>sed</span> <span class='ocrx_word' id='word_1_499' title='bbox 1375 212 1432 247; x_wconf 86' lang='lat' dir='ltr'>per</span> <span class='ocrx_word' id='word_1_500' title='bbox 1441 201 1630 238; x_wconf 58' lang='lat' dir='ltr'>Parcarum</span> <span class='ocrx_word' id='word_1_501' title='bbox 1641 197 1869 247; x_wconf 78' lang='lat' dir='ltr'>Augustalem,</span> <span class='ocrx_word' id='word_1_502' title='bbox 1881 202 2007 239; x_wconf 87' lang='lat' dir='ltr'>seu-Vi-</span> 
     </span>
     <span class='ocr_line' id='line_1_71' title="bbox 1129 250 2008 299; baseline 0.007 -14"><span class='ocrx_word' id='word_1_503' title='bbox 1129 252 1252 287; x_wconf 83' lang='lat' dir='ltr'>carium</span> <span class='ocrx_word' id='word_1_504' title='bbox 1263 251 1360 295; x_wconf 88' lang='lat' dir='ltr'>ipsius</span> <span class='ocrx_word' id='word_1_505' title='bbox 1370 252 1513 299; x_wconf 79' lang='lat' dir='ltr'>Augusti</span> <span class='ocrx_word' id='word_1_506' title='bbox 1524 250 1695 296; x_wconf 86' lang='lat' dir='ltr'>Principis.</span> <span class='ocrx_word' id='word_1_507' title='bbox 1722 251 2008 295; x_wconf 77' lang='lat' dir='ltr'>Ejusgubematot</span> 
     </span>
     <span class='ocr_line' id='line_1_72' title="bbox 1128 300 2008 348; baseline 0.003 -13"><span class='ocrx_word' id='word_1_508' title='bbox 1128 301 1191 335; x_wconf 90' lang='lat' dir='ltr'>fuit</span> <span class='ocrx_word' id='word_1_509' title='bbox 1199 302 1268 346; x_wconf 88' lang='lat' dir='ltr'>ipse</span> <span class='ocrx_word' id='word_1_510' title='bbox 1277 300 1446 347; x_wconf 87' lang='lat' dir='ltr'>Augustus</span> <span class='ocrx_word' id='word_1_511' title='bbox 1455 302 1609 348; x_wconf 84' lang='lat' dir='ltr'>Princeps</span> <span class='ocrx_word' id='word_1_512' title='bbox 1621 326 1632 342; x_wconf 92' lang='lat'>,</span> <span class='ocrx_word' id='word_1_513' title='bbox 1659 311 1692 336; x_wconf 87' lang='lat' dir='ltr'>at</span> <span class='ocrx_word' id='word_1_514' title='bbox 1703 313 1759 345; x_wconf 90' lang='lat' dir='ltr'>per</span> <span class='ocrx_word' id='word_1_515' title='bbox 1768 302 1940 339; x_wconf 79' lang='lat' dir='ltr'>Vicarium</span> <span class='ocrx_word' id='word_1_516' title='bbox 1951 314 2008 339; x_wconf 84' lang='lat' dir='ltr'>aut</span> 
     </span>
     <span class='ocr_line' id='line_1_73' title="bbox 1130 351 2008 398; baseline 0.003 -14"><span class='ocrx_word' id='word_1_517' title='bbox 1130 351 1363 398; x_wconf 71' lang='lat' dir='ltr'>Vice—Regem.</span> <span class='ocrx_word' id='word_1_518' title='bbox 1391 353 1520 388; x_wconf 90' lang='lat' dir='ltr'>Eodem</span> <span class='ocrx_word' id='word_1_519' title='bbox 1531 352 1634 387; x_wconf 90' lang='lat' dir='ltr'>modo</span> <span class='ocrx_word' id='word_1_520' title='bbox 1655 352 1768 396; x_wconf 80' lang='lat' dir='ltr'>&amp;jure</span> <span class='ocrx_word' id='word_1_521' title='bbox 1790 352 1915 397; x_wconf 83' lang='lat' dir='ltr'>primus</span> <span class='ocrx_word' id='word_1_522' title='bbox 1939 353 2008 394; x_wconf 80' lang='lat' dir='ltr'>ejus</span> 
     </span>
     <span class='ocr_line' id='line_1_74' title="bbox 1130 400 2010 448; baseline 0.003 -14"><span class='ocrx_word' id='word_1_523' title='bbox 1130 400 1309 446; x_wconf 88' lang='lat' dir='ltr'>Episcopus</span> <span class='ocrx_word' id='word_1_524' title='bbox 1320 404 1383 438; x_wconf 87' lang='lat' dir='ltr'>fuit</span> <span class='ocrx_word' id='word_1_525' title='bbox 1393 404 1529 441; x_wconf 69' lang='lat' dir='ltr'>Sanstus</span> <span class='ocrx_word' id='word_1_526' title='bbox 1547 404 1661 440; x_wconf 89' lang='lat' dir='ltr'>Petrus</span> <span class='ocrx_word' id='word_1_527' title='bbox 1671 427 1685 447; x_wconf 90' lang='lat'>,</span> <span class='ocrx_word' id='word_1_528' title='bbox 1710 413 1824 439; x_wconf 86' lang='lat' dir='ltr'>verum</span> <span class='ocrx_word' id='word_1_529' title='bbox 1843 413 1900 448; x_wconf 82' lang='lat' dir='ltr'>per</span> <span class='ocrx_word' id='word_1_530' title='bbox 1920 400 2010 437; x_wconf 80' lang='lat' dir='ltr'>Mat·</span> 
     </span>
     <span class='ocr_line' id='line_1_75' title="bbox 1130 452 2010 499; baseline -0.001 -13"><span class='ocrx_word' id='word_1_531' title='bbox 1130 463 1206 490; x_wconf 87' lang='lat' dir='ltr'>cum</span> <span class='ocrx_word' id='word_1_532' title='bbox 1217 453 1389 489; x_wconf 83' lang='lat' dir='ltr'>vicarium</span> <span class='ocrx_word' id='word_1_533' title='bbox 1401 478 1412 495; x_wconf 90' lang='lat'>,</span> <span class='ocrx_word' id='word_1_534' title='bbox 1437 454 1646 499; x_wconf 89' lang='lat' dir='ltr'>Discipulum</span> <span class='ocrx_word' id='word_1_535' title='bbox 1659 478 1669 494; x_wconf 95' lang='lat'>‚</span> <span class='ocrx_word' id='word_1_536' title='bbox 1679 466 1718 489; x_wconf 91' lang='lat' dir='ltr'>ac</span> <span class='ocrx_word' id='word_1_537' title='bbox 1728 454 1844 491; x_wconf 85' lang='lat' dir='ltr'>filium.</span> <span class='ocrx_word' id='word_1_538' title='bbox 1872 453 1962 486; x_wconf 89' lang='lat' dir='ltr'>Nam</span> <span class='ocrx_word' id='word_1_539' title='bbox 1974 452 2010 486; x_wconf 75' lang='lat' dir='ltr'>dc</span> 
     </span>
     <span class='ocr_line' id='line_1_76' title="bbox 1129 502 2010 549; baseline 0.002 -12"><span class='ocrx_word' id='word_1_540' title='bbox 1129 502 1320 547; x_wconf 80' lang='lat' dir='ltr'>Augustalis</span> <span class='ocrx_word' id='word_1_541' title='bbox 1331 503 1500 541; x_wconf 65' lang='lat' dir='ltr'>Praefectus</span> <span class='ocrx_word' id='word_1_542' title='bbox 1519 514 1587 539; x_wconf 88' lang='lat' dir='ltr'>erat</span> <span class='ocrx_word' id='word_1_543' title='bbox 1609 505 1734 549; x_wconf 89' lang='lat' dir='ltr'>semper</span> <span class='ocrx_word' id='word_1_544' title='bbox 1754 505 1828 549; x_wconf 84' lang='lat' dir='ltr'>quis</span> <span class='ocrx_word' id='word_1_545' title='bbox 1839 502 2010 539; x_wconf 75' lang='lat' dir='ltr'>Palatinus</span> 
     </span>
     <span class='ocr_line' id='line_1_77' title="bbox 1128 552 2010 600; baseline 0.001 -14"><span class='ocrx_word' id='word_1_546' title='bbox 1128 564 1170 587; x_wconf 85' lang='lat' dir='ltr'>ex</span> <span class='ocrx_word' id='word_1_547' title='bbox 1179 552 1383 591; x_wconf 87' lang='lat' dir='ltr'>Militaribus</span> <span class='ocrx_word' id='word_1_548' title='bbox 1393 553 1537 600; x_wconf 77' lang='lat' dir='ltr'>Augusti</span> <span class='ocrx_word' id='word_1_549' title='bbox 1546 553 1709 599; x_wconf 88' lang='lat' dir='ltr'>Principis</span> <span class='ocrx_word' id='word_1_550' title='bbox 1719 554 1941 591; x_wconf 86' lang='lat' dir='ltr'>officiis.Hinc</span> <span class='ocrx_word' id='word_1_551' title='bbox 1949 552 2010 587; x_wconf 83' lang='lat' dir='ltr'>Ni-</span> 
     </span>
     <span class='ocr_line' id='line_1_78' title="bbox 1128 602 2011 651; baseline 0.001 -15"><span class='ocrx_word' id='word_1_552' title='bbox 1128 602 1240 638; x_wconf 88' lang='lat' dir='ltr'>colaus</span> <span class='ocrx_word' id='word_1_553' title='bbox 1252 605 1413 640; x_wconf 83' lang='lat' dir='ltr'>Pontifex</span> <span class='ocrx_word' id='word_1_554' title='bbox 1423 606 1563 642; x_wconf 84' lang='lat' dir='ltr'>affirmat</span> <span class='ocrx_word' id='word_1_555' title='bbox 1574 605 1740 651; x_wconf 85' lang='lat' dir='ltr'>Discipuli</span> <span class='ocrx_word' id='word_1_556' title='bbox 1755 607 1791 640; x_wconf 72' lang='grc' dir='ltr'>ἀ</span> <span class='ocrx_word' id='word_1_557' title='bbox 1801 605 1881 639; x_wconf 85' lang='lat' dir='ltr'>Filii</span> <span class='ocrx_word' id='word_1_558' title='bbox 1891 602 2011 638; x_wconf 86' lang='lat' dir='ltr'>Sedem</span> 
     </span>
     <span class='ocr_line' id='line_1_79' title="bbox 1129 652 2011 700; baseline 0.001 -14"><span class='ocrx_word' id='word_1_559' title='bbox 1129 653 1220 688; x_wconf 80' lang='lat' dir='ltr'>fuiffe</span> <span class='ocrx_word' id='word_1_560' title='bbox 1230 654 1336 692; x_wconf 84' lang='lat' dir='ltr'>Patris</span> <span class='ocrx_word' id='word_1_561' title='bbox 1346 666 1383 693; x_wconf 79' lang='lat' dir='ltr'>ac</span> <span class='ocrx_word' id='word_1_562' title='bbox 1394 655 1556 700; x_wconf 87' lang='lat' dir='ltr'>Magistri.</span> <span class='ocrx_word' id='word_1_563' title='bbox 1583 655 1634 692; x_wconf 82' lang='lat' dir='ltr'>Hi</span> <span class='ocrx_word' id='word_1_564' title='bbox 1639 667 1679 690; x_wconf 90' lang='lat' dir='ltr'>nc</span> <span class='ocrx_word' id='word_1_565' title='bbox 1690 655 1870 691; x_wconf 88' lang='lat' dir='ltr'>Dioscorus</span> <span class='ocrx_word' id='word_1_566' title='bbox 1880 655 1913 689; x_wconf 77' lang='grc' dir='ltr'>δε</span> <span class='ocrx_word' id='word_1_567' title='bbox 1926 652 2011 688; x_wconf 85' lang='lat' dir='ltr'>Che-</span> 
     </span>
     <span class='ocr_line' id='line_1_80' title="bbox 1129 702 2010 744; baseline 0.003 -9"><span class='ocrx_word' id='word_1_568' title='bbox 1129 715 1248 738; x_wconf 82' lang='lat' dir='ltr'>raemon</span> <span class='ocrx_word' id='word_1_569' title='bbox 1258 705 1413 743; x_wconf 88' lang='lat' dir='ltr'>dixerunt</span> <span class='ocrx_word' id='word_1_570' title='bbox 1424 708 1578 744; x_wconf 70' lang='lat' dir='ltr'>Sannum</span> <span class='ocrx_word' id='word_1_571' title='bbox 1602 706 1755 742; x_wconf 87' lang='lat' dir='ltr'>Marcum</span> <span class='ocrx_word' id='word_1_572' title='bbox 1770 707 1888 741; x_wconf 71' lang='lat' dir='ltr'>Sancto</span> <span class='ocrx_word' id='word_1_573' title='bbox 1911 702 2010 739; x_wconf 87' lang='lat' dir='ltr'>Petro</span> 
     </span>
     <span class='ocr_line' id='line_1_81' title="bbox 1130 753 2010 802; baseline 0.002 -16"><span class='ocrx_word' id='word_1_574' title='bbox 1130 754 1222 789; x_wconf 63' lang='lat' dir='ltr'>fuisse</span> <span class='ocrx_word' id='word_1_575' title='bbox 1232 753 1439 791; x_wconf 71' lang='lat' dir='ltr'>Alexandria:</span> <span class='ocrx_word' id='word_1_576' title='bbox 1450 781 1461 798; x_wconf 95' lang='lat'>,</span> <span class='ocrx_word' id='word_1_577' title='bbox 1485 756 1577 802; x_wconf 85' lang='lat' dir='ltr'>quod</span> <span class='ocrx_word' id='word_1_578' title='bbox 1587 757 1721 793; x_wconf 58' lang='lat' dir='ltr'>Sandius</span> <span class='ocrx_word' id='word_1_579' title='bbox 1732 756 1878 799; x_wconf 88' lang='lat' dir='ltr'>Cyrillus</span> <span class='ocrx_word' id='word_1_580' title='bbox 1890 754 2010 788; x_wconf 57' lang='lat' dir='ltr'>Saneto</span> 
     </span>
     <span class='ocr_line' id='line_1_82' title="bbox 1129 803 2012 851; baseline -0.002 -13"><span class='ocrx_word' id='word_1_581' title='bbox 1129 803 1298 841; x_wconf 84' lang='lat' dir='ltr'>Celestino</span> <span class='ocrx_word' id='word_1_582' title='bbox 1309 808 1345 841; x_wconf 91' lang='lat' dir='ltr'>in</span> <span class='ocrx_word' id='word_1_583' title='bbox 1358 806 1523 851; x_wconf 84' lang='lat' dir='ltr'>Ephesino</span> <span class='ocrx_word' id='word_1_584' title='bbox 1546 806 1706 843; x_wconf 84' lang='lat' dir='ltr'>Concilio</span> <span class='ocrx_word' id='word_1_585' title='bbox 1718 819 1726 839; x_wconf 72' lang='grc' dir='ltr'>ε</span> <span class='ocrx_word' id='word_1_586' title='bbox 1757 806 1891 851; x_wconf 84' lang='lat' dir='ltr'>Utique</span> <span class='ocrx_word' id='word_1_587' title='bbox 1913 803 2012 837; x_wconf 90' lang='lat' dir='ltr'>Vica-</span> 
     </span>
     <span class='ocr_line' id='line_1_83' title="bbox 1129 853 2012 902; baseline -0.009 -9"><span class='ocrx_word' id='word_1_588' title='bbox 1129 854 1214 887; x_wconf 71' lang='lat' dir='ltr'>rium</span> <span class='ocrx_word' id='word_1_589' title='bbox 1224 855 1259 888; x_wconf 88' lang='lat'>&amp;</span> <span class='ocrx_word' id='word_1_590' title='bbox 1268 857 1439 902; x_wconf 86' lang='lat' dir='ltr'>Legatum.</span> <span class='ocrx_word' id='word_1_591' title='bbox 1472 858 1567 893; x_wconf 88' lang='lat' dir='ltr'>Hinc</span> <span class='ocrx_word' id='word_1_592' title='bbox 1578 858 1712 894; x_wconf 68' lang='lat' dir='ltr'>Sanctus</span> <span class='ocrx_word' id='word_1_593' title='bbox 1723 855 1838 891; x_wconf 86' lang='lat' dir='ltr'>Petrus</span> <span class='ocrx_word' id='word_1_594' title='bbox 1849 853 2012 891; x_wconf 86' lang='lat' dir='ltr'>Damiani</span> 
     </span>
     <span class='ocr_line' id='line_1_84' title="bbox 1129 903 2011 952; baseline 0.001 -16"><span class='ocrx_word' id='word_1_595' title='bbox 1129 903 1245 941; x_wconf 88' lang='lat' dir='ltr'>adserit</span> <span class='ocrx_word' id='word_1_596' title='bbox 1257 928 1269 945; x_wconf 90' lang='lat'>‚</span> <span class='ocrx_word' id='word_1_597' title='bbox 1295 907 1385 952; x_wconf 81' lang='lat' dir='ltr'>quod</span> <span class='ocrx_word' id='word_1_598' title='bbox 1396 909 1532 942; x_wconf 69' lang='lat' dir='ltr'>Sanctus</span> <span class='ocrx_word' id='word_1_599' title='bbox 1542 909 1676 944; x_wconf 90' lang='lat' dir='ltr'>Marcus</span> <span class='ocrx_word' id='word_1_600' title='bbox 1697 906 1791 940; x_wconf 88' lang='lat' dir='ltr'>istam</span> <span class='ocrx_word' id='word_1_601' title='bbox 1807 903 2011 941; x_wconf 79' lang='lat' dir='ltr'>Cathedram</span> 
     </span>
     <span class='ocr_line' id='line_1_85' title="bbox 1132 954 2011 1003; baseline 0.001 -16"><span class='ocrx_word' id='word_1_602' title='bbox 1132 965 1200 988; x_wconf 92' lang='lat' dir='ltr'>non</span> <span class='ocrx_word' id='word_1_603' title='bbox 1212 955 1271 989; x_wconf 92' lang='lat' dir='ltr'>suo</span> <span class='ocrx_word' id='word_1_604' title='bbox 1285 979 1296 995; x_wconf 92' lang='lat'>,</span> <span class='ocrx_word' id='word_1_605' title='bbox 1322 956 1377 992; x_wconf 90' lang='lat' dir='ltr'>sed</span> <span class='ocrx_word' id='word_1_606' title='bbox 1388 957 1416 993; x_wconf 91' lang='lat' dir='ltr'>S.</span> <span class='ocrx_word' id='word_1_607' title='bbox 1431 957 1522 992; x_wconf 91' lang='lat' dir='ltr'>Petri</span> <span class='ocrx_word' id='word_1_608' title='bbox 1534 959 1672 994; x_wconf 87' lang='lat' dir='ltr'>nomine</span> <span class='ocrx_word' id='word_1_609' title='bbox 1689 956 1869 993; x_wconf 87' lang='lat' dir='ltr'>titulaverit</span> <span class='ocrx_word' id='word_1_610' title='bbox 1886 968 1893 987; x_wconf 70' lang='grc' dir='ltr'><strong><em>ι</em></strong></span> <span class='ocrx_word' id='word_1_611' title='bbox 1920 954 2011 1003; x_wconf 81' lang='lat' dir='ltr'>Qia</span> 
     </span>
     <span class='ocr_line' id='line_1_86' title="bbox 1130 1005 2013 1050; baseline 0 -13"><span class='ocrx_word' id='word_1_612' title='bbox 1130 1005 1246 1049; x_wconf 82' lang='lat' dir='ltr'>nempe</span> <span class='ocrx_word' id='word_1_613' title='bbox 1256 1005 1347 1043; x_wconf 83' lang='lat' dir='ltr'>illam</span> <span class='ocrx_word' id='word_1_614' title='bbox 1360 1006 1442 1042; x_wconf 88' lang='lat' dir='ltr'>sedit</span> <span class='ocrx_word' id='word_1_615' title='bbox 1452 1017 1488 1040; x_wconf 93' lang='lat' dir='ltr'>ut</span> <span class='ocrx_word' id='word_1_616' title='bbox 1500 1005 1659 1042; x_wconf 77' lang='lat' dir='ltr'>Vicarius.</span> <span class='ocrx_word' id='word_1_617' title='bbox 1671 1008 1747 1050; x_wconf 72' lang='lat' dir='ltr'>Hec</span> <span class='ocrx_word' id='word_1_618' title='bbox 1755 1007 1835 1043; x_wconf 90' lang='lat' dir='ltr'>item</span> <span class='ocrx_word' id='word_1_619' title='bbox 1846 1006 1891 1041; x_wconf 90' lang='lat' dir='ltr'>est</span> <span class='ocrx_word' id='word_1_620' title='bbox 1903 1005 2013 1044; x_wconf 86' lang='lat' dir='ltr'>causa,</span> 
     </span>
     <span class='ocr_line' id='line_1_87' title="bbox 1129 1055 2013 1100; baseline 0.001 -13"><span class='ocrx_word' id='word_1_621' title='bbox 1129 1065 1186 1089; x_wconf 88' lang='lat' dir='ltr'>cur</span> <span class='ocrx_word' id='word_1_622' title='bbox 1197 1067 1304 1099; x_wconf 90' lang='lat' dir='ltr'>neque</span> <span class='ocrx_word' id='word_1_623' title='bbox 1326 1055 1544 1100; x_wconf 83' lang='lat' dir='ltr'>Aquilejenfis</span> <span class='ocrx_word' id='word_1_624' title='bbox 1554 1081 1565 1097; x_wconf 93' lang='lat'>,</span> <span class='ocrx_word' id='word_1_625' title='bbox 1593 1068 1699 1100; x_wconf 88' lang='lat' dir='ltr'>neque</span> <span class='ocrx_word' id='word_1_626' title='bbox 1719 1055 1988 1091; x_wconf 83' lang='lat' dir='ltr'>Vesontionenfis</span> <span class='ocrx_word' id='word_1_627' title='bbox 2001 1078 2013 1094; x_wconf 92' lang='lat'>‚</span> 
     </span>
     <span class='ocr_line' id='line_1_88' title="bbox 1131 1105 2012 1150; baseline 0 -12"><span class='ocrx_word' id='word_1_628' title='bbox 1131 1115 1235 1149; x_wconf 86' lang='lat' dir='ltr'>neque</span> <span class='ocrx_word' id='word_1_629' title='bbox 1244 1105 1315 1141; x_wconf 65' lang='lat' dir='ltr'>alim</span> <span class='ocrx_word' id='word_1_630' title='bbox 1333 1118 1390 1150; x_wconf 86' lang='lat' dir='ltr'>per</span> <span class='ocrx_word' id='word_1_631' title='bbox 1411 1107 1494 1142; x_wconf 89' lang='lat' dir='ltr'>alios</span> <span class='ocrx_word' id='word_1_632' title='bbox 1511 1108 1544 1142; x_wconf 85' lang='lat' dir='ltr'>S.</span> <span class='ocrx_word' id='word_1_633' title='bbox 1556 1107 1647 1143; x_wconf 88' lang='lat' dir='ltr'>Petri</span> <span class='ocrx_word' id='word_1_634' title='bbox 1658 1106 1848 1150; x_wconf 87' lang='lat' dir='ltr'>Discipulos</span> <span class='ocrx_word' id='word_1_635' title='bbox 1869 1105 2012 1139; x_wconf 68' lang='lat' dir='ltr'>fundatae</span> 
     </span>
     <span class='ocr_line' id='line_1_89' title="bbox 1129 1153 2012 1202; baseline 0.001 -14"><span class='ocrx_word' id='word_1_636' title='bbox 1129 1153 1298 1189; x_wconf 77' lang='lat' dir='ltr'>Cathedrae</span> <span class='ocrx_word' id='word_1_637' title='bbox 1309 1156 1371 1190; x_wconf 86' lang='lat' dir='ltr'>sint</span> <span class='ocrx_word' id='word_1_638' title='bbox 1384 1156 1582 1200; x_wconf 78' lang='lat' dir='ltr'>Apostolicae</span> <span class='ocrx_word' id='word_1_639' title='bbox 1592 1169 1629 1190; x_wconf 87' lang='lat' dir='ltr'>ac</span> <span class='ocrx_word' id='word_1_640' title='bbox 1640 1154 1874 1190; x_wconf 87' lang='lat' dir='ltr'>Patriarchales</span> <span class='ocrx_word' id='word_1_641' title='bbox 1887 1167 1894 1186; x_wconf 78' lang='lat' dir='ltr'><em>z</em></span> <span class='ocrx_word' id='word_1_642' title='bbox 1921 1154 2012 1202; x_wconf 85' lang='lat' dir='ltr'>Qia</span> 
     </span>
     <span class='ocr_line' id='line_1_90' title="bbox 1131 1204 2012 1251; baseline 0.003 -14"><span class='ocrx_word' id='word_1_643' title='bbox 1131 1205 1246 1250; x_wconf 78' lang='lat' dir='ltr'>nempe</span> <span class='ocrx_word' id='word_1_644' title='bbox 1256 1218 1309 1242; x_wconf 83' lang='lat' dir='ltr'>eas</span> <span class='ocrx_word' id='word_1_645' title='bbox 1319 1208 1429 1244; x_wconf 63' lang='lat' dir='ltr'>cuncti</span> <span class='ocrx_word' id='word_1_646' title='bbox 1439 1218 1482 1241; x_wconf 83' lang='lat' dir='ltr'>ex</span> <span class='ocrx_word' id='word_1_647' title='bbox 1492 1208 1629 1242; x_wconf 89' lang='lat' dir='ltr'>nomine</span> <span class='ocrx_word' id='word_1_648' title='bbox 1649 1207 1781 1251; x_wconf 86' lang='lat' dir='ltr'>proprio</span> <span class='ocrx_word' id='word_1_649' title='bbox 1794 1231 1804 1246; x_wconf 92' lang='lat'><em>‚</em></span> <span class='ocrx_word' id='word_1_650' title='bbox 1832 1204 1915 1239; x_wconf 89' lang='lat' dir='ltr'>nulli</span> <span class='ocrx_word' id='word_1_651' title='bbox 1929 1205 2012 1240; x_wconf 86' lang='lat' dir='ltr'>sede-</span> 
     </span>
     <span class='ocr_line' id='line_1_91' title="bbox 1130 1255 2013 1294; baseline 0.003 -8"><span class='ocrx_word' id='word_1_652' title='bbox 1130 1265 1206 1289; x_wconf 86' lang='lat' dir='ltr'>runt</span> <span class='ocrx_word' id='word_1_653' title='bbox 1218 1279 1228 1294; x_wconf 95' lang='lat'>,</span> <span class='ocrx_word' id='word_1_654' title='bbox 1239 1265 1276 1289; x_wconf 89' lang='lat' dir='ltr'>ut</span> <span class='ocrx_word' id='word_1_655' title='bbox 1286 1256 1422 1291; x_wconf 89' lang='lat' dir='ltr'>Marcus</span> <span class='ocrx_word' id='word_1_656' title='bbox 1433 1268 1477 1292; x_wconf 87' lang='lat' dir='ltr'>ex</span> <span class='ocrx_word' id='word_1_657' title='bbox 1487 1258 1625 1293; x_wconf 87' lang='lat' dir='ltr'>nomine</span> <span class='ocrx_word' id='word_1_658' title='bbox 1644 1266 1701 1294; x_wconf 88' lang='lat' dir='ltr'>aut</span> <span class='ocrx_word' id='word_1_659' title='bbox 1713 1257 1783 1291; x_wconf 87' lang='lat' dir='ltr'>vice</span> <span class='ocrx_word' id='word_1_660' title='bbox 1794 1257 1903 1290; x_wconf 70' lang='lat' dir='ltr'>Sansti</span> <span class='ocrx_word' id='word_1_661' title='bbox 1914 1255 2013 1290; x_wconf 87' lang='lat' dir='ltr'>Petri.</span> 
     </span>
     <span class='ocr_line' id='line_1_92' title="bbox 1164 1304 2015 1351; baseline 0.002 -13"><span class='ocrx_word' id='word_1_662' title='bbox 1164 1304 1396 1341; x_wconf 89' lang='lat' dir='ltr'>Nihilominus</span> <span class='ocrx_word' id='word_1_663' title='bbox 1410 1307 1535 1342; x_wconf 69' lang='lat' dir='ltr'>sanstus</span> <span class='ocrx_word' id='word_1_664' title='bbox 1547 1307 1682 1343; x_wconf 87' lang='lat' dir='ltr'>Marcus</span> <span class='ocrx_word' id='word_1_665' title='bbox 1696 1318 1902 1351; x_wconf 86' lang='lat' dir='ltr'>nequaquam</span> <span class='ocrx_word' id='word_1_666' title='bbox 1914 1306 2015 1341; x_wconf 91' lang='lat' dir='ltr'>Com-</span> 
     </span>
     <span class='ocr_line' id='line_1_93' title="bbox 1130 1355 2013 1396; baseline 0.001 -8"><span class='ocrx_word' id='word_1_667' title='bbox 1130 1355 1350 1391; x_wconf 88' lang='lat' dir='ltr'>mendatarius</span> <span class='ocrx_word' id='word_1_668' title='bbox 1359 1356 1532 1390; x_wconf 84' lang='lat' dir='ltr'>dumtaxat</span> <span class='ocrx_word' id='word_1_669' title='bbox 1540 1368 1600 1393; x_wconf 85' lang='lat' dir='ltr'>aut</span> <span class='ocrx_word' id='word_1_670' title='bbox 1614 1356 1773 1391; x_wconf 82' lang='lat' dir='ltr'>Visitator</span> <span class='ocrx_word' id='word_1_671' title='bbox 1784 1381 1794 1396; x_wconf 85' lang='lat'>‚</span> <span class='ocrx_word' id='word_1_672' title='bbox 1806 1356 1860 1391; x_wconf 89' lang='lat' dir='ltr'>sed</span> <span class='ocrx_word' id='word_1_673' title='bbox 1868 1355 2013 1391; x_wconf 61' lang='lat' dir='ltr'>omnint}</span> 
     </span>
     <span class='ocr_line' id='line_1_94' title="bbox 1130 1405 2014 1450; baseline 0.002 -13"><span class='ocrx_word' id='word_1_674' title='bbox 1130 1405 1190 1438; x_wconf 89' lang='lat' dir='ltr'>fuit</span> <span class='ocrx_word' id='word_1_675' title='bbox 1201 1405 1387 1442; x_wconf 81' lang='lat' dir='ltr'>cardinalis</span> <span class='ocrx_word' id='word_1_676' title='bbox 1398 1405 1700 1442; x_wconf 84' lang='lat' dir='ltr'>Alexandrinorum</span> <span class='ocrx_word' id='word_1_677' title='bbox 1714 1406 1906 1450; x_wconf 87' lang='lat' dir='ltr'>Episcopus.</span> <span class='ocrx_word' id='word_1_678' title='bbox 1924 1407 2014 1439; x_wconf 88' lang='lat' dir='ltr'>Nam</span> 
     </span>
     <span class='ocr_line' id='line_1_95' title="bbox 1129 1454 2015 1499; baseline 0.001 -11"><span class='ocrx_word' id='word_1_679' title='bbox 1129 1455 1162 1488; x_wconf 69' lang='grc' dir='ltr'>ὅς</span> <span class='ocrx_word' id='word_1_680' title='bbox 1174 1454 1364 1499; x_wconf 84' lang='lat' dir='ltr'>hujusmodi</span> <span class='ocrx_word' id='word_1_681' title='bbox 1375 1455 1421 1489; x_wconf 91' lang='lat' dir='ltr'>est</span> <span class='ocrx_word' id='word_1_682' title='bbox 1432 1457 1489 1489; x_wconf 92' lang='lat' dir='ltr'>suo</span> <span class='ocrx_word' id='word_1_683' title='bbox 1500 1455 1633 1499; x_wconf 90' lang='lat' dir='ltr'>Populo</span> <span class='ocrx_word' id='word_1_684' title='bbox 1648 1479 1658 1495; x_wconf 94' lang='lat'><em>‚</em></span> <span class='ocrx_word' id='word_1_685' title='bbox 1669 1455 1745 1490; x_wconf 87' lang='lat' dir='ltr'>licet</span> <span class='ocrx_word' id='word_1_686' title='bbox 1758 1455 1883 1491; x_wconf 83' lang='lat' dir='ltr'>Christi</span> <span class='ocrx_word' id='word_1_687' title='bbox 1893 1455 2015 1490; x_wconf 86' lang='lat' dir='ltr'>Domi-</span> 
     </span>
     <span class='ocr_line' id='line_1_96' title="bbox 1130 1504 2013 1552; baseline 0.003 -15"><span class='ocrx_word' id='word_1_688' title='bbox 1130 1504 1165 1540; x_wconf 91' lang='lat' dir='ltr'>ni</span> <span class='ocrx_word' id='word_1_689' title='bbox 1176 1505 1331 1540; x_wconf 72' lang='lat' dir='ltr'>vicarius</span> <span class='ocrx_word' id='word_1_690' title='bbox 1337 1505 1375 1538; x_wconf 90' lang='lat' dir='ltr'>sit</span> <span class='ocrx_word' id='word_1_691' title='bbox 1387 1529 1398 1544; x_wconf 95' lang='lat'>,</span> <span class='ocrx_word' id='word_1_692' title='bbox 1423 1505 1583 1540; x_wconf 84' lang='lat' dir='ltr'>Pontifex</span> <span class='ocrx_word' id='word_1_693' title='bbox 1595 1504 1836 1542; x_wconf 87' lang='lat' dir='ltr'>Romanorum.</span> <span class='ocrx_word' id='word_1_694' title='bbox 1864 1505 1908 1541; x_wconf 86' lang='lat' dir='ltr'>Et</span> <span class='ocrx_word' id='word_1_695' title='bbox 1919 1517 2013 1552; x_wconf 87' lang='lat' dir='ltr'>gene-</span> 
     </span>
     <span class='ocr_line' id='line_1_97' title="bbox 1128 1550 2014 1600; baseline 0.003 -13"><span class='ocrx_word' id='word_1_696' title='bbox 1128 1553 1210 1591; x_wconf 86' lang='lat' dir='ltr'>rales</span> <span class='ocrx_word' id='word_1_697' title='bbox 1221 1555 1458 1600; x_wconf 82' lang='lat' dir='ltr'>Episcoporum</span> <span class='ocrx_word' id='word_1_698' title='bbox 1471 1554 1597 1592; x_wconf 77' lang='lat' dir='ltr'>vicarii</span> <span class='ocrx_word' id='word_1_699' title='bbox 1605 1550 1661 1599; x_wconf 77' lang='lat' dir='ltr'>per</span> <span class='ocrx_word' id='word_1_700' title='bbox 1670 1554 1849 1591; x_wconf 86' lang='lat' dir='ltr'>hodiernos</span> <span class='ocrx_word' id='word_1_701' title='bbox 1858 1556 2014 1591; x_wconf 84' lang='lat' dir='ltr'>Canones</span> 
     </span>
     <span class='ocr_line' id='line_1_98' title="bbox 1130 1603 2016 1646; baseline 0.003 -9"><span class='ocrx_word' id='word_1_702' title='bbox 1130 1603 1252 1640; x_wconf 89' lang='lat' dir='ltr'>habent</span> <span class='ocrx_word' id='word_1_703' title='bbox 1263 1604 1463 1642; x_wconf 84' lang='lat' dir='ltr'>Potestatem</span> <span class='ocrx_word' id='word_1_704' title='bbox 1473 1604 1685 1646; x_wconf 83' lang='lat' dir='ltr'>ordinariam,</span> <span class='ocrx_word' id='word_1_705' title='bbox 1698 1617 1767 1641; x_wconf 86' lang='lat' dir='ltr'>non</span> <span class='ocrx_word' id='word_1_706' title='bbox 1780 1605 1950 1641; x_wconf 84' lang='lat' dir='ltr'>dumtaxat</span> <span class='ocrx_word' id='word_1_707' title='bbox 1962 1606 2016 1640; x_wconf 79' lang='lat' dir='ltr'>de-</span> 
     </span>
     <span class='ocr_line' id='line_1_99' title="bbox 1128 1654 2015 1700; baseline 0.003 -12"><span class='ocrx_word' id='word_1_708' title='bbox 1128 1654 1280 1699; x_wconf 88' lang='lat' dir='ltr'>legatam.</span> <span class='ocrx_word' id='word_1_709' title='bbox 1307 1655 1348 1690; x_wconf 90' lang='lat' dir='ltr'>ln</span> <span class='ocrx_word' id='word_1_710' title='bbox 1357 1665 1536 1691; x_wconf 86' lang='lat' dir='ltr'>memorata</span> <span class='ocrx_word' id='word_1_711' title='bbox 1557 1655 1708 1693; x_wconf 76' lang='lat' dir='ltr'>adversus</span> <span class='ocrx_word' id='word_1_712' title='bbox 1731 1657 1826 1692; x_wconf 85' lang='lat' dir='ltr'>suum</span> <span class='ocrx_word' id='word_1_713' title='bbox 1848 1657 2015 1700; x_wconf 84' lang='lat' dir='ltr'>Nepotem</span> 
     </span>
     <span class='ocr_line' id='line_1_100' title="bbox 1129 1704 2014 1749; baseline 0.002 -11"><span class='ocrx_word' id='word_1_714' title='bbox 1129 1704 1276 1748; x_wconf 82' lang='lat' dir='ltr'>Epistola</span> <span class='ocrx_word' id='word_1_715' title='bbox 1288 1705 1492 1741; x_wconf 87' lang='lat' dir='ltr'>Hincmarus</span> <span class='ocrx_word' id='word_1_716' title='bbox 1504 1705 1724 1749; x_wconf 84' lang='lat' dir='ltr'>Metropolita</span> <span class='ocrx_word' id='word_1_717' title='bbox 1735 1706 1875 1749; x_wconf 84' lang='lat' dir='ltr'>exponit</span> <span class='ocrx_word' id='word_1_718' title='bbox 1886 1705 1954 1741; x_wconf 84' lang='lat' dir='ltr'>haec</span> <span class='ocrx_word' id='word_1_719' title='bbox 1967 1707 2014 1740; x_wconf 88' lang='lat' dir='ltr'>in-</span> 
     </span>
     <span class='ocr_line' id='line_1_101' title="bbox 1128 1754 2013 1800; baseline 0.003 -13"><span class='ocrx_word' id='word_1_720' title='bbox 1128 1754 1211 1799; x_wconf 85' lang='lat' dir='ltr'>figni</span> <span class='ocrx_word' id='word_1_721' title='bbox 1222 1756 1374 1800; x_wconf 86' lang='lat' dir='ltr'>exemplo</span> <span class='ocrx_word' id='word_1_722' title='bbox 1395 1757 1456 1790; x_wconf 77' lang='lat' dir='ltr'>suae</span> <span class='ocrx_word' id='word_1_723' title='bbox 1477 1755 1644 1790; x_wconf 89' lang='lat' dir='ltr'>Remensis</span> <span class='ocrx_word' id='word_1_724' title='bbox 1664 1756 1814 1792; x_wconf 79' lang='lat' dir='ltr'>Ecclesia:</span> <span class='ocrx_word' id='word_1_725' title='bbox 1833 1767 1870 1790; x_wconf 87' lang='lat' dir='ltr'>ac</span> <span class='ocrx_word' id='word_1_726' title='bbox 1884 1756 2013 1792; x_wconf 84' lang='lat' dir='ltr'>Laudu-</span> 
     </span>
     <span class='ocr_line' id='line_1_102' title="bbox 1130 1805 2012 1851; baseline 0.003 -14"><span class='ocrx_word' id='word_1_727' title='bbox 1130 1805 1241 1840; x_wconf 85' lang='lat' dir='ltr'>nensis.</span> <span class='ocrx_word' id='word_1_728' title='bbox 1255 1806 1456 1840; x_wconf 90' lang='lat' dir='ltr'>Laudunum</span> <span class='ocrx_word' id='word_1_729' title='bbox 1468 1805 1560 1849; x_wconf 75' lang='lat' dir='ltr'>juxta</span> <span class='ocrx_word' id='word_1_730' title='bbox 1571 1807 1723 1851; x_wconf 87' lang='lat' dir='ltr'>antiquas</span> <span class='ocrx_word' id='word_1_731' title='bbox 1733 1807 1886 1849; x_wconf 72' lang='lat' dir='ltr'>Romane</span> <span class='ocrx_word' id='word_1_732' title='bbox 1894 1807 2012 1851; x_wconf 76' lang='lat' dir='ltr'>Reipu⁴</span> 
     </span>
     <span class='ocr_line' id='line_1_103' title="bbox 1130 1853 2012 1893; baseline 0.006 -7"><span class='ocrx_word' id='word_1_733' title='bbox 1130 1853 1221 1888; x_wconf 78' lang='lat' dir='ltr'>blicae</span> <span class='ocrx_word' id='word_1_734' title='bbox 1233 1855 1267 1889; x_wconf 74' lang='grc' dir='ltr'>δε</span> <span class='ocrx_word' id='word_1_735' title='bbox 1278 1855 1505 1890; x_wconf 82' lang='lat' dir='ltr'>Ecclesiasticae</span> <span class='ocrx_word' id='word_1_736' title='bbox 1515 1855 1714 1893; x_wconf 80' lang='lat' dir='ltr'>Hierarchiae</span> <span class='ocrx_word' id='word_1_737' title='bbox 1727 1856 1853 1893; x_wconf 86' lang='lat' dir='ltr'>tabulas</span> <span class='ocrx_word' id='word_1_738' title='bbox 1864 1857 1927 1893; x_wconf 87' lang='lat' dir='ltr'>fuit</span> <span class='ocrx_word' id='word_1_739' title='bbox 1950 1857 2012 1891; x_wconf 89' lang='lat' dir='ltr'>Re-</span> 
     </span>
     <span class='ocr_line' id='line_1_104' title="bbox 1129 1904 2014 1950; baseline 0.002 -11"><span class='ocrx_word' id='word_1_740' title='bbox 1129 1904 1243 1939; x_wconf 84' lang='lat' dir='ltr'>mensis</span> <span class='ocrx_word' id='word_1_741' title='bbox 1255 1904 1420 1939; x_wconf 79' lang='lat' dir='ltr'>Parochia:</span> <span class='ocrx_word' id='word_1_742' title='bbox 1431 1905 1605 1940; x_wconf 87' lang='lat' dir='ltr'>dumtaxat</span> <span class='ocrx_word' id='word_1_743' title='bbox 1616 1906 1788 1950; x_wconf 88' lang='lat' dir='ltr'>Oppidum</span> <span class='ocrx_word' id='word_1_744' title='bbox 1799 1932 1809 1948; x_wconf 92' lang='lat'>‚</span> <span class='ocrx_word' id='word_1_745' title='bbox 1837 1907 1944 1950; x_wconf 88' lang='lat' dir='ltr'>ipsum</span> <span class='ocrx_word' id='word_1_746' title='bbox 1958 1907 2014 1941; x_wconf 89' lang='lat' dir='ltr'>Ci-</span> 
     </span>
     <span class='ocr_line' id='line_1_105' title="bbox 1131 1954 2013 2000; baseline 0.005 -13"><span class='ocrx_word' id='word_1_747' title='bbox 1131 1954 1238 1988; x_wconf 87' lang='lat' dir='ltr'>vitatis</span> <span class='ocrx_word' id='word_1_748' title='bbox 1257 1965 1295 1988; x_wconf 91' lang='lat' dir='ltr'>ac</span> <span class='ocrx_word' id='word_1_749' title='bbox 1309 1955 1526 1999; x_wconf 77' lang='lat' dir='ltr'>Episcopatus</span> <span class='ocrx_word' id='word_1_750' title='bbox 1542 1954 1709 2000; x_wconf 85' lang='lat' dir='ltr'>dignitate</span> <span class='ocrx_word' id='word_1_751' title='bbox 1730 1957 1853 2000; x_wconf 89' lang='lat' dir='ltr'>primus</span> <span class='ocrx_word' id='word_1_752' title='bbox 1874 1956 2013 1991; x_wconf 89' lang='lat' dir='ltr'>donavit</span> 
     </span>
     <span class='ocr_line' id='line_1_106' title="bbox 1130 2003 2008 2051; baseline 0.006 -15"><span class='ocrx_word' id='word_1_753' title='bbox 1130 2004 1254 2037; x_wconf 67' lang='lat' dir='ltr'>fannus</span> <span class='ocrx_word' id='word_1_754' title='bbox 1275 2003 1466 2049; x_wconf 76' lang='lat' dir='ltr'>RemigiuS,</span> <span class='ocrx_word' id='word_1_755' title='bbox 1495 2006 1530 2039; x_wconf 79' lang='grc' dir='ltr'>δε</span> <span class='ocrx_word' id='word_1_756' title='bbox 1549 2007 1693 2048; x_wconf 91' lang='lat' dir='ltr'>primum</span> <span class='ocrx_word' id='word_1_757' title='bbox 1712 2006 1784 2040; x_wconf 88' lang='lat' dir='ltr'>istic</span> <span class='ocrx_word' id='word_1_758' title='bbox 1807 2007 2008 2051; x_wconf 87' lang='lat' dir='ltr'>Episcopum</span> 
     </span>
     <span class='ocr_line' id='line_1_107' title="bbox 1131 2053 2013 2091; baseline 0.005 -6"><span class='ocrx_word' id='word_1_759' title='bbox 1131 2053 1312 2087; x_wconf 76' lang='lat' dir='ltr'>nominavit</span> <span class='ocrx_word' id='word_1_760' title='bbox 1322 2054 1355 2087; x_wconf 90' lang='lat'>&amp;</span> <span class='ocrx_word' id='word_1_761' title='bbox 1374 2054 1574 2089; x_wconf 87' lang='lat' dir='ltr'>consecravit</span> <span class='ocrx_word' id='word_1_762' title='bbox 1595 2056 1741 2090; x_wconf 61' lang='lat' dir='ltr'>sanctum</span> <span class='ocrx_word' id='word_1_763' title='bbox 1762 2055 2013 2091; x_wconf 86' lang='lat' dir='ltr'>Genebaudum.</span> 
     </span>
     <span class='ocr_line' id='line_1_108' title="bbox 1133 2101 2015 2152; baseline 0.005 -16"><span class='ocrx_word' id='word_1_764' title='bbox 1133 2101 1231 2152; x_wconf 80' lang='lat' dir='ltr'>Qod</span> <span class='ocrx_word' id='word_1_765' title='bbox 1239 2103 1369 2137; x_wconf 85' lang='lat' dir='ltr'>exinde</span> <span class='ocrx_word' id='word_1_766' title='bbox 1381 2104 1552 2139; x_wconf 87' lang='lat' dir='ltr'>Remensis</span> <span class='ocrx_word' id='word_1_767' title='bbox 1562 2104 1725 2140; x_wconf 86' lang='lat' dir='ltr'>Parochia</span> <span class='ocrx_word' id='word_1_768' title='bbox 1735 2105 1816 2140; x_wconf 89' lang='lat' dir='ltr'>duas</span> <span class='ocrx_word' id='word_1_769' title='bbox 1829 2105 1946 2142; x_wconf 87' lang='lat' dir='ltr'>habere</span> <span class='ocrx_word' id='word_1_770' title='bbox 1961 2107 2015 2142; x_wconf 89' lang='lat' dir='ltr'>Ci-</span> 
     </span>
     <span class='ocr_line' id='line_1_109' title="bbox 1134 2152 2015 2194; baseline 0.007 -10"><span class='ocrx_word' id='word_1_771' title='bbox 1134 2152 1243 2188; x_wconf 63' lang='lat' dir='ltr'>«states</span> <span class='ocrx_word' id='word_1_772' title='bbox 1253 2178 1263 2194; x_wconf 95' lang='lat'>,</span> <span class='ocrx_word' id='word_1_773' title='bbox 1288 2154 1323 2187; x_wconf 76' lang='grc' dir='ltr'>ἀ</span> <span class='ocrx_word' id='word_1_774' title='bbox 1334 2155 1458 2189; x_wconf 74' lang='lat' dir='ltr'>sanstus</span> <span class='ocrx_word' id='word_1_775' title='bbox 1470 2166 1547 2190; x_wconf 88' lang='lat' dir='ltr'>cum</span> <span class='ocrx_word' id='word_1_776' title='bbox 1558 2155 1622 2189; x_wconf 81' lang='lat' dir='ltr'>suis</span> <span class='ocrx_word' id='word_1_777' title='bbox 1641 2156 1882 2191; x_wconf 75' lang='lat' dir='ltr'>Successoribus</span> <span class='ocrx_word' id='word_1_778' title='bbox 1901 2157 2015 2192; x_wconf 87' lang='lat' dir='ltr'>Remi-</span> 
     </span>
     <span class='ocr_line' id='line_1_110' title="bbox 1130 2203 2016 2252; baseline 0.006 -16"><span class='ocrx_word' id='word_1_779' title='bbox 1130 2203 1202 2247; x_wconf 80' lang='lat' dir='ltr'>gius</span> <span class='ocrx_word' id='word_1_780' title='bbox 1213 2203 1249 2238; x_wconf 89' lang='lat' dir='ltr'>in</span> <span class='ocrx_word' id='word_1_781' title='bbox 1261 2203 1419 2239; x_wconf 87' lang='lat' dir='ltr'>ambabus</span> <span class='ocrx_word' id='word_1_782' title='bbox 1432 2229 1442 2245; x_wconf 94' lang='lat'>,</span> <span class='ocrx_word' id='word_1_783' title='bbox 1455 2204 1570 2240; x_wconf 85' lang='lat' dir='ltr'>Remis</span> <span class='ocrx_word' id='word_1_784' title='bbox 1581 2217 1637 2249; x_wconf 87' lang='lat' dir='ltr'>per</span> <span class='ocrx_word' id='word_1_785' title='bbox 1647 2207 1678 2240; x_wconf 88' lang='lat' dir='ltr'>se</span> <span class='ocrx_word' id='word_1_786' title='bbox 1691 2231 1701 2246; x_wconf 90' lang='lat'>,</span> <span class='ocrx_word' id='word_1_787' title='bbox 1722 2206 1876 2243; x_wconf 88' lang='lat' dir='ltr'>Lauduni</span> <span class='ocrx_word' id='word_1_788' title='bbox 1887 2219 1944 2252; x_wconf 86' lang='lat' dir='ltr'>per</span> <span class='ocrx_word' id='word_1_789' title='bbox 1957 2207 2016 2242; x_wconf 90' lang='lat' dir='ltr'>Vi-</span> 
     </span>
     <span class='ocr_line' id='line_1_111' title="bbox 1129 2255 2013 2302; baseline 0.006 -14"><span class='ocrx_word' id='word_1_790' title='bbox 1129 2255 1253 2289; x_wconf 87' lang='lat' dir='ltr'>carium</span> <span class='ocrx_word' id='word_1_791' title='bbox 1263 2279 1273 2294; x_wconf 92' lang='lat'>,</span> <span class='ocrx_word' id='word_1_792' title='bbox 1284 2255 1410 2298; x_wconf 66' lang='lat' dir='ltr'>caeperit</span> <span class='ocrx_word' id='word_1_793' title='bbox 1423 2255 1487 2290; x_wconf 82' lang='lat' dir='ltr'>effe</span> <span class='ocrx_word' id='word_1_794' title='bbox 1497 2266 1534 2290; x_wconf 90' lang='lat' dir='ltr'>ac</span> <span class='ocrx_word' id='word_1_795' title='bbox 1545 2255 1653 2290; x_wconf 87' lang='lat' dir='ltr'>sedere</span> <span class='ocrx_word' id='word_1_796' title='bbox 1666 2257 1858 2301; x_wconf 86' lang='lat' dir='ltr'>Episcopus,</span> <span class='ocrx_word' id='word_1_797' title='bbox 1870 2257 2013 2302; x_wconf 69' lang='lat' dir='ltr'>ideoque</span> 
     </span>
     <span class='ocr_line' id='line_1_112' title="bbox 1131 2303 2013 2352; baseline 0.003 -13"><span class='ocrx_word' id='word_1_798' title='bbox 1131 2303 1364 2340; x_wconf 86' lang='lat' dir='ltr'>Laudunenses</span> <span class='ocrx_word' id='word_1_799' title='bbox 1380 2305 1535 2350; x_wconf 88' lang='lat' dir='ltr'>Episcopi</span> <span class='ocrx_word' id='word_1_800' title='bbox 1548 2306 1743 2352; x_wconf 84' lang='lat' dir='ltr'>singularem</span> <span class='ocrx_word' id='word_1_801' title='bbox 1754 2319 1814 2351; x_wconf 74' lang='lat' dir='ltr'>prae</span> <span class='ocrx_word' id='word_1_802' title='bbox 1825 2308 1898 2341; x_wconf 89' lang='lat' dir='ltr'>aliis</span> <span class='ocrx_word' id='word_1_803' title='bbox 1911 2309 2013 2342; x_wconf 89' lang='lat' dir='ltr'>Com·</span> 
     </span>
     <span class='ocr_line' id='line_1_113' title="bbox 1131 2354 2014 2397; baseline 0.006 -10"><span class='ocrx_word' id='word_1_804' title='bbox 1131 2354 1383 2397; x_wconf 88' lang='lat' dir='ltr'>provincialibus</span> <span class='ocrx_word' id='word_1_805' title='bbox 1403 2356 1616 2390; x_wconf 88' lang='lat' dir='ltr'>reverentiam</span> <span class='ocrx_word' id='word_1_806' title='bbox 1636 2368 1674 2390; x_wconf 92' lang='lat' dir='ltr'>ac</span> <span class='ocrx_word' id='word_1_807' title='bbox 1701 2357 1925 2393; x_wconf 88' lang='lat' dir='ltr'>obedientiam</span> <span class='ocrx_word' id='word_1_808' title='bbox 1958 2357 2014 2392; x_wconf 90' lang='lat' dir='ltr'>de-</span> 
     </span>
     <span class='ocr_line' id='line_1_114' title="bbox 1130 2404 2010 2449; baseline 0.002 -9"><span class='ocrx_word' id='word_1_809' title='bbox 1130 2404 1225 2440; x_wconf 84' lang='lat' dir='ltr'>beant</span> <span class='ocrx_word' id='word_1_810' title='bbox 1235 2404 1456 2449; x_wconf 74' lang='lat' dir='ltr'>Metropolitae</span> <span class='ocrx_word' id='word_1_811' title='bbox 1466 2405 1630 2446; x_wconf 82' lang='lat' dir='ltr'>Remenfi,</span> <span class='ocrx_word' id='word_1_812' title='bbox 1642 2407 1844 2442; x_wconf 86' lang='lat' dir='ltr'>Hincmarus</span> <span class='ocrx_word' id='word_1_813' title='bbox 1851 2408 1989 2442; x_wconf 77' lang='lat' dir='ltr'>affirmat</span> <span class='ocrx_word' id='word_1_814' title='bbox 1998 2432 2010 2448; x_wconf 85' lang='lat'>,</span> 
     </span>
     <span class='ocr_line' id='line_1_115' title="bbox 1128 2455 2012 2502; baseline 0.002 -12"><span class='ocrx_word' id='word_1_815' title='bbox 1128 2455 1161 2491; x_wconf 72' lang='lat' dir='ltr'>dc</span> <span class='ocrx_word' id='word_1_816' title='bbox 1169 2456 1343 2490; x_wconf 83' lang='lat' dir='ltr'>confirmat</span> <span class='ocrx_word' id='word_1_817' title='bbox 1355 2456 1546 2491; x_wconf 70' lang='lat' dir='ltr'>auctoritate</span> <span class='ocrx_word' id='word_1_818' title='bbox 1558 2458 1657 2490; x_wconf 66' lang='lat' dir='ltr'>sancti</span> <span class='ocrx_word' id='word_1_819' title='bbox 1666 2456 1860 2502; x_wconf 88' lang='lat' dir='ltr'>Augustini,</span> <span class='ocrx_word' id='word_1_820' title='bbox 1873 2458 2012 2492; x_wconf 86' lang='lat' dir='ltr'>similem</span> 
     </span>
     <span class='ocr_line' id='line_1_116' title="bbox 1129 2505 2013 2549; baseline 0.001 -8"><span class='ocrx_word' id='word_1_821' title='bbox 1129 2505 1320 2549; x_wconf 88' lang='lat' dir='ltr'>potestatem</span> <span class='ocrx_word' id='word_1_822' title='bbox 1330 2518 1373 2540; x_wconf 89' lang='lat' dir='ltr'>ex</span> <span class='ocrx_word' id='word_1_823' title='bbox 1382 2505 1496 2542; x_wconf 84' lang='lat' dir='ltr'>eadem</span> <span class='ocrx_word' id='word_1_824' title='bbox 1507 2508 1601 2541; x_wconf 89' lang='lat' dir='ltr'>causa</span> <span class='ocrx_word' id='word_1_825' title='bbox 1611 2506 1667 2541; x_wconf 87' lang='lat' dir='ltr'>fibi</span> <span class='ocrx_word' id='word_1_826' title='bbox 1679 2508 1719 2542; x_wconf 85' lang='lat' dir='ltr'>ad</span> <span class='ocrx_word' id='word_1_827' title='bbox 1724 2507 1891 2543; x_wconf 86' lang='lat' dir='ltr'>scribentis</span> <span class='ocrx_word' id='word_1_828' title='bbox 1903 2509 1938 2543; x_wconf 89' lang='lat' dir='ltr'>in</span> <span class='ocrx_word' id='word_1_829' title='bbox 1952 2508 2013 2542; x_wconf 88' lang='lat' dir='ltr'>Ec-</span> 
     </span>
     <span class='ocr_line' id='line_1_117' title="bbox 1128 2556 2009 2603; baseline 0 -11"><span class='ocrx_word' id='word_1_830' title='bbox 1128 2556 1255 2592; x_wconf 90' lang='lat' dir='ltr'>clesiam</span> <span class='ocrx_word' id='word_1_831' title='bbox 1266 2569 1304 2591; x_wconf 88' lang='lat' dir='ltr'>ac</span> <span class='ocrx_word' id='word_1_832' title='bbox 1315 2557 1516 2601; x_wconf 89' lang='lat' dir='ltr'>Episcopum</span> <span class='ocrx_word' id='word_1_833' title='bbox 1528 2557 1755 2592; x_wconf 78' lang='lat' dir='ltr'>Fussalensem.</span> <span class='ocrx_word' id='word_1_834' title='bbox 1785 2558 1829 2592; x_wconf 88' lang='lat' dir='ltr'>Et</span> <span class='ocrx_word' id='word_1_835' title='bbox 1851 2556 2009 2603; x_wconf 89' lang='lat' dir='ltr'>Augusti-</span> 
     </span>
     <span class='ocr_line' id='line_1_118' title="bbox 1127 2607 2011 2648; baseline 0 -7"><span class='ocrx_word' id='word_1_836' title='bbox 1127 2618 1207 2642; x_wconf 88' lang='lat' dir='ltr'>num</span> <span class='ocrx_word' id='word_1_837' title='bbox 1218 2607 1360 2641; x_wconf 79' lang='lat' dir='ltr'>omnino</span> <span class='ocrx_word' id='word_1_838' title='bbox 1371 2607 1463 2642; x_wconf 59' lang='lat' dir='ltr'>fnisse</span> <span class='ocrx_word' id='word_1_839' title='bbox 1472 2607 1563 2643; x_wconf 87' lang='lat' dir='ltr'>istius</span> <span class='ocrx_word' id='word_1_840' title='bbox 1575 2609 1694 2643; x_wconf 89' lang='lat' dir='ltr'>mentis</span> <span class='ocrx_word' id='word_1_841' title='bbox 1705 2633 1715 2648; x_wconf 94' lang='lat'>,</span> <span class='ocrx_word' id='word_1_842' title='bbox 1743 2621 1813 2643; x_wconf 90' lang='lat' dir='ltr'>non</span> <span class='ocrx_word' id='word_1_843' title='bbox 1825 2608 1908 2642; x_wconf 77' lang='lat' dir='ltr'>vane</span> <span class='ocrx_word' id='word_1_844' title='bbox 1918 2609 2011 2643; x_wconf 84' lang='lat' dir='ltr'>colli-</span> 
     </span>
     <span class='ocr_line' id='line_1_119' title="bbox 1126 2657 2010 2701; baseline 0.003 -11"><span class='ocrx_word' id='word_1_845' title='bbox 1126 2657 1214 2701; x_wconf 89' lang='lat' dir='ltr'>gitur</span> <span class='ocrx_word' id='word_1_846' title='bbox 1221 2669 1263 2692; x_wconf 89' lang='lat' dir='ltr'>ex</span> <span class='ocrx_word' id='word_1_847' title='bbox 1273 2657 1340 2700; x_wconf 86' lang='lat' dir='ltr'>ejus</span> <span class='ocrx_word' id='word_1_848' title='bbox 1351 2657 1500 2701; x_wconf 84' lang='lat' dir='ltr'>Epistola</span> <span class='ocrx_word' id='word_1_849' title='bbox 1511 2658 1552 2692; x_wconf 89' lang='lat' dir='ltr'>ad</span> <span class='ocrx_word' id='word_1_850' title='bbox 1572 2659 1717 2692; x_wconf 59' lang='lat' dir='ltr'>sancitum</span> <span class='ocrx_word' id='word_1_851' title='bbox 1735 2658 1935 2694; x_wconf 87' lang='lat' dir='ltr'>Pontificem</span> <span class='ocrx_word' id='word_1_852' title='bbox 1949 2659 2010 2693; x_wconf 81' lang='lat' dir='ltr'>Ce-</span> 
     </span>
     <span class='ocr_line' id='line_1_120' title="bbox 1126 2706 2035 2752; baseline 0.002 -12"><span class='ocrx_word' id='word_1_853' title='bbox 1126 2707 1286 2743; x_wconf 84' lang='lat' dir='ltr'>lestinum.</span> <span class='ocrx_word' id='word_1_854' title='bbox 1315 2706 1484 2752; x_wconf 87' lang='lat' dir='ltr'>Augustus</span> <span class='ocrx_word' id='word_1_855' title='bbox 1508 2707 1738 2743; x_wconf 86' lang='lat' dir='ltr'>Romanorum</span> <span class='ocrx_word' id='word_1_856' title='bbox 1757 2709 1911 2751; x_wconf 88' lang='lat' dir='ltr'>Princeps</span> <span class='ocrx_word' id='word_1_857' title='bbox 1928 2709 2008 2742; x_wconf 83' lang='lat' dir='ltr'>duas</span> <span class='ocrx_word' id='word_1_858' title='bbox 2027 2728 2035 2734; x_wconf 87' lang='lat'><em>-</em></span> 
     </span>
     <span class='ocr_line' id='line_1_121' title="bbox 1125 2756 2109 2805; baseline 0.006 -15"><span class='ocrx_word' id='word_1_859' title='bbox 1125 2760 1224 2793; x_wconf 90' lang='lat' dir='ltr'>etiam</span> <span class='ocrx_word' id='word_1_860' title='bbox 1235 2759 1384 2792; x_wconf 87' lang='lat' dir='ltr'>civitates</span> <span class='ocrx_word' id='word_1_861' title='bbox 1395 2756 1454 2791; x_wconf 89' lang='lat' dir='ltr'>sub</span> <span class='ocrx_word' id='word_1_862' title='bbox 1466 2759 1520 2793; x_wconf 88' lang='lat' dir='ltr'>sua</span> <span class='ocrx_word' id='word_1_863' title='bbox 1534 2760 1684 2802; x_wconf 74' lang='lat' dir='ltr'>proxime</span> <span class='ocrx_word' id='word_1_864' title='bbox 1694 2771 1770 2794; x_wconf 89' lang='lat' dir='ltr'>cura</span> <span class='ocrx_word' id='word_1_865' title='bbox 1785 2758 1899 2794; x_wconf 90' lang='lat' dir='ltr'>habuit</span> <span class='ocrx_word' id='word_1_866' title='bbox 1913 2770 1920 2789; x_wconf 73' lang='grc' dir='ltr'><em>τ</em></span> <span class='ocrx_word' id='word_1_867' title='bbox 1940 2758 2007 2793; x_wconf 91' lang='lat' dir='ltr'>Ro·</span> <span class='ocrx_word' id='word_1_868' title='bbox 2024 2763 2109 2805; x_wconf 74' lang='lat' dir='ltr'>Epist.</span> 
     </span>
     <span class='ocr_line' id='line_1_122' title="bbox 1127 2807 2089 2853; baseline -0.001 -10"><span class='ocrx_word' id='word_1_869' title='bbox 1127 2819 1213 2843; x_wconf 87' lang='lat' dir='ltr'>mam</span> <span class='ocrx_word' id='word_1_870' title='bbox 1224 2808 1258 2843; x_wconf 76' lang='grc' dir='ltr'>δε</span> <span class='ocrx_word' id='word_1_871' title='bbox 1271 2807 1518 2842; x_wconf 86' lang='lat' dir='ltr'>Alexandriam.</span> <span class='ocrx_word' id='word_1_872' title='bbox 1546 2808 1643 2843; x_wconf 84' lang='lat' dir='ltr'>Istam</span> <span class='ocrx_word' id='word_1_873' title='bbox 1656 2821 1711 2853; x_wconf 89' lang='lat' dir='ltr'>per</span> <span class='ocrx_word' id='word_1_874' title='bbox 1722 2811 1754 2844; x_wconf 87' lang='lat' dir='ltr'>se</span> <span class='ocrx_word' id='word_1_875' title='bbox 1762 2834 1772 2851; x_wconf 90' lang='lat'>,</span> <span class='ocrx_word' id='word_1_876' title='bbox 1784 2808 1868 2842; x_wconf 88' lang='lat' dir='ltr'>hanc</span> <span class='ocrx_word' id='word_1_877' title='bbox 1879 2819 1935 2851; x_wconf 89' lang='lat' dir='ltr'>per</span> <span class='ocrx_word' id='word_1_878' title='bbox 1946 2808 2007 2842; x_wconf 92' lang='lat' dir='ltr'>Vi·</span> <span class='ocrx_word' id='word_1_879' title='bbox 2025 2812 2089 2835; x_wconf 74' lang='lat'>26¹-</span> 
     </span>
     <span class='ocr_line' id='line_1_123' title="bbox 1125 2857 2007 2895; baseline 0.002 -4"><span class='ocrx_word' id='word_1_880' title='bbox 1125 2858 1259 2892; x_wconf 88' lang='lat' dir='ltr'>carium.</span> <span class='ocrx_word' id='word_1_881' title='bbox 1288 2857 1427 2893; x_wconf 89' lang='lat' dir='ltr'>Easdem</span> <span class='ocrx_word' id='word_1_882' title='bbox 1440 2857 1497 2891; x_wconf 93' lang='lat' dir='ltr'>sub</span> <span class='ocrx_word' id='word_1_883' title='bbox 1508 2859 1563 2892; x_wconf 89' lang='lat' dir='ltr'>sua</span> <span class='ocrx_word' id='word_1_884' title='bbox 1585 2859 1774 2895; x_wconf 87' lang='lat' dir='ltr'>immediata</span> <span class='ocrx_word' id='word_1_885' title='bbox 1796 2857 2007 2893; x_wconf 88' lang='lat' dir='ltr'>solicitudine</span> 
     </span>
     <span class='ocr_line' id='line_1_124' title="bbox 1126 2906 2007 2952; baseline 0 -10"><span class='ocrx_word' id='word_1_886' title='bbox 1126 2906 1240 2943; x_wconf 88' lang='lat' dir='ltr'>habuit</span> <span class='ocrx_word' id='word_1_887' title='bbox 1249 2909 1374 2943; x_wconf 74' lang='lat' dir='ltr'>sanstus</span> <span class='ocrx_word' id='word_1_888' title='bbox 1387 2908 1510 2942; x_wconf 85' lang='lat' dir='ltr'>Petrus:</span> <span class='ocrx_word' id='word_1_889' title='bbox 1525 2908 1570 2943; x_wconf 90' lang='lat' dir='ltr'>Et</span> <span class='ocrx_word' id='word_1_890' title='bbox 1581 2909 1657 2952; x_wconf 86' lang='lat' dir='ltr'>quia</span> <span class='ocrx_word' id='word_1_891' title='bbox 1670 2919 1840 2952; x_wconf 89' lang='lat' dir='ltr'>utramque</span> <span class='ocrx_word' id='word_1_892' title='bbox 1847 2919 1904 2952; x_wconf 90' lang='lat' dir='ltr'>per</span> <span class='ocrx_word' id='word_1_893' title='bbox 1913 2909 1945 2943; x_wconf 91' lang='lat' dir='ltr'>se</span> <span class='ocrx_word' id='word_1_894' title='bbox 1953 2919 2007 2942; x_wconf 90' lang='lat' dir='ltr'>cu-</span> 
     </span>
     <span class='ocr_line' id='line_1_125' title="bbox 1126 2957 2006 3003; baseline 0.003 -13"><span class='ocrx_word' id='word_1_895' title='bbox 1126 2970 1193 2993; x_wconf 90' lang='lat' dir='ltr'>rare</span> <span class='ocrx_word' id='word_1_896' title='bbox 1206 2970 1275 2992; x_wconf 88' lang='lat' dir='ltr'>non</span> <span class='ocrx_word' id='word_1_897' title='bbox 1287 2959 1396 3002; x_wconf 90' lang='lat' dir='ltr'>potuit</span> <span class='ocrx_word' id='word_1_898' title='bbox 1408 2982 1418 2998; x_wconf 91' lang='lat'>,</span> <span class='ocrx_word' id='word_1_899' title='bbox 1444 2958 1515 2992; x_wconf 85' lang='lat' dir='ltr'>suas</span> <span class='ocrx_word' id='word_1_900' title='bbox 1526 2958 1562 2993; x_wconf 90' lang='lat' dir='ltr'>in</span> <span class='ocrx_word' id='word_1_901' title='bbox 1574 2959 1745 3003; x_wconf 83' lang='lat' dir='ltr'>posteriori</span> <span class='ocrx_word' id='word_1_902' title='bbox 1756 2959 1842 2993; x_wconf 85' lang='lat' dir='ltr'>vices</span> <span class='ocrx_word' id='word_1_903' title='bbox 1861 2957 2006 3002; x_wconf 87' lang='lat' dir='ltr'>explevit</span> 
     </span>
     <span class='ocr_line' id='line_1_126' title="bbox 1127 3007 2006 3053; baseline 0 -11"><span class='ocrx_word' id='word_1_904' title='bbox 1127 3019 1180 3050; x_wconf 85' lang='lat' dir='ltr'>per</span> <span class='ocrx_word' id='word_1_905' title='bbox 1192 3010 1336 3044; x_wconf 63' lang='lat' dir='ltr'>sanetum</span> <span class='ocrx_word' id='word_1_906' title='bbox 1347 3007 1617 3043; x_wconf 77' lang='lat' dir='ltr'>MarcumPorro</span> <span class='ocrx_word' id='word_1_907' title='bbox 1629 3008 1819 3053; x_wconf 80' lang='lat' dir='ltr'>Augustalis</span> <span class='ocrx_word' id='word_1_908' title='bbox 1830 3007 2006 3051; x_wconf 66' lang='lat' dir='ltr'>Preststus,</span> 
     </span>
     <span class='ocr_line' id='line_1_127' title="bbox 1125 3057 2005 3104; baseline 0.002 -14"><span class='ocrx_word' id='word_1_909' title='bbox 1125 3058 1201 3093; x_wconf 88' lang='lat' dir='ltr'>licet</span> <span class='ocrx_word' id='word_1_910' title='bbox 1211 3057 1540 3099; x_wconf 87' lang='lat' dir='ltr'>Vicarium,attamen</span> <span class='ocrx_word' id='word_1_911' title='bbox 1549 3069 1616 3091; x_wconf 88' lang='lat' dir='ltr'>non</span> <span class='ocrx_word' id='word_1_912' title='bbox 1627 3057 1798 3093; x_wconf 86' lang='lat' dir='ltr'>dumtaxat</span> <span class='ocrx_word' id='word_1_913' title='bbox 1805 3058 2005 3104; x_wconf 85' lang='lat' dir='ltr'>delegatum,</span> 
     </span>
     <span class='ocr_line' id='line_1_128' title="bbox 1125 3105 2006 3154; baseline 0 -12"><span class='ocrx_word' id='word_1_914' title='bbox 1125 3106 1178 3142; x_wconf 90' lang='lat' dir='ltr'>sed</span> <span class='ocrx_word' id='word_1_915' title='bbox 1190 3108 1333 3142; x_wconf 73' lang='lat' dir='ltr'>omnino</span> <span class='ocrx_word' id='word_1_916' title='bbox 1343 3108 1545 3143; x_wconf 87' lang='lat' dir='ltr'>ordinarium</span> <span class='ocrx_word' id='word_1_917' title='bbox 1556 3105 1669 3143; x_wconf 89' lang='lat' dir='ltr'>habuit</span> <span class='ocrx_word' id='word_1_918' title='bbox 1679 3108 1919 3154; x_wconf 85' lang='lat' dir='ltr'>Magistratum.</span> <span class='ocrx_word' id='word_1_919' title='bbox 1950 3109 2006 3143; x_wconf 86' lang='lat' dir='ltr'>Et-</span> 
     </span>
     <span class='ocr_line' id='line_1_129' title="bbox 1126 3157 2004 3205; baseline 0.001 -14"><span class='ocrx_word' id='word_1_920' title='bbox 1126 3159 1191 3192; x_wconf 88' lang='lat' dir='ltr'>iam</span> <span class='ocrx_word' id='word_1_921' title='bbox 1202 3158 1428 3193; x_wconf 88' lang='lat' dir='ltr'>Laudunensis</span> <span class='ocrx_word' id='word_1_922' title='bbox 1439 3157 1618 3201; x_wconf 87' lang='lat' dir='ltr'>Episcopus</span> <span class='ocrx_word' id='word_1_923' title='bbox 1631 3182 1641 3199; x_wconf 92' lang='lat'>,</span> <span class='ocrx_word' id='word_1_924' title='bbox 1651 3170 1688 3193; x_wconf 92' lang='lat' dir='ltr'>ac</span> <span class='ocrx_word' id='word_1_925' title='bbox 1702 3159 1890 3195; x_wconf 74' lang='lat' dir='ltr'>Fuffilenfis</span> <span class='ocrx_word' id='word_1_926' title='bbox 1901 3185 1911 3201; x_wconf 90' lang='lat'>,</span> <span class='ocrx_word' id='word_1_927' title='bbox 1924 3158 2004 3205; x_wconf 76' lang='lat' dir='ltr'>ergo</span> 
     </span>
     <span class='ocr_line' id='line_1_130' title="bbox 1125 3207 2004 3252; baseline 0.003 -11"><span class='ocrx_word' id='word_1_928' title='bbox 1125 3209 1159 3242; x_wconf 74' lang='grc' dir='ltr'>δε</span> <span class='ocrx_word' id='word_1_929' title='bbox 1168 3209 1292 3241; x_wconf 73' lang='lat' dir='ltr'>sanstus</span> <span class='ocrx_word' id='word_1_930' title='bbox 1303 3208 1437 3242; x_wconf 89' lang='lat' dir='ltr'>Marcus</span> <span class='ocrx_word' id='word_1_931' title='bbox 1445 3230 1455 3246; x_wconf 90' lang='lat'>‚</span> <span class='ocrx_word' id='word_1_932' title='bbox 1468 3207 1639 3251; x_wconf 62' lang='lat' dir='ltr'>cundiique</span> <span class='ocrx_word' id='word_1_933' title='bbox 1649 3208 1718 3252; x_wconf 83' lang='lat' dir='ltr'>ejus</span> <span class='ocrx_word' id='word_1_934' title='bbox 1728 3210 1762 3244; x_wconf 89' lang='lat' dir='ltr'>in</span> <span class='ocrx_word' id='word_1_935' title='bbox 1776 3208 2004 3244; x_wconf 77' lang='lat' dir='ltr'>patriarchatu</span> 
     </span>
     <span class='ocr_line' id='line_1_131' title="bbox 1126 3255 2047 3304; baseline 0.002 -13"><span class='ocrx_word' id='word_1_936' title='bbox 1126 3259 1323 3293; x_wconf 78' lang='lat' dir='ltr'>successores.</span> <span class='ocrx_word' id='word_1_937' title='bbox 1352 3258 1395 3290; x_wconf 88' lang='lat' dir='ltr'>Et</span> <span class='ocrx_word' id='word_1_938' title='bbox 1418 3255 1496 3290; x_wconf 90' lang='lat' dir='ltr'>hinc</span> <span class='ocrx_word' id='word_1_939' title='bbox 1514 3257 1700 3301; x_wconf 86' lang='lat' dir='ltr'>Eutychius</span> <span class='ocrx_word' id='word_1_940' title='bbox 1721 3259 1932 3295; x_wconf 69' lang='lat' dir='ltr'>Alexandriae</span> <span class='ocrx_word' id='word_1_941' title='bbox 1943 3260 2003 3293; x_wconf 80' lang='lat' dir='ltr'>Pa-</span> <span class='ocrx_word' id='word_1_942' title='bbox 2042 3298 2047 3304; x_wconf 51' lang='grc'><em>,</em></span> 
     </span>
     <span class='ocr_line' id='line_1_132' title="bbox 1125 3298 2124 3368; baseline 0.002 -28"><span class='ocrx_word' id='word_1_943' title='bbox 1125 3306 1277 3348; x_wconf 81' lang='lat' dir='ltr'>triarcha,</span> <span class='ocrx_word' id='word_1_944' title='bbox 1290 3308 1323 3340; x_wconf 91' lang='lat' dir='ltr'>in</span> <span class='ocrx_word' id='word_1_945' title='bbox 1335 3308 1388 3350; x_wconf 71' lang='lat' dir='ltr'>sue</span> <span class='ocrx_word' id='word_1_946' title='bbox 1399 3305 1539 3351; x_wconf 70' lang='lat' dir='ltr'>Ecclefie</span> <span class='ocrx_word' id='word_1_947' title='bbox 1547 3306 1734 3345; x_wconf 87' lang='lat' dir='ltr'>Annalibus</span> <span class='ocrx_word' id='word_1_948' title='bbox 1744 3310 1893 3346; x_wconf 87' lang='lat' dir='ltr'>adserens</span> <span class='ocrx_word' id='word_1_949' title='bbox 1903 3310 2000 3345; x_wconf 85' lang='lat' dir='ltr'>istum</span> <span class='ocrx_word' id='word_1_950' title='bbox 2019 3298 2085 3368; x_wconf 34' lang='lat' dir='ltr'>{qu</span> <span class='ocrx_word' id='word_1_951' title='bbox 2103 3312 2124 3328; x_wconf 90' lang='lat'>¹·</span> 
     </span>
     <span class='ocr_line' id='line_1_133' title="bbox 1126 3349 2136 3402; baseline 0.001 -11"><span class='ocrx_word' id='word_1_952' title='bbox 1126 3355 1380 3391; x_wconf 80' lang='lat' dir='ltr'>Patriarchatum</span> <span class='ocrx_word' id='word_1_953' title='bbox 1391 3357 1409 3392; x_wconf 72' lang='lat' dir='ltr'>a</span> <span class='ocrx_word' id='word_1_954' title='bbox 1420 3358 1529 3392; x_wconf 71' lang='lat' dir='ltr'>sansto</span> <span class='ocrx_word' id='word_1_955' title='bbox 1541 3358 1657 3393; x_wconf 89' lang='lat' dir='ltr'>Marco</span> <span class='ocrx_word' id='word_1_956' title='bbox 1670 3360 1874 3402; x_wconf 88' lang='lat' dir='ltr'>institutum,</span> <span class='ocrx_word' id='word_1_957' title='bbox 1896 3361 1930 3395; x_wconf 77' lang='grc' dir='ltr'>δε</span> <span class='ocrx_word' id='word_1_958' title='bbox 1942 3360 2003 3402; x_wconf 89' lang='lat' dir='ltr'>pri·</span> <span class='ocrx_word' id='word_1_959' title='bbox 2037 3350 2048 3368; x_wconf 60' lang='lat'>³</span> <span class='ocrx_word' id='word_1_960' title='bbox 2063 3359 2084 3375; x_wconf 74' lang='lat'>&#39;³</span> <span class='ocrx_word' id='word_1_961' title='bbox 2093 3349 2106 3375; x_wconf 81' lang='lat'><em>3</em></span> <span class='ocrx_word' id='word_1_962' title='bbox 2116 3350 2136 3367; x_wconf 50' lang='grc' dir='ltr'>ι’</span> 
     </span>
     <span class='ocr_line' id='line_1_134' title="bbox 1126 3406 2000 3454; baseline 0.003 -14"><span class='ocrx_word' id='word_1_963' title='bbox 1126 3414 1215 3441; x_wconf 86' lang='lat' dir='ltr'>mum</span> <span class='ocrx_word' id='word_1_964' title='bbox 1228 3407 1326 3451; x_wconf 89' lang='lat' dir='ltr'>ipsius</span> <span class='ocrx_word' id='word_1_965' title='bbox 1336 3406 1558 3443; x_wconf 78' lang='lat' dir='ltr'>patriarcham</span> <span class='ocrx_word' id='word_1_966' title='bbox 1572 3409 1665 3444; x_wconf 79' lang='lat' dir='ltr'>fuisse</span> <span class='ocrx_word' id='word_1_967' title='bbox 1676 3409 1844 3446; x_wconf 86' lang='lat' dir='ltr'>Ananiam</span> <span class='ocrx_word' id='word_1_968' title='bbox 1856 3435 1867 3451; x_wconf 95' lang='lat'>,</span> <span class='ocrx_word' id='word_1_969' title='bbox 1894 3409 2000 3454; x_wconf 63' lang='lat' dir='ltr'>palam</span> 
     </span>
     <span class='ocr_line' id='line_1_135' title="bbox 1126 3456 2000 3505; baseline 0.005 -16"><span class='ocrx_word' id='word_1_970' title='bbox 1126 3456 1252 3502; x_wconf 81' lang='lat' dir='ltr'>labitur.</span> <span class='ocrx_word' id='word_1_971' title='bbox 1280 3456 1380 3492; x_wconf 88' lang='lat' dir='ltr'>Istum</span> <span class='ocrx_word' id='word_1_972' title='bbox 1391 3458 1517 3493; x_wconf 71' lang='lat' dir='ltr'>sanstus</span> <span class='ocrx_word' id='word_1_973' title='bbox 1526 3458 1640 3493; x_wconf 91' lang='lat' dir='ltr'>Petrus</span> <span class='ocrx_word' id='word_1_974' title='bbox 1651 3459 1792 3495; x_wconf 90' lang='lat' dir='ltr'>instituit</span> <span class='ocrx_word' id='word_1_975' title='bbox 1806 3485 1817 3500; x_wconf 95' lang='lat'>,</span> <span class='ocrx_word' id='word_1_976' title='bbox 1836 3461 1869 3495; x_wconf 76' lang='grc' dir='ltr'>ἀ</span> <span class='ocrx_word' id='word_1_977' title='bbox 1878 3461 2000 3505; x_wconf 86' lang='lat' dir='ltr'>primus</span> 
     </span>
     <span class='ocr_line' id='line_1_136' title="bbox 1125 3505 1982 3593; baseline 0 -51"><span class='ocrx_word' id='word_1_978' title='bbox 1125 3505 1310 3545; x_wconf 75' lang='lat' dir='ltr'>Pauiatcha</span> <span class='ocrx_word' id='word_1_979' title='bbox 1320 3507 1460 3545; x_wconf 73' lang='lat' dir='ltr'>omnino</span> <span class='ocrx_word' id='word_1_980' title='bbox 1469 3508 1534 3544; x_wconf 83' lang='lat' dir='ltr'>fuit</span> <span class='ocrx_word' id='word_1_981' title='bbox 1546 3510 1577 3544; x_wconf 90' lang='lat' dir='ltr'>sa</span> <span class='ocrx_word' id='word_1_982' title='bbox 1582 3511 1671 3545; x_wconf 65' lang='lat' dir='ltr'>nstus</span> <span class='ocrx_word' id='word_1_983' title='bbox 1681 3511 1823 3545; x_wconf 85' lang='lat' dir='ltr'>Marcus.</span> <span class='ocrx_word' id='word_1_984' title='bbox 1954 3558 1982 3593; x_wconf 76' lang='lat' dir='ltr'>E</span> 
     </span>
     <span class='ocr_line' id='line_1_137' title="bbox 1986 3570 1998 3595; baseline 0 0"><span class='ocrx_word' id='word_1_985' title='bbox 1986 3570 1998 3595; x_wconf 88' lang='lat' dir='ltr'>t</span> 
     </span>
    </p>
   </div>
  </div>
 </body>
</html>
