2346 3776
200 274 282 345 ξὲἔέ
285 285 297 347 ,1
301 279 322 354 Ξ
337 301 424 337 stant
436 299 483 335 hae
494 299 649 345 Epistolae
660 299 694 332 in
704 297 844 334 secunda
856 298 1024 343 Apologia
1035 296 1215 332 S-Athana-

188 2644 286 2681 <12⁵3
296 2651 306 2670 i

342 135 416 185 -153
777 116 1226 171 'DlssERTATlo

340 199 563 243 reliquumjam
574 199 646 234 inde
657 197 772 242 tempus
779 197 951 240 permanfit.
976 198 1026 230 Ad
1031 197 1115 238 istum
1125 204 1216 242 Igitur

339 253 459 286 modum
468 251 570 284 inanis
580 251 624 284 illi
636 248 911 289 Presbyteritfama
930 249 1044 291 excussa
1066 247 1111 288 est.
1152 249 1216 282 Ex-

333 352 382 387 fii.
419 351 570 386 Eandem
587 348 761 391 Synodum
781 348 891 383 laudat
914 347 1137 383 Alexandrina
1158 359 1215 392 pro

335 403 367 437 S.
380 400 564 437 Athanasio
574 398 730 441 'Synodus
740 399 776 432 in
787 399 852 432 suis
873 398 1061 441 Encyclicis
1082 399 1216 433 Litteris

335 447 378 488 ad
388 462 503 487 omnes
515 448 573 483 sub
583 447 668 482 coelo
681 447 900 484 Orthodoxos
911 449 1110 493 Episcopos:
1127 452 1217 481 Pres-

335 504 415 543 byter
424 526 436 541 ,
461 505 512 543 qui
522 500 622 533 fracto
635 509 691 542 pet
697 499 727 532 S.
740 498 957 534 Athanasium
970 498 1078 533 Calici
1084 498 1211 542 fingitur

332 550 459 593 adfuffl’
468 575 479 591 ‚
504 548 542 589 est
552 549 600 582 ille
608 555 696 582 toties
716 549 882 583 rumoribus
895 549 1038 590 jac‘latus
1061 547 1190 591 Iscbyras
1202 572 1213 588 ,

332 607 385 645 qui
395 611 488 643 neque
497 598 537 632 ab
547 597 674 640 Ecclefia
685 601 845 633 ordinatus
855 599 893 640 est
905 599 1062 638 Presbyter
1074 623 1084 638 ,
1097 608 1190 640 neque
1203 622 1214 638 ,

331 652 397 685 cum
406 651 427 683 ἆ
449 650 567 684 Meletio
584 648 750 690 constitutos
775 649 963 688 Presbyter-os
988 649 1161 681 Alexander
1182 653 1216 680 in

330 699 491 742 Ecclefiam
500 699 660 742 recipiebat
672 725 683 741 ‚
703 706 737 733 in
747 711 843 733 eorum
854 709 974 732 numero
985 708 1119 739 unquam
1131 696 1215 730 habi-

329 749 455 793 tus-fuit
468 775 478 790 ‚
501 759 556 783 aut
565 750 606 783 ab
616 761 649 784 eo
659 760 794 784 creatus:
822 751 891 793 ,Quo
906 747 1000 789 pacto
1021 753 1115 791 igitur
1126 750 1215 781 Pres-

326 801 411 841 byter
421 799 551 844 Ischyras
562 801 579 833 ?
605 804 666 834 Aut
676 811 732 842 quo
743 800 867 833 tandem
877 796 1003 831 authore
1012 796 1183 837 constitutus
1197 798 1214 830 ,ἲ

327 849 599 894 Nunquidscilicet
611 851 631 882 ἃ
641 848 795 882 collutho?
823 849 865 880 Id
883 853 963 881 enim
980 846 1070 888 restas
1080 861 1091 881 .-
1118 851 1210 890 Atqui

320 899 501 934 fc'ollutbum
510 906 544 932 in
546 900 649 943 gradu
662 897 839 936 Presbyterii
848 907 996 931 mortuum
1006 922 1016 937 ‚
1027 909 1205 941 omnemque

327 952 397 993 ejus
413 961 555 983 manuum
576 945 966 991 Impofitionem'refiss'am‚
991 949 1025 981 &
1045 959 1145 981 omnes
1171 947 1211 981 ab

329 1011 364 1034 eo
382 997 548 1039 constitutos
569 1004 603 1030 ln
617 1001 783 1031 'Laicorum
819 999 962 1031 Ordinem
980 998 1117 1031 redactos
1139 997 1191 1042 effi·
1202 1023 1212 1039 ,

327 1047 428 1091 &sub
438 1053 554 1081 nomine
562 1050 724 1082 *Latcorum
733 1049 778 1081 ad
788 1049 931 1087 synaxim
950 1048 1087 1091 admiffos
1101 1072 1112 1088 ,
1137 1049 1213 1082 adeo

328 1099 416 1141 apud
435 1109 535 1132 omnes
555 1097 687 1139 constat,
712 1107 748 1133 ut
759 1109 842 1133 nemo
851 1109 888 1135 ea
896 1099 936 1132 de
956 1109 991 1133 re
1010 1097 1213 1133 dubitandum

323 1157 424 1195 putet.
578 1172 580 1174 -

378 1199 434 1233 Ex
446 1197 498 1234 hIs
509 1198 666 1235 discimus
677 1199 773 1235 varia.
785 1199 901 1235 Primo
911 1223 924 1240 ,
935 1199 1026 1244 quod
1036 1198 1095 1234 ista
1108 1198 1213 1242 Syno-

321 1248 390 1284 dus
411 1249 511 1284 fuerit
530 1248 767 1285 Alexandrina.
794 1249 948 1285 Secunde>
957 1274 968 1291 ,
995 1248 1086 1294 quod
1114 1248 1212 1283 fuerit

324 1299 520 1340 Generalis,
546 1310 666 1344 nempe
680 1301 796 1343 ptotius
815 1299 1029 1346 AEgyptiacae
1048 1298 1211 1334 Dioecefis.

327 1348 452 1384 Tertio
464 1349 554 1394 quod
563 1350 688 1386 Hofius
699 1351 798 1385 fuerit
811 1350 881 1394 ejus
892 1349 1019 1384 Praeses.
1047 1348 1096 1383 Ita
1108 1359 1213 1383 enun-

324 1399 419 1433 ciant
430 1397 495 1434 haec
508 1398 604 1434 verba
615 1414 627 1434 .-
651 1399 698 1433 Ab
722 1399 801 1443 Hosto
823 1401 859 1435 ἐν
881 1403 901 1432 ἃ
916 1405 1034 1434 caeteris
1045 1396 1210 1442 Episcopis.

324 1447 484 1495 Qarffi,
509 1448 600 1493 quod
610 1452 786 1492 praetensus
797 1462 835 1485 ac
849 1450 1038 1493 adsumptus
1058 1449 1077 1483 ὲ
1098 1447 1213 1483 Collu-

325 1497 389 1536 tho
400 1499 617 1542 Episcopatus
628 1499 731 1534 fuerit
745 1499 920 1535 damnatus
930 1524 942 1540 ,
967 1511 1006 1534 ac
1032 1498 1213 1533 declaratus

323 1549 494 1591 effe-*fietus
506 1557 604 1592 atque
616 1549 839 1594 imaginarius.
869 1548 1003 1598 Qinto
1014 1574 1025 1590 ‚
1043 1548 1134 1593 quod
1146 1549 1213 1593 ipse

319 1597 427 1638 fuerit
437 1598 568 1642 rejeeffls
576 1599 612 1633 in
624 1599 763 1644 gradum
775 1598 983 1643 presbyterii.
1012 1599 1058 1634 Et
1067 1597 1136 1633 haec
1146 1599 1211 1633 fuit

324 1650 455 1683 summa
466 1649 571 1694 gratia
592 1648 839 1693 Dispensatoria
849 1674 860 1691 ‚
893 1650 1003 1684 forsan
1017 1648 1106 1692 quod
1119 1649 1221 1682 Aria--

319 1699 380 1733 -nis
394 1697 605 1742 blasphemiis
614 1699 768 1733 constans
779 1699 999 1733 adversaretur
1013 1710 1023 1741 ·,
1061 1698 1222 1742 alioquin*

324 1749 513 1784 merebatur
526 1748 621 1792 plene
631 1748 811 1794 degradari.
839 1747 1223 1792 Sexto.discimus,quod³

323 1811 446 1834 omnes
466 1799 536 1842 ejus
572 1798 809 1835 Ordinationes
845 1801 968 1833 fuerint
994 1798 1155 1832 damnatae
1179 1799 1214 1832 &

325 1849 501 1884 exufflatae.
531 1848 678 1892 Septimo
688 1873 700 1889 ‚
726 1849 816 1893 quod
827 1850 912 1883 inter
925 1847 989 1883 hos
1001 1848 1098 1882 fuerit
1108 1849 1222 1881 famo-¹

326 1900 380 1933 sus
392 1897 550 1941 lschyras.
577 1898 706 1934 Οᾶανὸ
717 1922 727 1938 ,
755 1898 846 1942 quod
857 1896 1040 1932 Colluthus
1050 1897 1087 1931 fit
1098 1896 1212 1931 defun-

324 1951 398 1983 ‹Sius
409 1948 442 1982 in
455 1947 557 1992 gradu
577 1946 784 1991 Presbyterii.
823 1948 935 1995 Qare
952 1946 1213 1981 'videtur'obedi-

328 1998 408 2033 visse
418 1997 578 2041 Synodali
591 1998 783 2038 Sententiae,
809 1999 895 2032 acin
908 1996 1051 2031 Ecclefia
1063 1997 1097 2031 ὅ(
1110 1996 1212 2041 gradu

326 2048 371 2083 ad
383 2058 526 2082 mortem
537 2047 749 2090 permansisse.
765 2046 924 2081 Notanda
935 2048 1010 2080 sunt
1022 2045 1087 2080 haec
1097 2046 1210 2080 verba:

328 2103 366 2133 In
379 2101 537 2130 Laicorum
558 2097 702 2130 Ordinem
726 2097 861 2130 redac‘los
883 2096 937 2139 effe
952 2120 962 2135 ,
988 2094 1084 2138 &sub
1098 2101 1213 2129 nomine

329 2151 490 2182 Laicorum
510 2147 556 2179 ad
571 2148 712 2185 synaxim
734 2147 879 2188 admiffin.
915 2145 1031 2179 Palam
1052 2144 1187 2179 edicunt
1201 2170 1211 2186 ‚

328 2197 419 2241 quod
443 2196 529 2239 apud
552 2194 720 2240 Antiquos
740 2196 837 2230 fuerit
860 2196 961 2230 Laica
992 2195 1210 2230 communio.

328 2248 424 2294 Qin
436 2246 551 2280 eadem
563 2246 597 2279 in
611 2245 750 2289 Synodo
760 2271 771 2287 ,
797 2245 875 2281 licet
892 2254 1005 2289 aperto
1017 2245 1210 2280 testimonio

328 2297 457 2330 firmare
471 2307 538 2331 non
551 2295 712 2339 possemus
723 2321 733 2336 ‚
762 2296 858 2330 fuerit
869 2296 1026 2329 innovata
1047 2296 1080 2330 δε
1092 2294 1209 2330 stabili-

328 2357 362 2382 ta
374 2348 496 2381 cuneiae
508 2346 640 2381 Arianae
651 2345 861 2389 Blasphemiae
872 2357 909 2381 ac
917 2343 1066 2382 factionis
1077 2344 1210 2381 damna-

328 2398 380 2431 tio
393 2421 403 2436 ,
430 2408 498 2430 non
510 2396 555 2430 est
567 2395 800 2431 dubitandum.
1217 2427 1219 2430 .

380 2446 527 2492 Qaestio
551 2446 596 2480 est
609 2471 620 2487 ‚
646 2458 708 2491 qua
728 2445 929 2482 authoritate
952 2446 1076 2481 Hosms
1096 2446 1208 2481 fecerit

329 2495 416 2531 hanc
439 2497 610 2539 Synodum
625 2521 636 2537 ,
656 2509 695 2532 ac
711 2497 767 2541 ipsi
787 2496 1000 2532 Praesederit?
1025 2497 1159 2531 Etenim
1173 2497 1206 2530 in

329 2547 423 2581 sexto
446 2546 549 2581 Libro
571 2547 612 2581 de
633 2546 813 2582 sacerdotii
835 2548 868 2581 &
880 2545 1013 2590 Imperii
1030 2546 1208 2582 concordia

330 2596 442 2631 scribit
461 2596 505 2630 D.
530 2596 646 2631 Petrus
665 2597 707 2631 de
727 2598 841 2631 Marca
862 2622 872 2638 ,
910 2595 1209 2640 Archi-Episcopus

329 2645 511 2681 Parifienfis
524 2661 534 2681 .·
556 2649 860 2681 Extra-ordinarium
869 2653 904 2680 in
917 2648 1026 2681 Politia
1038 2646 1209 2688 Ecclefiasti·

329 2708 364 2730 ca
382 2696 419 2738 est
443 2702 523 2729 mitti
546 2703 579 2730 in
601 2699 780 2731 Provincias
802 2701 950 2741 Legatum
961 2722 972 2737 ,
998 2703 1049 2739 qui
1070 2698 1208 2729 Conciliis

332 2749 562 2781 Provinciarum
573 2750 735 2791 intereffet,
761 2748 1011 2790 quemadmodum
1032 2748 1076 2779 ad
1094 2746 1209 2785 celesti-

332 2808 402 2829 num
414 2799 532 2839 Papam
537 2795 643 2840 scribit
655 2798 817 2830 Concilium
840 2790 1022 2838 Africanum.
1049 2796 1103 2830 En
1114 2795 1208 2830 verba

334 2846 497 2881 Concilii:
526 2852 614 2880 Nam
626 2857 659 2880 ut
669 2850 762 2890 aliqui
776 2857 923 2890 tanquam
933 2849 952 2879 ἃ
963 2846 1140 2880 Sanditatis
1149 2855 1210 2879 tuae

334 2898 444 2929 Latere
455 2903 615 2930 mittantur
625 2922 636 2938 ,
663 2899 745 2931 nulla
764 2903 935 2931 invenimus
959 2899 1088 2929 Patrum
1105 2898 1210 2935 synodo

334 2944 521 2984 constitutum.
560 2947 674 2992 Pergit
697 2948 742 2981 D.
762 2946 1060 2992 Archi-Episcopus
1083 2959 1091 2979 ε
1128 2947 1210 2979 Unde

335 2996 508 3028 concludunt
520 3007 576 3029 non
589 2998 783 3031 toleraturum
793 2998 906 3030 diutius
919 2996 1054 3043 Afri'tam
1073 2995 1211 3037 Faustini

336 3043 498 3086 Episcopi,
516 3048 600 3078 sedis
614 3047 778 3088 Apostolicae
790 3051 900 3091 Legati
913 3045 1135 3090 ,praesentiam.
1163 3049 1209 3078 De

336 3093 387 3124 illo
397 3099 473 3125 enim
485 3097 609 3138 intelligi
619 3097 704 3130 debet
715 3096 762 3130 bic
774 3099 853 3131 locus
865 3121 875 3137 ‚
893 3108 951 3130 non
962 3106 1061 3129 autem
1072 3097 1109 3129 de
1122 3099 1209 3141 Apia-

337 3147 382 3173 rio
394 3166 403 3181 ‚
429 3152 462 3175 ut
482 3142 592 3185 censuit
609 3146 811 3186 Illustrtsfimus
834 3147 1012 3179 Cardinalis
1027 3149 1187 3180 Petronius
1204 3159 1211 3178 ;

339 3192 439 3223 Securi
445 3189 549 3232 sumus
562 3196 641 3234 quod
649 3206 715 3227 eum
718 3197 868 3237 probitate
876 3208 912 3230 ac
930 3197 1130 3230 moderatione
1146 3206 1211 3235 ,tuae

338 3240 518 3273 Sanc‘litatis
526 3265 537 3281 ‚
558 3241 585 3284 s
578 3244 650 3275 alva
653 3244 799 3285 fraterna
808 3246 954 3280 charitate
964 3271 975 3287 ‚
995 3247 1119 3280 ulterius.
1132 3245 1212 3287 Afri-

338 3301 374 3326 ca
397 3291 520 3322 minime
545 3298 689 3332 patietur.
725 3297 896 3328 Fatendum
927 3298 1046 3339 quidem
1077 3295 1120 3336 est
1136 3295 1212 3329 hanc

338 3339 550 3381 Africanorum
573 3341 793 3382 Propofitionem
812 3345 863 3386 effe
883 3352 1063 3379 contrariam
1086 3348 1213 3382 Concilio

339 3387 521 3429 sardicensi:
549 3391 655 3422 Verum
676 3390 759 3431 Afris
781 3398 910 3435 ignotum
931 3405 998 3428 erat
1018 3395 1097 3435 istud
1112 3399 1212 3429 Conci-

338 3441 421 3474 lium.
455 3443 580 3473 Interim
592 3438 797 3481 Africanorum
808 3444 921 3485 Regula
932 3454 1012 3477 certa
1022 3455 1123 3479 manet
1133 3470 1144 3486 ,
1171 3451 1213 3479 ni-

332 3488 367 3533 [ἰ
363 3488 396 3533 fi
399 3487 485 3534 casus
496 3495 634 3526 evenerit
646 3495 678 3524 in
690 3491 992 3535 Concilio-Sardicenfi
999 3504 1129 3536 notatus.
1156 3500 1216 3533 Unr

1277 118 1699 172 Pssooemmm-s.

1276 201 1312 234 de
1316 199 1449 247 sequitur
1475 201 1660 243 neceffarium
1681 199 1753 243 effe,
1779 203 1816 234 ut'
1832 198 1864 242 fi
1878 210 1915 233 eae
1932 195 2065 246 tempora
2082 208 2156 238 inci*

1279 252 1355 284 dant
1363 275 1378 293 ,-
1398 262 1433 286 ut
1444 249 1601 294 neeessefit
1609 249 1690 285 hanc
1702 248 1878 293 Disciplinae
1890 254 2049 286 Canonicae
2059 256 2154 298 Regu-

1275 301 1337 336 lam
1348 300 1518 346 transgredi
1529 325 1539 341 ‚
1565 302 1711 340 Suprema
1724 302 1919 334 Protellionis
1931 306 2090 336 Canonum
2100 314 2154 337 au·

1277 349 1402 385 thoritas
1418 376 1428 391 ,
1454 351 1626 393 quaepenes
1647 353 1742 392 Reges
1763 350 1823 393 est,
1848 354 2080 386 conveniam-um
2101 355 2155 387 su·-

1271 403 1377 442 prema
1399 405 1593 435 Executionis
1615 398 1797 433 authoritate
1819 425 1831 441 ‚
1866 414 1935 444 quae
1955 404 1999 436 ad
2016 405 2154 437 Summos

1277 452 1432 494 Pontifices
1437 457 1578 494 pertinet.
1592 450 1689 490 Atque
1701 451 1774 483 adeo
1785 462 1842 484 non
1847 453 1926 494 poffi
1937 457 2063 496 Legatos
2077 458 2147 486 mit-

1275 505 1300 533 ti
1311 506 1344 533 in
1355 503 1532 535 Provincias
1542 525 1553 541 ‚
1581 498 1638 542 nili
1643 504 1688 531 ita
1699 501 1854 542 Principes
1873 502 1942 544 fleri
1963 501 2153 545 consentiant.

1274 549 1309 583 ob
1316 548 1443 595 eauffam
1454 550 1613 595 altquam,'
1633 560 1702 593 quae
1724 550 1769 581 ad
1777 550 1890 593 statum
1910 552 2044 594 Ecclefiae
2057 554 2155 586 Galli·-

1274 611 1357 634 canae
1371 607 1545 643 pertineret.
1573 601 1657 649 Qae
1668 599 1782 633 omnia
1794 600 1828 633 in
1839 602 1956 643 eodem
1968 605 2078 646 Opere
2089 603 2153 637 stu-

1274 650 1330 685 det
1352 651 1478 686 firmare
1489 652 1584 686 variis
1604 649 1801 685 testimoniis
1825 651 1859 684 δε
1879 653 2046 695 exemplis.
2073 653 2152 686 Res-

1275 700 1404 744 pondeo
1424 699 1491 736 haec
1509 702 1623 737 omnia
1644 700 1746 735 everti
1766 710 1821 743 per
1838 702 2026 744 praesentem
2052 702 2153 736 Hosii

1274 750 1455 796 Synodum.
1483 751 1525 786 Et
1536 752 1634 786 istum
1655 751 1719 786 esse
1740 750 2000 794 antiquissimum
2021 755 2151 786 morem

1273 801 1380 835 firmat
1402 802 1436 835 in
1457 802 1591 837 Litteris
1623 801 1665 837 ad
1693 800 1806 835 nescio
1833 812 1933 845 quem
1956 801 2155 836 Romanum

1273 849 1622 897 Pontificemtnagnus
1645 851 1788 885 Basilius.
1815 851 1929 896 Rogat
1949 852 2037 886 mitti
2049 852 2152 896 Lega-
2167 847 2253 888 Epist.

1272 910 1324 935 tos
1345 925 1356 942 ,
1381 902 1438 945 qui
1456 913 1594 936 omnem
1613 901 1654 937 ab
1675 900 1760 936 Ario
1781 901 1980 937 devastatam
2001 901 2238 937 Orienta÷²²0·

1272 950 1339 985 lem
1360 951 1537 987 Ecclesiam
1562 953 1729 992 solentur,
1754 950 1886 987 visitent
1906 976 1917 993 ‚
1942 961 2042 995 atque
2063 963 2153 996 repa-

1271 1010 1344 1036 rent
1363 1013 1373 1045 ;
1398 1003 1433 1037 &
1452 1002 1601 1047 adjungit
1613 1017 1624 1037 .·
1660 1003 1789 1035 Prorsus
1809 1001 1887 1036 nibil
1904 1001 2146 1045 intempestivum

1270 1057 1404 1093 cupimus
1414 1077 1426 1094 ,
1446 1050 1506 1095 sed
1512 1053 1593 1094 quod
1601 1055 1710 1085 Beatis
1723 1054 1792 1085 olim
1812 1058 1892 1086 viris
1903 1077 1914 1093 ,
1939 1053 1974 1086 Θ·
1996 1047 2058 1086 Deo
2074 1051 2146 1085 cba-

1270 1102 1382 1142 riffimis
1395 1102 1407 1142 3
1431 1106 1465 1134 in
1482 1113 1560 1134 more
1566 1101 1761 1143 pofitumfuit
1773 1126 1784 1142 ,
1810 1104 1845 1137 6·
1854 1111 1985 1136 omnium
1996 1104 2150 1144 imprimis·

1265 1151 1423 1193 familiare
1433 1148 1683 1192 vobit-met-ipfis.
1710 1154 1866 1183 Novimus
1884 1157 2090 1193 etampartim
2097 1151 2146 1184 be·

1271 1201 1370 1244 nefieio
1378 1207 1528 1235 memoriae
1531 1209 1590 1242 per
1594 1198 1793 1244 ficcceffiontm
1814 1210 1934 1242 rerum,
1959 1201 1980 1232 ἆ
2003 1200 2154 1234 Patribus

1270 1253 1315 1286 ad
1324 1264 1378 1285 nos
1387 1251 1584 1285 dedut‘larum
1595 1275 1605 1292 ,
1626 1255 1746 1292 partim
1751 1258 1809 1292 per
1821 1254 1946 1284 Literas
1956 1249 2153 1285 edominteta

1269 1304 1390 1346 ligimus
1402 1326 1413 1342 ‚
1438 1312 1507 1344 quae
1522 1299 1597 1344 sient
1618 1306 1782 1333 etiamnum
1801 1302 1892 1342 apud
1909 1312 1962 1334 nos
1981 1299 2155 1341 custoditae,

1274 1351 1432 1394 Dionyfium
1451 1351 1536 1384 illum
1559 1351 1761 1392 Beatiffimum
1784 1348 1984 1393 Episcopum,
2010 1357 2061 1393 qui
2082 1353 2156 1384 olm

1270 1404 1356 1444 apud
1375 1412 1429 1435 vos
1442 1401 1647 1435 celeberrimus
1658 1408 1725 1434 erat
1736 1423 1747 1440 ,
1772 1400 1839 1433 cum
1846 1400 1981 1442 obsidem
1990 1398 2156 1445 finceratn,
2185 1425 2188 1428 .

1270 1454 1334 1489 tiam
1343 1457 1475 1486 virtutes
1489 1453 1620 1494 reliquas
1631 1455 1765 1494 egregias
1778 1475 1788 1491 ‚
1808 1458 1865 1493 per
1878 1453 2002 1484 Literas
2007 1448 2081 1493 suas
2094 1453 2156 1484 Ec-

1270 1501 1381 1544 clefiam
1394 1500 1519 1540 nostram
1529 1498 1761 1544 Caesaraeensem
1773 1502 1880 1544 curaffe
1892 1526 1903 1541 ‚
1929 1512 1964 1535 ac
1983 1499 2080 1544 mififfe
2099 1499 2158 1535 buc

1270 1550 1380 1596 defuis
1392 1556 1444 1595 qui
1455 1555 1585 1586 Fratres
1596 1552 1613 1585 ἑ
1624 1556 1807 1593 captivitate
1817 1550 1970 1585 liberaret.
1991 1549 2157 1586 Affirmat

1271 1603 1458 1647 praesentem
1476 1601 1536 1636 sub
1557 1601 1683 1635 Ariana
1711 1599 1910 1644 Tyrannide
1930 1600 2156 1644 capt-ivitatem

1272 1652 1335 1686 effe
1346 1651 1448 1696 longe
1458 1651 1625 1686 duriorem
1638 1675 1650 1691 ,
1677 1650 1816 1694 ideoque
1839 1650 2028 1695 digniorem
2045 1650 2067 1685 ὲ
2086 1650 2157 1686 Ra·

1273 1713 1370 1735 mana
1393 1702 1579 1746 Legatione
1595 1700 1709 1735 curari.
1750 1700 1835 1747 Quae
1851 1700 2066 1735 curatiofieti
2085 1708 2159 1735 nou

1272 1751 1367 1795 'poffit
1380 1775 1391 1791 ,
1416 1751 1474 1784 nili
1485 1762 1541 1795 per
1555 1750 1740 1794 synodum.
1766 1750 1868 1784 Hanc
1879 1749 2018 1793 proinde
2027 1750 2160 1792 μείξι-

1273 1810 1341 1835 tem
1363 1800 1538 1843 Synodum
1561 1811 1605 1834 ex
1628 1798 1830 1842 Apostolicae
1849 1799 1942 1834 Sedis
1961 1797 2161 1836 authoritas

1272 1851 1352 1884 fecit
1365 1850 1515 1890 Hofius,
1539 1861 1578 1883 ac
1597 1849 1653 1893 ipfi
1675 1848 1827 1893 prtaesedit.
1862 1850 1999 1884 Etenim
2020 1860 2088 1883 non
2114 1848 2160 1884 ad

1272 1900 1440 1944 Magnum
1453 1898 1667 1934 solummodo
1681 1898 1938 1933 Constantinum
1950 1923 1962 1940 ,
1989 1898 2043 1934 sed
2062 1899 2099 1933 δε
2115 1897 2160 1935 ad

1271 1951 1419 1984 sanetum
1431 1948 1633 1984 Pontificem
1645 1948 1843 1992 Sylvestrum
1865 1948 1989 1984 sandius
2011 1948 2159 1983 Alexan-

1271 1999 1328 2034 der
1339 1999 1453 2034 omnia
1466 1999 1600 2040 retulit3
1626 2008 1723 2042 atque
1735 1999 1780 2032 ita
1791 2010 1832 2033 ex
1850 1999 2019 2043 utriusque
2038 1996 2159 2034 autho·

1270 2050 1365 2085 ritate
1385 2049 1511 2083 Hosius
1533 2047 1598 2082 haec
1621 2048 1691 2093 egit
1713 2048 1749 2082 in
1769 2048 1936 2094 AEgypto.
1963 2048 2076 2092 Hujus
2086 2049 2158 2089 rei,

1270 2099 1347 2134 licet
1359 2099 1424 2133 alia
1435 2100 1648 2136 Documenta
1661 2098 1848 2133 interierint
1860 2108 1916 2134 aut
1937 2099 2062 2134 lateant
2072 2122 2084 2138 ,
2109 2099 2172 2132 fa·-

1270 2150 1320 2183 ἂι
1340 2148 1381 2183 ad
1401 2148 1632 2192 Apostolicam
1655 2147 1774 2183 Sedem
1795 2148 1930 2183 Relatio
1953 2147 2000 2182 est
2020 2145 2156 2183 abund&

1270 2199 1432 2232 sufficiens
1443 2198 1682 2232 testimonium.
1711 2197 1768 2232 Ad
1779 2199 1868 2232 sensa
1879 2197 2027 2232 Domini
2037 2196 2158 2232 Archi·

1272 2248 1423 2292 Episcopi
1435 2248 1585 2291 respondi
1599 2248 1634 2281 in
1648 2245 1788 2282 Scholiis
1799 2247 1840 2282 ad
1865 2249 2039 2283 Distatum
2054 2247 2158 2282 saneti

1269 2298 1423 2343 Gregorii
1436 2298 1572 2341 Septimi
1587 2321 1598 2337 ,
1624 2298 1657 2331 δε
1669 2298 1727 2332 suo
1739 2298 1816 2332 loco
1828 2298 1896 2342 ipsa
1907 2297 2039 2334 uberius
2058 2298 2162 2332 attin-

1268 2359 1354 2393 gam.
1383 2348 1427 2383 Et
1438 2348 1526 2383 certe
1537 2346 1676 2382 adducta
1686 2346 1845 2390 Africane
1858 2348 1987 2391 Synodi
1999 2346 2158 2393 allegatio

1269 2410 1339 2433 non*
1350 2398 1431 2433 facit
1443 2397 1483 2431 ad
1494 2397 1705 2441 propositum.
1732 2398 1816 2432 Haec
1838 2398 1929 2432 enim
1951 2409 2020 2432 non
2043 2407 2157 2440 quam·

1269 2449 1316 2482 vis
1339 2448 1500 2487 Romanae
1521 2447 1612 2481 Sedis
1636 2447 1859 2492 Legationem
1878 2448 2076 2492 impugnat,
2100 2445 2157 2483 sed

1268 2498 1441 2533 dumtaxat
1452 2497 1544 2532 illam
1557 2521 1568 2537 ‚
1578 2509 1650 2540 quae
1661 2497 1759 2532 fiebat
1770 2497 1811 2532 ad
1823 2496 2006 2532 audiendas
2015 2507 2054 2531 ac
2065 2495 2152 2540 judi·

1269 2548 1390 2583 candas
1401 2547 1650 2591 Appellationes
1671 2547 1761 2582 Cleri
1783 2547 1958 2582 inferioris.
1986 2547 2069 2581 Hac
2088 2554 2159 2582 erat
2196 2571 2199 2574 >

1269 2597 1441 2644 singularis
1461 2595 1624 2631 Africanae
1651 2597 1798 2633 Ecclefiae
1818 2595 2028 2633 consuetudo
2048 2619 2061 2640 ‚
2095 2596 2159 2632 suo

1270 2650 1350 2684 item
1361 2648 1439 2682 loco
1455 2646 1664 2692 exponenda.
2086 2668 2087 2671 η

1342 2763 1443 2823 Syra
1478 2763 1508 2805 S
1496 2756 1643 2824 ynodus
1677 2760 1811 2824 Hosti,
1846 2756 2091 2825 Cordubensis

1616 2826 1806 2897 Episcopi·

1389 2948 1472 2991 Ujus
1495 2948 1623 2993 Synodi
1644 2949 1898 2985 fundamentum
1919 2949 2019 2985 edicit
2040 2947 2077 2983 in
2097 2948 2153 2984 Li·
2168 2950 2228 2983 Lib.
2246 2959 2277 2990 3.

1405 2998 1470 3032 bris
1489 2998 1530 3033 de
1555 2999 1677 3043 Magni
1708 3000 1924 3035 Constantini
1958 2999 2024 3033 vita
2052 3000 2153 3034 Euse-
2167 2999 2270 3031 Cim-5·
2333 3009 2346 3014 -·

1274 3049 1344 3082 bius
1355 3047 1580 3083 Caesaraeenfis:
1607 3049 1727 3083 Morbus
1737 3053 1828 3093 porro
1839 3051 1917 3084 alius
1928 3051 2011 3092 longe*
2028 3049 2152 3094 gravis·

1272 3097 1357 3138 limus
1379 3097 1450 3139 istas
1470 3110 1518 3132 res
1539 3100 1732 3144 ante-greffus
1753 3100 1792 3142 est
1811 3124 1822 3140 ,
1855 3104 1908 3142 qui
1927 3100 2011 3142 longo
2020 3107 2151 3141 tempore

1276 3146 1408 3190 Ecclessae
1427 3149 1552 3181 multum
1573 3149 1746 3193 exhibuiffiet
1767 3148 1906 3189 molestiae.
1945 3147 2150 3191 Dtffenfionem

1275 3199 1338 3231 dico
1358 3196 1532 3241 desalutari
1544 3197 1703 3242 Pascbatis
1718 3199 1794 3242 festo
1802 3208 1907 3232 ortam.
1934 3201 2062 3231 Etenim
2071 3200 2149 3242 alii,

1269 3252 1300 3293 J
1302 3249 1450 3281 udaeorum
1474 3255 1568 3281 ritum
1595 3248 1780 3292 sequendum
1816 3245 2011 3290 adseruerunt
2036 3261 2044 3281 :
2087 3251 2150 3283 Alit

1275 3304 1415 3339 temporis
1435 3300 1555 3341 quidem
1580 3300 1737 3332 articulum
1755 3304 1789 3331 in
1808 3308 1840 3331 eo
1865 3296 1948 3338 Festo
1977 3298 2153 3332 celebrande

1276 3349 1410 3381 accurate
1433 3347 1652 3391 observandum
1671 3349 1723 3391 effe
1734 3371 1746 3389 ,
1770 3358 1828 3385 non
1847 3356 1950 3380 tamen
1967 3350 2151 3383 imitandam

1276 3396 1510 3440 consuetudinem
1529 3409 1650 3438 eorum,
1677 3403 1728 3440 qui
1750 3407 1848 3431 errore
1865 3404 1987 3438 caecati,
2012 3399 2103 3432 alieni
2127 3400 2150 3431 ἃ

1275 3453 1377 3491 gratia
1400 3448 1586 3492 Evangelica
1609 3447 1661 3490 effe
1688 3447 1872 3481 viderentur.
1906 3452 1971 3482 Hac
1997 3454 2091 3492 igitur
2115 3453 2153 3481 in

1281 3497 1485 3546 controverfia
1503 3508 1568 3533 cum
1583 3497 1701 3541 prolixo
1721 3498 1795 3540 ,iam
1807 3503 1952 3543 temporis
1968 3496 2072 3543 spatio
2091 3500 2150 3531 Ρο-

2057 3546 2154 3593 pultu-
