2346 3776
98 3101 105 3108 ·
149 3101 154 3107 ·
176 3102 282 3124 corona
306 3093 436 3125 donatus
449 3091 525 3133 fuit.
561 3093 701 3127 Exstant
731 3094 827 3129 verba
853 3095 939 3139 apud
966 3096 1063 3131 Euse-

627 164 1073 220 DissizRTATlo

177 253 278 290 chaus
302 255 528 297 decimo-quarto
547 250 597 285 elie
607 253 706 285 Lunae
726 262 766 286 ex
786 250 953 295 Evangelii
973 257 1052 292 prae-

169 303 285 350 scripto
302 299 498 348 observarunt
518 325 531 343 ‚
555 299 636 335 nibil
653 301 694 335 ab
715 313 747 336 eo
768 299 902 342 Instituta
926 311 962 334 ac
979 312 1057 336 more

171 356 272 398 plane
290 352 421 400 dignffl,
440 350 501 395 sed
516 350 680 395 secundum
692 352 837 398 Regulam
861 352 898 386 ὰ
922 362 1056 386 normam

170 404 247 448 fidei
268 415 335 438 eum
352 403 458 443 affidue)
476 401 644 436 tenuerunt.
673 406 770 446 Atque
799 399 861 445 ipse
880 406 973 435 etiam
1000 405 1055 436 Po·
1093 444 1095 446 v

173 455 298 494 herates
309 476 320 493 ,
344 457 397 495 qui
414 458 495 486 inter
513 463 568 487 vos
579 464 679 487 omnes
695 452 858 496 postremas
873 449 950 495 sane
965 452 1036 494 fero
1048 477 1059 494 ,

175 515 217 539 ex
238 503 388 544 najaram
418 513 548 537 meorum
570 504 606 538 6·
637 507 838 548 cognatorum
858 503 1020 537 traditione
1046 527 1057 543 ‚

173 563 299 597 quorum
315 551 443 587 libenter
475 552 566 595 infisto
584 552 716 598 vestigiis
737 577 748 594 ,
778 553 857 586 illud
876 551 972 595 ipsum
991 561 1065 596 per-

172 604 265 646 petuo
284 600 413 645 observo.
440 605 560 646 septem
581 610 670 638 erant
682 601 844 647 Episcopi,
870 602 946 636 mibi
963 614 1064 647 cogna-

173 658 255 686 tione
275 652 424 694 conJunHi
435 666 450 696 ,-
476 656 544 699 Ego
562 662 663 688 autem
674 653 797 687 oaavus
814 651 893 696 sum.
922 657 1013 696 Atqui
1032 653 1064 686 hi

173 703 309 743 Majores
333 708 392 736 mei
413 704 449 737 ὁ*
472 707 602 748 Cognati
625 713 690 737 tum
709 704 789 737 diem
812 701 970 746 Paschatts
987 701 1066 746 sem-

170 761 231 795 per
249 751 471 793 celebrarunt,
495 764 562 790 cum
585 753 626 796 fit
639 754 746 796 populo
769 755 908 800 Judaico
928 759 962 787 in
986 751 1065 787 more

172 800 300 844 politum
318 804 423 837 Panes
433 805 554 842 Azymos
564 811 721 846 apparere.
747 806 815 848 Ego
832 809 925 848 igitur
952 827 964 845 ,
989 807 1067 836 Fra-

176 861 241 886 tres
254 876 266 893 ‚
291 857 343 895 qui
347 850 655 896 sexaginta-quinque
664 864 761 887 annos
771 859 804 886 in
830 857 958 887 Domino
978 859 1067 887 vixe-

175 907 258 942 rim,
285 907 339 944 qui
357 902 461 935 mains
483 913 549 935 cum
569 903 735 937 Fratribus
758 911 819 946 per
850 904 949 938 orbem
974 912 1068 937 terra-

175 962 246 984 rum
260 949 400 994 disperfis
422 951 461 984 de
482 953 565 986 Fide
583 959 839 994 communicarim,
870 960 923 997 qui
948 959 1071 987 univer-

172 998 242 1045 sam
261 1001 384 1034 sacram
406 1002 595 1043 scripturam
608 1002 742 1044 studiose
761 1005 925 1038 evolverim
946 1016 956 1047 ;
983 1002 1031 1037 bis
1058 1027 1070 1044 ‚

176 1061 248 1093 quae
269 1049 354 1084 nobis
376 1051 574 1086 adterrorem
593 1052 790 1094 objiciuntur,
815 1055 938 1088 minimi?
956 1062 1071 1087 contur-
1099 1070 1101 1073 ·

174 1099 236 1134 bor.
264 1102 326 1134 Mei
348 1106 428 1134 enim
439 1103 573 1143 Majores
604 1103 749 1138 dixerunt
769 1128 780 1143 ,
808 1110 905 1149 mgis
939 1106 1002 1137 Deo
1024 1102 1070 1136 ob-

176 1151 428 1192 temperandum,
453 1153 547 1193 quam
557 1151 735 1187 homiuibus.
761 1154 846 1188 Haec
866 1154 982 1188 omnia
1002 1152 1071 1186 lau-

176 1199 235 1234 dat
246 1199 284 1233 in
292 1198 452 1235 Virorum
460 1199 641 1235 illustrium
652 1202 820 1248 Catalogo
831 1204 933 1238 etiam
945 1203 1071 1237 sanstus

176 1249 431 1293 Hieronymus:
460 1251 627 1289 Polycrates
637 1274 649 1291 ‚
668 1252 862 1294 Ephesiorum
879 1251 1073 1295 Episcopus,'

175 1310 243 1333 eum
263 1305 382 1333 caeteris
402 1298 477 1340 Afiae
498 1298 658 1342 Epifiopts
680 1325 692 1341 ‚
717 1306 774 1343 qui
782 1302 882 1341 juxta
907 1303 1071 1344 quamdam

176 1358 313 1384 veterem
331 1347 585 1391 Consuetudinem
602 1360 672 1382 cum
681 1352 714 1394 J
715 1350 814 1383 ud‘aets
831 1351 1071 1395 decima-quarta

177 1402 269 1433 Luna
282 1396 402 1441 Pafthae
421 1397 611 1432 celebrabant
623 1422 634 1438 ,
655 1397 772 1442 scripfit
792 1401 959 1434 adversum
977 1402 1071 1435 Πεῖσ-

176 1460 242 1482 rem
252 1446 434 1492 Epiftopum
444 1451 615 1481 Romannm
626 1449 799 1489 synodicam
809 1450 973 1492 Epistolam
999 1475 1011 1492 ,
1036 1457 1069 1484 in

175 1510 240 1541 qua
249 1500 331 1531 docet
344 1497 381 1542 se
393 1497 514 1541 Apostoli
527 1501 561 1543 J
563 1504 669 1531 oannis
690 1500 727 1533 6·
747 1507 885 1533 veterum
905 1499 1071 1533 authorita-

164 1551 239 1582 'tem
255 1546 351 1591 sequi.
377 1546 529 1582 Adducit
549 1547 726 1584 adductum
739 1549 916 1593 synodalis
940 1550 1070 1594 Episto-
1103 1587 1105 1590 r

174 1596 215 1632 1ae
237 1598 462 1643 fragmentum
474 1621 484 1637 ,
496 1607 597 1641 atque
606 1598 798 1634 concludit:
827 1604 903 1636 Haec
907 1608 1071 1643 propterea

175 1645 265 1690 posui
276 1671 288 1688 ‚
312 1657 348 1682 ut
367 1653 519 1692 ingenium
539 1649 574 1682 ὰ
589 1648 804 1683 authoritatem
825 1654 888 1683 viri
907 1661 946 1684 ex
967 1659 1070 1692 parvo

173 1695 322 1739 opusculo
346 1697 584 1739 demonstrarem.
611 1700 732 1733 Floruit
763 1699 946 1742 temporibus
967 1698 1070 1743 severi

175 1747 357 1788 Principis,
382 1749 487 1781 eadem
507 1757 600 1781 aetate
612 1772 623 1787 ‚
648 1760 710 1791 qua
733 1750 889 1792 Nareiffus
910 1748 1068 1793 Hierosoly-

173 1803 244 1829 rnae.
270 1796 316 1830 Et
326 1808 434 1831 revera
447 1797 531 1831 illud
544 1799 782 1842 Fragmentum
798 1798 864 1834 alte
872 1799 993 1835 clamat
1006 1799 1069 1834 Po-

175 1845 338 1889 lycratem
350 1846 444 1881 fuisse
457 1848 590 1882 summae
599 1847 776 1889 doeh-inz,
801 1846 1031 1884 Authoritatis
1056 1873 1069 1890 ‚

175 1905 279 1941 atque
290 1896 515 1932 continentiae.

229 1946 398 1980 Discimus
411 1944 492 1981 hinc
504 1947 601 1983 varia.
628 1946 847 1993 Primo,quod
856 1950 982 1984 sanans
993 1941 1073 1983 Phiss

174 1995 286 2041 lippus
298 1996 470 2030 Diaconus
482 1998 518 2031 in
531 1996 606 2033 Asia
629 1999 716 2042 apud
737 1999 948 2044 Hierapolim
967 1998 1070 2043 Phry-

175 2047 239 2091 giae
248 2045 438 2090 praedicarit,
452 2045 609 2082 habitarit
618 2059 694 2083 curn
705 2048 832 2084 duabus
856 2049 1006 2089 filiabus,
1032 2060 1069 2083 ac

176 2096 404 2131 fitdefunstus.
441 2096 617 2138 Secundo,
642 2098 734 2143 quod
744 2100 836 2134 sacrae
855 2099 1070 2144 virginitatis

144 2163 148 2167 Δ
167 2144 338 2181 -Profeffio
347 2156 426 2181 tunc
438 2146 474 2181 in
486 2149 544 2182 usu
554 2149 663 2182 fuerit.
676 2149 824 2193 adeoque
831 2150 868 2183 fit
879 2149 1069 2183 Institutum

176 2193 415 2240 Apostolicum
426 2208 465 2230 ac
479 2197 728 2243 Evangelicum.
755 2198 889 2240 Tertio,
901 2199 990 2243 quod
1003 2200 1069 2232 san-

176 2247 249 2280 stus
270 2245 413 2288 Ioannes
427 2247 636 2293 Evangelista
648 2250 746 2284 suerit
769 2249 906 2293 Martyr.
938 2248 1069 2292 Utique

175 2294 224 2330 ob
246 2296 402 2329 ferventis
412 2296 478 2331 olei
497 2298 650 2339 dolium,
676 2310 715 2334 ac
739 2298 1004 2343 deportationem
1031 2299 1066 2332 in

176 2343 345 2380 pathmos.
375 2345 504 2394 Qarto
525 2360 540 2389 ;
567 2349 657 2392 quod
681 2348 726 2383 ob
757 2351 836 2384 novi
861 2349 1067 2383 Testamenti

181 2395 418 2439 Episcopatum
429 2397 565 2441 gestarit
577 2399 753 2433 Laminam
765 2411 906 2433 auream.
933 2400 986 2433 En
1006 2399 1070 2432 ori-

176 2444 293 2489 ginem
315 2455 414 2489 aeque
442 2448 675 2490 antiquitatem
709 2449 913 2493 Episcopalis
949 2448 1069 2483 Mitrae.

175 2493 334 2542 Qnto,
360 2494 451 2538 quod
463 2497 549 2539 apud
563 2497 731 2542 Ephesum
745 2499 782 2533 sit
795 2509 945 2532 mortuus
965 2510 1003 2533 ac
1025 2499 1070 2532 se-

180 2544 306 2587 pultus.
333 2542 378 2578 Et
388 2545 474 2579 certe
494 2544 681 2590 Polycratis
703 2560 741 2583 ac
751 2558 849 2582 tanta:
862 2548 989 2591 synodi
1002 2547 1069 2582 Au-

176 2591 320 2628 thoritas
340 2594 387 2628 est
410 2595 649 2641 irrefragabilis.
680 2597 781 2632 Sexto
792 2597 1067 2642 discimus,qu<”>d

178 2642 390 2678 Laodicenfis
416 2645 621 2690 Episcopus,
643 2646 684 2680 ad
698 2659 796 2691 quem
817 2648 917 2682 saneti
932 2648 1069 2690 Joannis

178 2690 399 2738 Apocalypsis
411 2693 581 2738 loquitur,
592 2698 690 2731 fuerit
701 2698 826 2732 sanstus
847 2698 976 2742 Sagaris
990 2722 1001 2738 ,
1026 2697 1067 2733 de

176 2754 248 2786 quo
262 2741 361 2778 habet
370 2743 561 2779 Romanum
573 2746 873 2793 martyrologium:
887 2749 1067 2788 Laodicaeae‚

177 2794 274 2826 Beati
284 2795 419 2837 Sagaris,
430 2793 768 2838 Episcopi&Manms
793 2822 804 2838 ‚
830 2803 883 2841 qui
898 2797 970 2839 fuit
988 2809 1065 2831 unus

176 2843 218 2876 de
231 2848 366 2885 antiquis
379 2844 470 2881 Pauli
482 2844 602 2888 Apostoli
613 2845 784 2889 Discipulis.
811 2848 926 2896 Qare
939 2846 1066 2882 videtur

177 2902 251 2927 non
270 2892 288 2926 ὲ
305 2894 414 2926 sancto
436 2893 562 2937 Joanne
581 2919 593 2934 ,
626 2895 680 2930 sed
702 2896 721 2928 ὲ
741 2898 851 2930 sanGo
873 2897 980 2931 Paulo
1005 2898 1066 2931 ele-

178 2943 250 2976 (ius
268 2942 519 2977 &consecratus
529 2943 563 2977 in
577 2945 786 2989 Episcopum.
808 2947 861 2981 De
873 2947 942 2990 ipso
958 2947 1065 2982 scribit

177 2992 307 3026 sandius
318 2992 440 3026 Melito
461 2993 621 3029 Sardenfis
638 2995 842 3040 Episcopus.-
866 2999 948 3030 Cum
965 2999 1065 3030 Servi-

132 3059 140 3069 ·
175 3042 239 3074 Iius
259 3042 374 3075 Paulus
397 3042 462 3085 effirt
483 3042 555 3085 Afiae
580 3043 755 3087 Proconfiel,
780 3048 904 3090 Sagaris
928 3050 1065 3086 Martyrii

178 3139 280 3175 bium.
310 3140 459 3186 Septimo
479 3142 634 3176 discimus
652 3168 662 3184 ‚
689 3144 778 3187 quod
798 3145 833 3179 in
863 3145 1061 3190 Apocalypsi

178 3201 377 3226 memoratus
406 3191 567 3226 Sardenfis
597 3193 779 3237 Episcopus
807 3195 905 3230 fuerit
942 3196 1064 3231 sanetus

177 3239 303 3275 Melite
350 3241 586 3277 laudatissimus
595 3242 681 3286 apud
698 3239 839 3278 eundem
867 3244 1056 3280 Eusebium.

176 3290 250 3325 Hic
278 3266 372 3324 resert
393 3291 505 3335 &ejus
519 3292 701 3336 Epistolam
719 3292 760 3327 ad
786 3290 933 3328 saneium
952 3296 1062 3330 Onefi-

175 3351 271 3376 mum
283 3338 481 3391 ephesinum
495 3342 695 3386 Episcopum
708 3367 719 3383 ,
730 3343 834 3387 quiin
845 3343 960 3378 eadem
970 3343 1060 3390 Apo-

174 3389 299 3434 calypsi
310 3388 355 3423 est
367 3390 518 3436 Angelus
530 3391 659 3436 Ephesi.
686 3393 814 3429 Οέῐπνό
837 3393 992 3428 discimus
1013 3406 1060 3429 ra-

173 3440 288 3475 tiones
298 3462 310 3478 ,
334 3437 379 3472 ob
386 3450 465 3484 quas
475 3440 664 3484 Polycrates
676 3443 709 3476 dc
719 3444 829 3477 omnis
852 3443 927 3478 Asia
946 3444 1059 3479 nolue-

176 3487 245 3524 ti‘nt
267 3486 423 3522 paschale
431 3491 458 3523 F
459 3492 562 3525 estum
573 3493 748 3527 transferre
758 3493 790 3527 in
802 3493 891 3527 diem
902 3492 1056 3529 Domini-

177 3548 260 3575 cam.
288 3537 391 3584 Qod
403 3538 519 3583 nempe
531 3542 656 3575 sanstus
664 3543 786 3579 Melite
798 3543 959 3580 Sardenfis
967 3569 980 3589 ,
989 3545 1055 3582 san-

279 3587 395 3629 Diffiert.
408 3589 530 3624 Prooem.
544 3593 624 3625 rom.
636 3595 662 3626 1:

1124 162 1547 217 Pnooemsms.
1932 183 2002 234 κερ

1124 250 1193 284 stus
1219 249 1347 297 Sagaris
1372 246 1585 283 Laodicensis
1609 268 1622 287 ,
1655 244 1783 280 sanstus
1802 244 2004 294 polycarpus

1125 299 1352 343 Smyrnensxs,
1376 298 1502 333 sanstus
1510 296 1652 332 Traseas
1663 295 1855 336 Eumenia,
1879 299 2004 336 sanstus

1124 348 1282 393 Papirus,
1309 349 1421 383 nescio
1443 346 1534 391 cujus
1545 346 1711 387 civitatis,
1735 355 1852 381 omnes
1864 343 2006 390 Aposto-

1124 398 1233 434 lorum
1251 397 1438 444 Discipuli,
1452 396 1568 434 „imme
1578 397 1613 433 ὅ(
1623 397 1748 431 sanetus
1757 394 1932 440 Philippus
1943 420 1954 437 ,
1965 408 2005 432 ac

1125 450 1198 494 ipse
1211 450 1337 484 sanetus
1357 449 1499 494 Ioannes
1525 446 1708 493 Apostolus
1727 447 1776 483 ita
1795 446 1942 484 feciffent
1968 458 2009 483 ac

1095 527 1096 530 Ἰ
1127 499 1535 585 tragiiilcftsiexithelitonem
1546 548 1706 584 Eusebius
1717 549 1830 587 laudat
1840 551 1927 587 inter
1935 559 2008 596 pro-
2023 552 2084 584 Lib.
2112 566 2141 590 4.

1095 632 1097 634 .
1125 599 1220 635 batos
1228 612 1266 643 ac
1279 599 1431 635 Eximios
1441 599 1591 634 Ecclesiae
1610 599 1799 645 Scriptores.
1826 601 2008 636 Enumerat
2021 601 2085 634 ⁶²?-
2096 603 2128 630 ²5
2133 614 2144 624 =

1125 650 1193 693 ejus
1204 645 1329 694 Scripta
1339 674 1351 691 ‚
1362 662 1399 684 ac
1412 650 1497 685 inter
1508 650 1573 693 ipsa
1582 650 1679 694 ponit
1688 651 1721 684 δε
1731 648 1798 685 haec
1809 665 1818 684 ι
1846 655 1910 685 Duo
1922 651 2010 686 Libri

1126 701 1163 733 de
1174 699 1330 743 Pascbate.
1357 701 1442 735 Alter
1454 701 1492 734 de
1502 704 1652 734 Dominico
1662 701 1719 734 die.
1747 702 1832 735 Altus
1839 703 1877 736 de
1898 705 2010 744 Apoea-

1124 749 1194 792 hpfi
1196 754 1229 795 J
1231 757 1349 784 oannis.
1380 750 1423 785 Et
1432 750 1583 796 adjungit
1599 764 1606 784 :
1633 753 1670 783 In
1692 749 1795 784 Libris
1816 762 1888 794 quos
1908 751 2010 786 Meli-

1125 809 1186 835 ton
1203 801 1241 833 de
1252 798 1397 843 Paschate
1407 800 1529 843 confecit
1541 826 1552 841 ,
1578 809 1696 844 tempus
1726 812 1782 845 quo
1802 802 1867 835 illos
1883 799 2012 844 scripse·

1125 856 1168 883 rit
1177 875 1189 892 ,
1209 849 1311 893 inipso
1322 851 1438 884 illorum
1447 853 1567 886 exordio
1577 850 1678 894 refert.
1708 850 1754 885 Et
1778 850 1913 886 adducit
1934 850 2010 885 Me·

1128 899 1241 934 litonis
1253 900 1348 935 verba
1360 925 1367 932 .
1395 905 1472 935 Cum
1480 903 1629 936 servilius
1643 902 1758 936 Paulus
1768 902 1834 946 esset
1848 900 1920 944 Afiae
1931 903 2003 934 Pro·

1098 961 1099 964 ¹
1127 948 1310 993 consul‚quo
1318 951 1439 994 quidem
1446 961 1577 995 tempore
1597 953 1723 997 sagaris
1745 955 1882 992 Mamm
1899 961 2007 986 corona

1099 1030 1101 1033 ,
1120 998 1328 1041 'donatusfuit
1339 1025 1351 1040 ‚
1376 1013 1487 1045 magna
1496 1003 1582 1044 apud
1593 1004 1782 1036 Laodicaeam
1803 1012 1870 1036 orta
1889 1001 1928 1042 est
1947 1012 2011 1035 con-

1130 1049 1272 1092 troverfia
1281 1052 1320 1084 de
1332 1049 1486 1093 Paschate.
1514 1052 1609 1096 ‚Quod
1614 1055 1735 1096 quidem
1745 1052 1864 1094 Festum
1865 1051 1950 1094 fhrt?
1966 1062 2014 1086 eo·

1130 1100 1199 1132 dem
1208 1105 1347 1142 temporis
1358 1102 1482 1134 articulo
1499 1125 1510 1142 ,
1535 1113 1592 1144 quo
1612 1102 1760 1136 oriebatur
1780 1099 1976 1145 controverfia
2002 1124 2017 1142 ,

1132 1150 1246 1182 incidit.
1275 1152 1372 1192 Atque
1392 1151 1452 1184 illis
1474 1149 1543 1192 ipfis
1564 1151 1668 1185 diebus
1685 1157 1779 1186 etiam
1797 1151 1851 1193 ista
1870 1153 1892 1185 ἆ
1911 1161 1958 1185 me
1977 1150 2017 1185 de

1131 1197 1216 1239 Festo
1226 1199 1276 1233 illo
1287 1199 1600 1244 fueruntperscripta.
1627 1200 1741 1247 Pergit
1753 1201 1933 1236 Eusebius:
1955 1205 2019 1234 Hu-

1125 1250 1184 1290 jus
1204 1253 1313 1291 Operis
1325 1256 1461 1284 meminit
1480 1252 1620 1285 Clemens
1650 1252 1876 1286 Alexandrinus
1907 1257 1940 1284 in
1964 1253 2018 1284 Li-

1132 1296 1185 1331 bro
1199 1297 1255 1342 suo
1275 1298 1435 1343 conscripto
1455 1301 1494 1334 de
1516 1300 1686 1344 Pasa-hate,
1712 1312 1800 1344 quem
1802 1300 1837 1345 se
1846 1300 2020 1344 contexuisse

1135 1359 1279 1383 memorat
1298 1358 1425 1391 arrepta
1444 1349 1596 1394 scribendi
1615 1349 1693 1395 ansa
1713 1363 1752 1385 ex
1774 1351 2020 1393 Meliton1s'ofie·

1132 1410 1173 1432 re.
1209 1399 1282 1434 Hic
1302 1400 1413 1434 sandi
1426 1399 1612 1435 Clementis
1635 1400 1734 1435 Liber
1744 1401 1824 1435 latet
1844 1411 1899 1435 aut
1911 1400 2017 1444 periit.

1134 1449 1178 1482 Et
1198 1449 1267 1492 ejus
1276 1449 1367 1483 nulla
1377 1449 1422 1483 est
1434 1451 1592 1484 memoria
1615 1451 1651 1483 in
1674 1450 1783 1485 Libris
1806 1450 2018 1484 stromatum.

1134 1497 1233 1533 Adeo
1244 1500 1289 1533 est
1301 1499 1399 1533 nobis
1409 1499 1562 1542 sepultus.
1589 1499 1699 1534 Posset
1712 1511 1773 1534 nos
1785 1500 1877 1543 plura
1891 1499 2019 1534 docere.

1133 1548 1269 1583 Saan
1279 1549 1407 1594 Sagaris
1418 1548 1625 1584 Laodicenfis
1649 1550 1829 1593 Episcopus
1846 1549 1892 1584 est
1914 1549 2021 1594 passus

1133 1597 1192 1632 sub
1213 1599 1322 1633 Marci
1345 1598 1474 1632 Aurelii
1490 1599 1630 1633 &Lucii
1642 1599 1723 1634 Veri
1736 1600 1901 1644 Imperio,
1926 1599 2021 1634 adeo-

1134 1659 1198 1691 que
1219 1648 1278 1683 sub
1305 1648 1507 1683 Pontificatu
1542 1650 1641 1684 sanffl
1673 1648 1819 1684 Aniceti.
1858 1649 1963 1694 Igitur
1986 1649 2022 1683 ὰ

1134 1707 1214 1732 tunc
1238 1698 1325 1742 apud
1348 1698 1555 1733 Laodicaeam
1577 1709 1650 1733 orta
1671 1699 1717 1734 est
1731 1700 1862 1744 quaestio
1887 1699 1926 1734 de
1948 1698 2023 1733 Pas-

1133 1746 1220 1782 chali
1232 1748 1420 1782 Festivitate
1431 1773 1440 1790 ‚
1449 1749 1482 1783 ὃ(
1493 1754 1624 1793 propter
1636 1750 1738 1792 ipsam
1750 1751 1877 1784 sanstus
1894 1748 2021 1783 Melito

1133 1798 1250 1841 scripfit
1262 1797 1340 1832 istos
1354 1798 1479 1832 Libros.
1494 1799 1623 1843 Nempe
1633 1811 1674 1833 ex
1686 1799 1788 1834 Alma
1802 1799 1900 1834 Urbe
1916 1798 2021 1834 redux

1132 1848 1259 1881 sanstus
1284 1848 1487 1891 polycarpus
1510 1850 1574 1882 suis
1597 1850 1631 1882 in
1653 1848 1729 1883 Asia
1742 1849 1895 1895 Collegis
1906 1848 2021 1883 retulit

1131 1898 1201 1931 suas
1212 1909 1287 1930 cum
1299 1899 1408 1932 saneto
1423 1899 1566 1931 Aniceto
1578 1899 1831 1940 Disputationes
1847 1924 1858 1940 ‚
1886 1911 1924 1933 ac
1950 1899 2021 1933 sen-

1131 1948 1201 1981 sum
1215 1947 1374 1981 Romanae
1389 1948 1554 1982 Ecclefiae:
1582 1948 1616 1982 &
1642 1948 1853 1982 Laodicensis
1875 1948 2020 1983 Ecclesia

1131 1997 1260 2032 videtur
1271 1997 1406 2031 voluisse
1418 1999 1450 2031 se
1466 1997 1719 2032 accommodare
1743 1998 1786 2032 ad
1814 1998 2016 2033 Romanam.

1132 2047 1237 2081 Sancti
1250 2047 1396 2092 δεξεμ-ῖς,
1421 2056 1520 2089 quem
1531 2048 1655 2082 Melito
1678 2047 1742 2081 isto
1752 2059 1843 2082 anno
1864 2048 1957 2082 fuiffe
1969 2048 2022 2082 de-

1133 2098 1279 2131 funCtum
1292 2121 1301 2136 ,
1329 2096 1519 2139 Polycrates
1530 2097 1671 2132 affirmat
1684 2096 1821 2139 Judaico
1832 2098 1917 2131 mori
1929 2098 2023 2132 favis-

1132 2148 1186 2187 se,
1213 2147 1379 2182 Successor
1404 2146 1499 2189 poffit
1521 2147 1539 2180 a
1574 2148 1632 2181 suo
1667 2146 1859 2183 praecessore
1896 2147 2024 2182 senfiffe

1132 2199 1331 2231 contrarium
1343 2222 1353 2237 ‚
1375 2198 1409 2231 ὅ(
1422 2197 1587 2231 Romanis
1596 2195 1759 2232 adhaefiffe
1771 2223 1778 2229 .
1803 2198 1898 2231 Hinc
1910 2198 2021 2233 forsan

1132 2247 1323 2290 Polycrates
1336 2246 1430 2280 illum
1445 2258 1511 2281 non
1526 2247 1644 2280 laudat.
1671 2247 1846 2294 Qudquid
1867 2247 1926 2287 fit,
1952 2249 2022 2281 san*

1133 2297 1174 2330 cii
1197 2297 1372 2340 Polycarpi
1388 2297 1511 2331 reditus
1522 2297 1567 2330 est
1580 2308 1652 2331 vera
1665 2297 1760 2331 radix
1780 2296 1873 2330 istius
1889 2306 2023 2331 contro·

1133 2347 1244 2381 verfiae.
1274 2348 1317 2380 Et
1339 2346 1525 2390 Polycarpo
1553 2346 1719 2381 adhaerens
1741 2346 1867 2381 Melito
1898 2347 2022 2390 scripsit

1133 2396 1216 2430 duos
1228 2397 1345 2430 Libros
1366 2396 1407 2430 de
1427 2395 1593 2431 Paschate.
1623 2397 1785 2431 Defendit
1805 2408 1842 2431 ac
1863 2396 2022 2431 stabilivit

1133 2445 1280 2480 Afiaticae
1294 2446 1437 2480 Ecclefiae
1458 2446 1741 2481 consuetudinem.
1769 2447 1904 2481 Sanetus
1926 2447 2023 2490 Joan-

1134 2508 1190 2530 nes
1202 2495 1235 2529 in
1250 2496 1446 2540 Apocalypsi
1458 2495 1570 2531 laudat
1581 2497 1670 2531 diem
1681 2497 1903 2531 Dominicum
1917 2508 1924 2528 :
1942 2497 2022 2532 Hac

1131 2547 1166 2580 in
1189 2558 1223 2579 re
1246 2545 1455 2580 Laodicenfis
1478 2547 1619 2581 Ecclesia
1642 2572 1653 2588 ,
1678 2547 1773 2590 poffit
1802 2548 1834 2580 se
1863 2546 2019 2580 fundam:

1129 2596 1224 2630 Hinc
1233 2597 1360 2630 sanetus
1368 2597 1492 2631 Melito
1504 2597 1631 2631 addidit
1644 2596 1764 2631 librum
1776 2596 1817 2631 de
1827 2596 1882 2631 die
1901 2596 2021 2630 Domi-

1131 2647 1228 2687 nico,
1255 2658 1293 2680 ac
1316 2646 1434 2680 librum
1456 2645 1500 2681 de
1519 2647 1619 2680 sancti
1642 2647 1780 2690 Joannis
1808 2646 2017 2690 Apocalypsi.

1129 2696 1182 2730 De
1199 2697 1270 2739 ipso
1292 2696 1402 2731 scribit
1426 2698 1460 2730 in
1486 2697 1662 2731 illustrium
1683 2696 1840 2730 Virorum
1853 2695 2018 2740 Catalogo

1130 2747 1253 2780 sanstus
1263 2747 1494 2789 Hieronymus
1512 2762 1523 2781 .-
1540 2747 1716 2781 Melitonis
1728 2748 1845 2791 elegans
1867 2757 1903 2779 ac
1924 2746 2019 2779 decla·

1128 2802 1286 2830 mator-ium
1296 2803 1447 2840 ingenium
1462 2798 1594 2829 laudans
1615 2797 1820 2830 Tertullianus
1842 2801 1876 2828 in
1896 2793 2018 2838 septem

1126 2846 1231 2886 libris,
1254 2858 1326 2888 quos
1343 2845 1461 2890 firipfit
1480 2846 1630 2879 adversus
1655 2845 1812 2886 Ecclefiam
1833 2854 1889 2888 pro
1901 2848 2017 2878 Monta·

1127 2908 1164 2928 no
1176 2920 1186 2936 ‚
1213 2898 1286 2929 dim
1297 2908 1362 2929 eum
1383 2899 1404 2928 a
1420 2895 1572 2939 plerisque
1583 2895 1740 2936 nostrorum
1763 2894 1945 2937 Prophetam
1958 2899 2015 2937 pu*-

1127 2952 1195 2978 tari.
1222 2945 1367 2980 Proinde
1389 2947 1516 2981 summa
1544 2946 1607 2979 fuit
1624 2945 1693 2988 ejus
1708 2944 1911 2990 Authoritas.
1940 2945 2016 2979 Per-

1128 2996 1203 3028 vasit
1221 2995 1254 3028 δε
1283 2994 1478 3040 AEgyptum
1501 3007 1508 3027 ε
1536 2996 1581 3029 Et
1602 2995 1726 3038 ipsam,
1761 3006 1831 3039 quae
1852 2995 2016 3030 Romana:

1127 3045 1278 3078 Ecclefiae
1294 3045 1396 3079 ritum
1416 3047 1539 3088 semper
1549 3046 1657 3079 secuta
1669 3046 1796 3086 suerat,
1825 3045 1903 3080 fecit
1922 3048 2016 3096 nutag·

1126 3106 1167 3129 re.
1193 3095 1288 3128 Hinc
1303 3094 1546 3129 Alexandrinus
1570 3093 1724 3129 Clemens
1735 3095 1798 3129 fuit
1822 3096 2015 3139 compulsus

1125 3146 1263 3179 refutare
1281 3144 1350 3187 ejus
1360 3145 1499 3184 Libros,
1524 3145 1558 3178 &
1570 3144 1676 3178 avitos
1687 3144 1750 3179 suae
1760 3145 1870 3190 gentis
1890 3147 1924 3180 &
1949 3146 2014 3181 Ec-

1124 3194 1220 3229 clesiae
1229 3205 1334 3228 mores
1346 3195 1473 3237 Scripto
1485 3193 1636 3228 stabilire.
1646 3213 1649 3217 ·
1658 3195 1754 3229 Hinc
1765 3206 1925 3230 memorat
1935 3195 2011 3230 scri-

1125 3244 1223 3278 bendi
1232 3245 1341 3278 ansam
1354 3243 1410 3277 sibi
1423 3244 1515 3278 fuisse
1526 3255 1568 3278 ex
1580 3246 1688 3288 opere
1699 3244 1886 3280 Melitonis.
1912 3245 2011 3280 Hinc

1122 3295 1156 3328 δε
1181 3293 1369 3337 Polycrates
1388 3305 1427 3327 ac
1453 3293 1521 3336 ejus
1543 3294 1696 3337 synodus
1717 3291 1896 3330 fundarunt
1923 3296 1954 3328 se
1979 3295 2018 3329 in

1122 3344 1210 3378 illius
1221 3342 1443 3378 Authotitate.
1471 3344 1515 3379 Et
1525 3343 1664 3379 aliorum
1677 3344 1732 3390 ipsi
1743 3344 2019 3390 adstipulatorutq

1120 3395 1371 3438 Episcoporum.
1483 3411 1488 3416 ·
1744 3413 1746 3416 ·
1976 3434 1981 3441 ⁷

1168 3444 1303 3478 Sanctus
1322 3443 1477 3479 Clemens
1489 3470 1501 3486 ,
1525 3445 1636 3480 sansto
1647 3444 1776 3481 Vistori
1789 3458 1826 3481 ac
1839 3441 2014 3488 *Polycrati

1118 3494 1181 3528 fuit
1200 3503 1385 3529 coetaneus.
1413 3494 1548 3530 Etenim
1559 3495 1595 3529 in
1607 3494 1781 3542 Chronico
1803 3495 1844 3531 ad
1868 3493 2008 3529 secundi

1118 3543 1222 3582 saeculi
1240 3555 1366 3586 aunum
1376 3545 1793 3631 nonagefimumxguintum
1802 3543 2003 3627 scrib}²b¹.3‘¹'

1621 3618 1626 3628 .
1899 3605 1916 3627 e
1941 3603 2009 3631 iusz
