2346 3776
340 85 416 154 ¹132
806 84 1243 136 DisSERTATl'o

341 170 412 204 orbe
420 165 638 212 observantur,
662 166 776 201 dantur
794 167 920 211 intelligi
929 166 982 199 vel
998 165 1037 197 ab
1062 163 1220 206 Apostolis,

330 220 397 254 'vel
402 221 425 254 ἂ,
428 219 579 261 plenariis
590 218 731 252 conciliis
755 216 971 251 commendata
989 224 1078 258 atque
1099 216 1224 248 statuta

340 275 474 305 retineri.
512 268 560 304 At
583 268 662 303 vero
680 266 867 302 Dominicae
887 265 954 299 diei
974 265 1086 299 laetitia
1101 265 1225 307 semper

340 320 406 357 fuit
415 321 536 355 servata
548 327 747 362 peromnem
759 315 945 351 Ecclesiam.
983 315 1027 348 Et
1048 325 1117 348 non
1136 313 1182 348 est
1204 313 1223 348 ὲ

340 368 485 416 generali
496 369 605 413 aliqua
615 365 763 409 Synodo.
801 366 907 410 Igitur
927 365 971 401 est
994 363 1036 400 ab
1053 364 1124 407 ipsis
1135 363 1227 406 Apo-

338 420 439 457 stolis.
467 419 511 455 Et
520 417 606 461 apud
619 418 764 451 sanctum
785 415 1011 460 Epiphanium
1031 413 1226 457 Apostolica

219 485 325 519 Haeres·
338 469 547 507 Constitutio
559 466 657 501 habet
668 479 676 498 z
687 468 752 510 ,Qui
762 465 908 507 afflixerit
918 472 1053 500 animam
1059 463 1150 508 suam
1165 466 1224 496 Do-

203 538 250 565 70.
259 536 321 559 c-11
339 525 450 555 minica
470 519 540 558 die,
565 516 742 551 maledictus
763 515 802 557 est
822 519 892 550 Deo.
930 516 1002 552 lstae
1028 514 1227 559 Apostolicae

339 567 607 605 Constitutiones
617 567 692 603 sunt
701 565 832 603 diversae
842 565 883 601 ab
894 565 963 603 istis
973 590 983 606 ,
997 576 1077 609 quas
1088 563 1147 599 sub
1158 564 1227 597 Ro·

339 618 430 655 mani
447 616 632 654 Clementis
655 617 793 652 nomine
813 614 972 652 habemus
990 614 1110 655 hodie;
1137 624 1174 646 ac
1184 612 1226 646 de

262 686 306 714 1c2
339 669 412 713 ipfis
423 666 631 713 Epiphanius
639 666 807 712 adjungit:
834 669 899 710 ,Qui
910 665 1024 704 Liber,
1044 661 1226 705 tametfidu-

337 719 398 755 biae
405 720 492 763 apud
499 718 653 753 nonnullos
659 715 776 760 fideifit
788 740 799 756 ,
825 725 883 750 non
894 715 932 758 est
943 724 1046 750 tamen
1056 713 1224 755 improban-

337 771 410 806 dus.
434 769 535 806 Etita
545 770 670 812 semper
679 767 788 802 tenuit
802 764 983 802 Orientalis
998 763 1152 803 Ecclesia,
1164 773 1227 808 que

336 820 425 857 inter
446 818 661 863 Apostolico's
682 817 838 852 Canones
849 814 1018 851 admisit&
1038 812 1127 851 hunc
1147 827 1158 846 .-
1194 815 1226 847 51·

199 871 322 904 Can-66·
334 876 407 915 quis
419 871 552 905 Clericus
564 874 710 903 inventus
725 863 824 907 fueiit
844 865 893 899 die
905 866 1203 907 DomntcoJejunare
1214 887 1224 904 ,

338 922 506 964 deponatur
521 932 534 953 ε
551 917 686 960 fiautem
703 919 814 950 Laicus
825 939 837 955 ,
859 913 1037 961 segregetur.
1075 913 1225 963 deam

334 979 488 1014 potenter
499 976 619 1012 urgent
629 965 725 1001 verba
736 966 831 1002 sancti
859 961 1018 1009 Martyris
1036 964 1164 1009 -lgnatii
1191 965 1225 999 in

334 1018 485 1062 Epistola
497 1017 540 1052 ad
549 1014 779 1060 Philippenses
799 1028 805 1048 :
834 1017 960 1062 ,Quarta
980 1017 1016 1051 (9⁴
1032 1013 1111 1059 sexa
1133 1018 1226 1048 Feria

326 1067 471 1111 jejunate
482 1091 494 1108 ,
519 1068 636 1110 re'liqua
646 1066 835 1109 Pauperibus
844 1073 1042 1112 porrigentes.
1082 1067 1226 1110 ‚Quicum-

331 1129 391 1162 que
403 1121 593 1153 Dominicum
603 1118 656 1151 vel
672 1115 858 1151 Sabbathum
871 1118 1067 1159 Jejunaverit
1078 1140 1089 1156 ,
1109 1123 1225 1158 praeter

268 1166 271 1175 ‘
332 1180 428 1203 unum
445 1167 634 1203 sabbathum
654 1165 780 1211 Pascbae
793 1191 803 1207 ‚
829 1165 892 1209 ipse
911 1166 950 1208 est
971 1165 1082 1205 Christi
1104 1164 1227 1207 interfe-

331 1218 403 1254 aar.
430 1219 484 1253 Ex
494 1217 547 1254 his
559 1214 787 1253 Affertionem
800 1216 948 1251 nostram
968 1218 1104 1252 censent
1115 1215 1227 1251 firmil²

331 1269 456 1304 fimam.
493 1267 556 1303 Ast
577 1266 761 1311 respondeo
784 1265 897 1301 Verba
907 1266 967 1301 ista
976 1267 1040 1301 effe
1051 1266 1226 1301 intertexta

330 1318 531 1354 &naviculis
541 1318 662 1353 Graecis
682 1341 692 1357 ‚
719 1315 877 1352 Sabbathi
899 1316 1060 1361 jejunium
1077 1315 1226 1351 adversus

330 1369 476 1404 Latinos
498 1366 737 1403 damnantibus
759 1380 767 1400 ε
805 1367 1030 1410 Nequaquam
1052 1367 1117 1401 effe
1128 1366 1226 1400 saneti

332 1419 468 1466 Ignatii.
496 1417 608 1461 Hujus
619 1415 819 1452 authenticis
829 1416 963 1461 Scriptis
972 1418 1035 1452 efl‘e
1045 1415 1226 1451 admodum

333 1469 445 1505 multa
455 1469 654 1509 intertexta,
681 1466 727 1502 est
738 1467 830 1502 omni
844 1467 998 1510 prudenti
1011 1467 1142 1501 Lectori
1161 1478 1228 1500 ma-

332 1518 501 1556 nifestum.
539 1518 584 1555 Et
595 1517 766 1562 insigniter
776 1516 1012 1552 demonstravit
1022 1516 1168 1551 eruditus
1180 1517 1227 1559 Ja-

333 1570 439 1606 cobus
450 1568 602 1605 Usserius
621 1592 633 1608 ,
659 1567 694 1601 in
708 1566 900 1612 Anglicano
923 1566 1096 1601 schismate
1107 1565 1228 1600 Archi-

333 1621 516 1665 Episcopus
526 1614 769 1654 Armachanus.
809 1616 947 1653 Interim
959 1617 1067 1652 no‘stra
1081 1615 1226 1652 Anertio

333 1679 506 1716 permanet
514 1669 618 1703 firma.

386 1719 419 1756 A
433 1720 541 1755 saneto
553 1718 787 1763 Hieronymo,
815 1731 853 1754 ac
873 1718 1045 1763 praesertim
1061 1718 1079 1752 ὲ
1100 1716 1228 1751 Priscil-

335 1770 476 1806 lianistis
487 1769 527 1805 ad
549 1768 727 1805 addustum
748 1781 790 1804 ex
809 1769 1015 1814 Apostolicis
1040 1767 1131 1803 Astis
1142 1767 1228 1802 testi-

334 1824 491 1856 monium
503 1820 675 1865 insigniter
686 1820 853 1863 respondit
865 1820 900 1853 in
913 1820 1032 1854 Literis
1044 1818 1085 1852 ad
1097 1816 1229 1852 Casula-

333 1883 420 1911 ωιτη
430 1870 664 1914 Presbyterum
675 1871 801 1903 sanstus
814 1869 1022 1914 Augustinus
1045 1881 1052 1900 ε
1079 1871 1140 1900 Aut
1163 1878 1229 1910 ergo

335 1914 464 1957 finctus
485 1920 608 1955 Paulus'
626 1918 810 1963 Apostolus
830 1944 840 1960 ,
875 1920 909 1953 δε
939 1917 1070 1952 Fideles
1092 1917 1226 1951 Troani

332 1972 398 2016 post
412 1970 571 2015 perat‘lum
591 1972 670 2004 diem
688 1968 857 2008 sabbathi,
885 1968 979 2002 noblis
999 1972 1084 2001 initio
1101 1966 1230 2008 fuerant

336 2027 526 2066 congregati,
552 2032 620 2062 quae
642 2026 744 2062 utique
764 2031 822 2051 nox
835 2021 908 2059 jam
933 2019 978 2051 ad
995 2019 1076 2051 diem
1100 2021 1230 2049 Domini-

340 2085 408 2106 cum
420 2096 432 2111 ,
453 2071 503 2104 hoc
514 2068 553 2111 est
563 2094 573 2108 ,
599 2071 644 2101 ad
652 2081 744 2102 unam
754 2068 899 2102 sabbatha·
906 2067 1078 2109 pertinebat
1090 2078 1097 2098 :
1130 2070 1175 2099 Et
1186 2073 1231 2098 ita

338 2123 445 2157 eadem
456 2119 701 2161 nollefrallurus
715 2121 830 2151 Panem
851 2142 862 2158 ,
898 2127 956 2151 rcut
963 2117 1123 2161 frangitur
1135 2123 1167 2148 in
1178 2119 1231 2149 Sa-

340 2181 493 2206 cramento
503 2174 646 2213 Corporis
662 2168 774 2209 Christi
786 2192 795 2208 ,
816 2169 964 2210 produxit
968 2166 1134 2210 sermonem
1142 2164 1231 2208 usque

340 2224 386 2257 ad
407 2222 537 2256 medium
559 2220 652 2253 nodis
674 2244 685 2260 ,
712 2228 746 2252 ut
763 2217 826 2261 post
846 2220 1041 2259 Sacraaena
1062 2216 1209 2250 celebrata
1221 2240 1230 2256 ,

341 2271 447 2316 rursus
469 2269 560 2315 usque
582 2268 627 2303 ad
649 2269 811 2302 diluculum
836 2269 988 2311 alloquens
1020 2276 1208 2310 congregatos
1223 2290 1233 2306 ,

343 2328 486 2367 quoniam
496 2322 622 2354 multum
624 2318 791 2361 festinabat
803 2343 813 2359 ,
832 2329 866 2352 ut
876 2316 1033 2360 lucescente
1041 2314 1234 2359 proficiscere-

343 2383 396 2407 tur
405 2376 556 2405 Dominico
568 2372 626 2404 die.
655 2374 716 2403 Aut
725 2370 803 2402 certe
807 2366 837 2410 fi
841 2374 872 2400 in
885 2380 947 2402 una
955 2370 974 2401 5
975 2365 1100 2399 abbathi
1111 2378 1168 2399 non
1175 2375 1232 2408 per

204 683 241 713 C.

345 2423 460 2457 noc‘lem
472 2446 483 2462 ,
502 2419 528 2464 s
522 2422 561 2454 ed
565 2429 621 2463 per
633 2421 712 2452 diem
725 2419 798 2451 hora
809 2422 957 2451 Dominici
969 2417 1102 2459 fuerant
1121 2417 1253 2460 congre-l

343 2478 412 2518 gati
427 2496 438 2512 ,
464 2483 495 2504 eo
504 2469 565 2513 ipso
580 2495 590 2510 ‚
616 2471 696 2512 quod
706 2470 818 2502 dietum
831 2467 868 2507 est
881 2493 892 2509 ,
923 2468 1038 2500 Paulus
1061 2464 1237 2509 disputabat

349 2522 486 2556 cumillis
500 2526 637 2554 exiturus
649 2520 712 2552 alia
723 2520 770 2551 die
782 2540 793 2557 ,
820 2518 952 2560 expressa
973 2516 1012 2557 est
1031 2515 1120 2559 causa
1125 2517 1237 2558 produ-

349 2573 436 2607 cendi
444 2568 590 2614 sermonis
609 2581 616 2600 τ
645 2571 730 2611 ,Quia
748 2568 857 2609 fuerat
878 2574 1036 2606 exiturus,
1063 2564 1238 2609 &eossuffi-

1295 81 1722 138 PRocaeMLALIS.

1287 166 1308 197 5
1308 166 1348 199 ed
1353 174 1423 201 tunc
1433 175 1576 212 quamvis
1588 172 1739 202 Dominico
1749 169 1798 202 die
1805 167 1895 213 sblita
1906 169 1966 202 iliis
1974 170 2096 210 jejunia
2108 178 2165 208 'non

1279 213 1405 259 futffent
1414 242 1425 258 ,
1452 230 1510 252 non
1520 228 1587 252 erat
1599 228 1701 252 tamen
1723 218 1857 261 Ecclefiae
1868 228 1931 251 tam
1951 218 2070 263 insignis
2080 220 2167 260 offen·
2183 241 2185 243 ·

1280 263 1341 306 fi0›
1358 265 1389 310 fi
1394 269 1495 311 aliqua
1505 270 1560 301 tali
1582 270 1760 309 necessitate,
1781 270 1903 311 qualem
1926 263 2074 311 Apostolus
2086 272 2168 303 Pau-

1286 315 1334 348 lus
1343 314 1446 352 babuit
1458 342 1468 358 ,
1495 319 1542 351 die
1553 328 1612 352 toto
1623 320 1775 352 Dominis-0
1794 317 1885 363 usque
1903 321 1949 352 ad
1969 320 2098 352 medium
2120 331 2168 352 no-

1288 364 1364 406 ffls,
1388 371 1441 402 vel
1456 373 1548 402 etiam
1570 365 1660 410 usque
1679 369 1724 400 ad
1739 369 1891 413 diliculum
1912 370 2027 412 reficere
2048 377 2169 412 corpora

1289 426 1346 448 non
1356 427 1504 451 curarent.
1531 422 1625 451 Nunc
1636 419 1708 451 vero
1715 417 1904 461 posteaquam
1916 424 2058 454 Haeretici
2071 444 2082 460 ,
2106 431 2171 453 ma-

1288 467 1532 509 ximeimpiiffimi
1543 466 1705 502 Manichaei
1715 491 1725 508 ,
1744 469 1870 509 jejunia
1881 470 1940 503 diei
1951 473 2098 503 Dominici
2108 481 2172 503 non

1287 515 1390 557 aliqua
1402 519 1559 559 neceffitate
1571 526 1738 552 occurrente
1753 525 1899 562 peragere
1911 543 1923 559 ,
1944 518 2004 562 sed
2021 519 2104 562 quafi
2118 523 2173 552 sa-

1286 575 1339 597 cra
1348 566 1539 602 solemnitate
1541 568 1659 609 statuta
1671 568 1874 611 dogmatizare
1888 577 2056 611 coeperunt,
2084 572 2117 604 Θ
2129 577 2184 602 ῑη-,

1287 624 1446 650 notuerunt
1449 619 1569 660 populis
1582 616 1783 660 Christiani&
1798 617 1932 660 prqfeblb
1945 631 1999 652 nec
2011 621 2067 653 tali
2079 632 2145 654 nece
2144 618 2174 663 s-

1280 665 1370 708 sitate
1382 689 1392 706 ,
1418 669 1535 710 qualem
1546 667 1693 712 Apostolus
1703 666 1808 700 habuit
1821 691 1832 707 ,
1857 668 1987 709 existimo
1991 669 2174 710 faciendum

1286 716 1356 760 effe,
1366 717 1523 759 quodfecit
1533 733 1545 753 .-
1564 724 1617 752 Ne
1627 720 1727 759 majus
1738 719 1850 752 malum
1861 724 2034 752 incurratur
2043 725 2075 751 tn
2086 718 2172 762 seam

1286 767 1355 800 dalo
1366 791 1377 807 ,
1402 779 1493 810 quam
1504 769 1610 803 bonum
1617 774 1803 811 percipiatur
1816 780 1854 802 ex
1877 768 1979 803 Verbo.
2016 767 2174 806 Affirmat,

1291 816 1468 859 Apostolos
1477 818 1592 854 diebus
1604 819 1796 854 Dominicis
1805 816 1949 862 jejunare
1960 830 2029 852 non
2040 821 2176 853 consue-

1288 867 1382 910 viss'e;
1409 867 1536 904 Verum
1544 881 1586 903 an
1598 869 1699 906 talem
1709 868 1846 903 tulerint
1865 870 1991 914 Legem
2003 893 2014 909 ,
2039 882 2110 903 non
2124 881 2178 903 ex-

1287 917 1407 960 primit.
1433 918 1580 954 Videtur
1589 917 1654 954 hoc
1665 919 1708 954 de
1718 919 1858 955 articulo
1867 919 2036 955 dubitasse.
2066 919 2173 968 Qid-

1287 966 1368 1010 quid
1378 967 1415 1001 fit
1427 992 1438 1008 ,
1458 969 1597 1005 affirmat
1610 969 1696 1004 istud
1708 969 1869 1014 jejunium
1880 970 1898 1003 a
1912 968 2179 1004 Manichaeorum

1287 1028 1434 1061 tempore
1444 1019 1538 1054 fuisse
1548 1019 1630 1054 adeo
1640 1021 1779 1054 exosum
1790 1021 1915 1054 cunstis
1926 1019 2095 1054 Fidelibus
2108 1045 2117 1060 ,
2140 1028 2179 1052 ut

1289 1067 1378 1101 nulla
1390 1069 1521 1112 penitus
1528 1080 1570 1107 ex
1583 1070 1679 1103 causa
1690 1069 1829 1104 licuerit.
1859 1071 2039 1104 Praesertim
2049 1070 2187 1106 rationo

1289 1117 1442 1152 scandali.
1468 1118 1564 1152 Hinc
1575 1119 1625 1152 uti
1637 1119 1784 1162 quisquis
1793 1130 1964 1163 utramque
1975 1119 2181 1160 Eucharistie

1287 1169 1426 1211 speciem
1437 1180 1508 1203 non
1522 1166 1670 1203 sumebat
1681 1167 1862 1211 publicem
1883 1169 2027 1204 Ecclefia
2039 1193 2050 1208 ,
2076 1171 2124 1202 ita
2147 1169 2183 1203 δε

1287 1219 1433 1263 quisquis
1443 1218 1497 1253 die
1507 1216 1694 1253 Dominico
1707 1218 1874 1260 jejunabat
1887 1242 1899 1259 ,
1924 1227 1994 1253 erat
2013 1217 2054 1253 de
2071 1218 2183 1252 Mani-

1287 1268 1440 1303 chaeismo
1450 1268 1613 1312 suspestus
1633 1267 1841 1312 gravissime,
1867 1267 1937 1303 imo
1958 1269 2045 1312 quasi
2067 1268 2183 1304 convi-

1286 1322 1362 1353 stus.
1391 1317 1576 1366 Qomodo
1588 1316 1690 1352 hodie
1701 1315 1790 1361 apud
1803 1329 1863 1352 nos
1875 1319 2021 1362 quisquis
2042 1319 2078 1352 in
2088 1318 2184 1364 an-r

1287 1369 1463 1415 dragefima
1474 1378 1531 1403 aut
1541 1368 1615 1402 aliis
1626 1367 1735 1402 vetitis
1747 1367 1863 1402 diebus
1884 1380 1996 1404 carnes
2017 1367 2088 1402 edit
2099 1393 2110 1409 ,
2135 1367 2183 1404 est

1288 1420 1449 1463 suspestus
1459 1418 1643 1464 graviffime
1655 1441 1665 1457 ,
1691 1418 1725 1452 &
1737 1429 1777 1451 co
1785 1419 1910 1453 nviCtus
1920 1418 1961 1452 de
1972 1417 2186 1453 Lutheraniss-

1287 1481 1366 1510 mo,
1393 1480 1451 1503 aut
1475 1468 1685 1503 Calvinismo
1707 1481 1718 1501 .·
1757 1469 1802 1502 Et
1815 1469 1942 1502 sanetus
1953 1468 2184 1511 Hieronymus

1289 1531 1344 1564 per
1360 1518 1476 1553 omnia
1502 1518 1666 1552 consonat
1685 1518 1797 1552 sansto
1814 1518 2017 1563 Augustino.
2044 1518 2183 1552 Etenim

1287 1570 1425 1604 affirmat
1437 1567 1739 1602 sannumPaulum
1762 1568 1797 1601 in
1821 1567 1880 1602 ista
1898 1568 2083 1603 Dominica
2104 1567 2184 1601 ideo

1287 1619 1462 1663 jejunasse,
1488 1618 1578 1663 quod
1592 1616 1778 1661 Spiritualis
1800 1618 1906 1654 Cibus
1928 1618 2006 1654 effet
2018 1618 2185 1664 praeferen-

1289 1669 1349 1704 dus
1361 1668 1545 1712 Corporali.
2113 1689 2114 1692 =

1338 1719 1488 1754 Secunda
1508 1717 1640 1762 quaestio
1660 1717 1708 1752 est
1721 1741 1732 1757 ‚
1757 1730 1799 1752 an
1818 1717 2027 1753 Manichaeus
2047 1716 2187 1760 coeperit

1290 1770 1413 1813 primus
1424 1769 1517 1802 istam
1530 1768 1646 1802 laetitiae
1668 1769 1795 1811 Legem
1817 1768 2025 1812 praevaricari.
2054 1767 2099 1801 Et
2118 1777 2186 1810 qua

1290 1819 1331 1853 de
1357 1820 1485 1853 causa?
1511 1816 1711 1860 Respondeo
1730 1817 1825 1852 fuisse
1851 1818 2007 1862 primum.
2045 1813 2206 1852 Etenim'

1290 1869 1381 1913 quod
1401 1877 1458 1902 aut
1480 1868 1596 1902 Simon
1619 1867 1767 1910 Magus,
1793 1878 1850 1902 aut
1872 1868 2099 1907 Valentinus,
2124 1875 2183 1900 aut

1291 1919 1447 1953 Marcion
1460 1942 1471 1958 ,
1498 1927 1556 1952 aut
1577 1928 1621 1950 ex
1631 1917 1777 1959 ipsorum
1792 1919 1876 1952 foece
1886 1918 1960 1961 quis
1970 1929 2052 1952 verae
2064 1917 2100 1950 in
2110 1916 2184 1950 Do-

1292 1970 1386 2003 mino
1395 1967 1514 2002 Carnis
1524 1978 1562 2000 ac
1574 1966 1835 2001 Resurrefflonis
1846 1968 2011 2002 inficiator
2034 1965 2120 2001 istud
2141 1976 2188 2000 at-

1291 2018 1423 2053 tentarit
1445 2042 1456 2058 ,
1493 2016 1624 2050 nullum
1646 2015 1786 2051 affirmat
1809 2016 2055 2052 Authenticum
2075 2015 2188 2050 Testi-

1293 2071 1468 2107 monium,
1496 2067 1587 2100 nulla
1609 2067 1777 2101 memoria.
1815 2064 1865 2101 Et‘
1881 2069 2008 2102 sandius
2031 2065 2188 2111 Augusti-

1294 2131 1355 2153 nus
1374 2118 1464 2151 istius
1488 2116 1666 2160 impietatis
1688 2116 1877 2151 Exordium
1898 2117 2016 2151 diserte
2030 2115 2186 2151 adscribit

1293 2167 1493 2202 Manichaeo.
1519 2166 1599 2209 Ejus
1620 2165 1879 2201 fundamentum
1896 2166 2035 2210 exponit
2047 2166 2081 2200 in
2095 2176 2190 2209 quar*

1295 2230 1329 2253 to
1342 2219 1499 2252 Sermone
1510 2217 1551 2250 de
1564 2215 1824 2262 Qadragefima
1836 2216 1984 2261 Magnus
1997 2216 2087 2259 Papa
2099 2215 2189 2249 Leo:

1296 2270 1393 2302 Nulla
1423 2279 1477 2300 vos
1505 2271 1686 2309 contagioms
1719 2266 1815 2308 hujus
1849 2265 1991 2311 aspergat
2019 2271 2163 2308 impietas
2177 2288 2190 2306 ,

1295 2324 1345 2361 qui
1362 2316 1420 2361 sua
1442 2316 1574 2350 maxime
1592 2313 1787 2358 observantia
1791 2318 1967 2358 polluuntur
1982 2341 1991 2356 ‚
2017 2315 2188 2359 servientes

1296 2373 1452 2401 Creaturae
1468 2367 1569 2408 potius
1580 2390 1591 2405 ,
1617 2368 1710 2407 quam
1724 2370 1885 2407 Creatori,
1911 2369 1946 2401 (9⁶
1970 2365 2188 2399 Luminaribus

1297 2420 1372 2451 Coeli
1389 2417 1514 2459 stultam
1530 2414 1740 2455 abstinentiam
1766 2417 1953 2450 devoventes
1973 2441 1984 2456 ,
2009 2427 2081 2458 quos
2105 2426 2194 2464 nemq

1297 2466 1430 2511 ambigat
1447 2467 1498 2510 effe
1519 2465 1704 2500 Manichaeos
1726 2490 1738 2507 ,
1771 2473 1825 2508 qui
1844 2473 1878 2500 in
1901 2466 2036 2500 honorem
2057 2466 2131 2499 Solis
2155 2475 2192 2497 ac

1299 2523 1396 2551 Lunae
1424 2519 1473 2550 die
1505 2519 1658 2551 DomInico
1684 2518 1719 2550 Θ
1741 2514 1873 2559 secunda
1899 2519 1995 2550 Feria
2021 2513 2195 2557 deprehensi

1292 2569 1413 2611 fuerint
1431 2568 1586 2609 jejunare.
1625 2570 1687 2599 Uno
1708 2572 1787 2600 enim
1803 2565 2014 2609 perversitatis
2031 2564 2098 2609 suae
2124 2573 2192 2607 ope-

2206 2248 2280 2288 Cap.
2299 2256 2326 2284 5.

351 2629 463 2657 cienter
473 2619 612 2661 instruere
634 2618 781 2660 cupiebat.
819 2622 892 2650 Non
910 2629 977 2661 ergo
997 2618 1170 2650 Solemntter
1191 2618 1238 2650 die
1299 2618 1389 2652 rebis
1403 2623 1512 2659 impii,
1538 2616 1585 2648 bis
1591 2616 1743 2658 prophani
1751 2614 1846 2659 sunt,
1860 2623 1912 2658 qui
1916 2618 2071 2657 jejunium
2077 2613 2167 2659 suum
2178 2638 2189 2655 ,

355 2677 511 2711 Dominico
519 2669 723 2712 jejunabant,
744 2666 804 2711 sed
813 2668 986 2710 necessarius
994 2664 1092 2709 sermo
1102 2690 1113 2706 ,
1123 2673 1174 2708 qui
1180 2666 1240 2706 stu-

355 2725 402 2756 dii
408 2721 617 2764 ferventiffimi
627 2718 805 2752 audiebatur
826 2718 933 2750 ardore
944 2741 955 2756 ‚
980 2715 1129 2757 reficiendi
1147 2725 1238 2758 corpo-

357 2779 402 2806 ris
423 2769 499 2814 caus
493 2783 513 2804 a
535 2769 797 2811 interrumpendus
810 2768 861 2811 effi’
872 2778 928 2800 non
941 2765 1024 2809 visus
1036 2765 1075 2806 est
1093 2766 1241 2808 profec‘lu-

1300 2668 1389 2702 &ad
1406 2668 1543 2699 Siderum
1555 2668 1686 2706 cultum,
1713 2668 1801 2699 &ad
1821 2665 2052 2710 ResurreHionis
2074 2662 2186 2705 Christi

1301 2717 1450 2758 instituere
1478 2724 1686 2757 contemptum.
1722 2715 1871 2751 Abdicunt
1902 2723 1982 2750 enim
2016 2719 2184 2750 Sacramen-

1302 2779 1330 2801 to
1352 2765 1462 2810 salutis
1488 2765 1630 2798 humanae
1656 2790 1666 2806 ,
1704 2767 1738 2798 (⁴5
1774 2765 1923 2806 Christum
1950 2771 2108 2800 Dominum
2132 2774 2182 2795 no-

358 2835 391 2856 ro
413 2821 538 2864 apostolo
551 2845 562 2861 ,
587 2826 638 2862 qui
649 2831 716 2858 eos,
737 2826 860 2860 propter
871 2819 945 2850 alios
950 2815 1020 2860 suos
1033 2815 1242 2860 usquequaque
1297 2818 1428 2860 strum„
1472 2824 1531 2849 tcut
1556 2821 1588 2848 in
1615 2821 1746 2848 veritate
1770 2823 1871 2849 carnis
1902 2817 2004 2857 nostrae
2043 2817 2190 2857 denegant

360 2870 510 2915 discursus
522 2895 532 2911 ,
556 2871 609 2904 vel
617 2870 695 2902 alias
706 2880 861 2911 nunquam
870 2868 924 2901 vel
930 2867 1072 2906 rarifflmi
1084 2865 1223 2907 visitabat
1234 2891 1242 2906 ‚

357 2920 527 2964 praesertim
537 2927 609 2963 quia
621 2930 689 2952 tunt
701 2930 740 2952 ex
750 2921 811 2952 illis
832 2925 923 2952 terris
945 2942 956 2958 ‚
980 2915 1049 2957 licut
1072 2915 1244 2959 consequen-

364 2978 409 3007 tia
421 2972 524 3004 docent
538 2996 548 3012 ‚
574 2978 618 3002 ita
630 2969 800 3013 discessurus
813 2977 880 3001 erat
893 2993 903 3006 ,
929 2977 962 3000 ut
965 2969 1036 3008 jam
1047 2978 1104 2999 non
1122 2968 1187 3011 efflet
1198 2978 1244 3000 eos
1259 2978 1262 2991 ι
1300 2973 1330 3014 J
1334 2970 1427 3008 ejunii
1444 2977 1564 2998 moerore
1587 2966 1791 2999 condemnant.
1831 2968 1975 3001 Omnem
1995 2965 2049 2998 die
2071 2963 2190 2997 Domi-

365 3027 397 3054 in
408 3032 495 3053 carne
506 3019 634 3063 visurus.
664 3024 703 3052 Ac
710 3028 767 3061 per
788 3018 838 3051 hoc
859 3024 956 3061 magis
974 3016 1132 3058 ostenditur
1147 3023 1246 3050 Domi-

369 3076 442 3103 nicis
456 3070 558 3103 diebus
567 3068 655 3112 solita
667 3071 729 3103 illis
741 3068 1017 3111 nonfuiffejejunia
1028 3092 1039 3106 ‚
1064 3073 1135 3109 quia
1150 3079 1186 3101 ne
1198 3066 1247 3100 boc

367 3121 534 3152 crederetur
547 3143 556 3158 ‚
583 3125 703 3152 curavit
713 3121 732 3152 5
733 3125 841 3160 criptor
853 3118 938 3151 Libri
960 3116 1079 3160 causam
1087 3119 1249 3159 producen-

369 3170 404 3201 de
410 3165 553 3211 sermonis
566 3176 731 3210 exponere.-
759 3172 796 3200 Ut
804 3167 945 3210 sciremus
958 3192 968 3208 ‚
988 3167 1019 3210 fi
1033 3169 1136 3210 aliqua
1159 3164 1248 3208 necesz

365 3217 443 3260 ,fitas
465 3223 577 3250 oriatur
598 3242 608 3257 ,
633 3224 791 3261 urgentiori
812 3219 924 3251 Attiani
941 3231 997 3251 non
1020 3220 1070 3261 effe
1085 3220 1249 3259 prandium

368 3266 611 3315 praeferendum:
640 3270 795 3310 ,Quamvis
806 3268 843 3299 ab
854 3268 914 3308 istis
930 3269 1093 3308 avidiffime*
1101 3270 1249 3302 audienti—

372 3317 429 3350 bus
440 3341 451 3358 ‚
476 3318 509 3350 ὁ·
517 3313 613 3358 ipsum
628 3319 750 3350 Fontem
760 3318 953 3359 cogitantibus
962 3318 1163 3360 profec‘lurum
1174 3343 1185 3358 ,
1202 3329 1248 3352 at-

373 3378 430 3410 que
440 3367 507 3399 ideo
517 3377 626 3408 magna
629 3365 679 3407 fiti
691 3390 700 3404 ‚
727 3377 784 3397 non
795 3378 882 3407 aquae
896 3391 906 3407 ,
927 3368 985 3410 sed
993 3368 1082 3401 Verbi
1087 3367 1146 3409 sine
1158 3371 1252 3403 sati-e-

376 3425 440 3450 tate
461 3416 610 3459 quidquid
627 3415 770 3455 influebat
790 3414 994 3450 haurientibus
1054 3430 1112 3451 non
1132 3429 1251 3452 tantum

1017 3444 1028 3459 2

375 3467 498 3505 carnale
504 3466 671 3507 prandium
682 3489 693 3505 ,
719 3465 824 3498 verum
834 3471 925 3500 etiam
936 3478 1016 3500 coena
1029 3478 1195 3512 contempta
1206 3468 1251 3511 est.

1305 2877 1409 2901 natum
1433 2890 1445 2906 ,
1470 2872 1515 2898 ita
1536 2866 1608 2898 vere
1631 2875 1778 2898 mortuum
1797 2878 1832 2900 ac
1844 2864 2029 2909 resurrexisse
2050 2875 2106 2897 non
2128 2874 2188 2895 cre-

1305 2921 1388 2951 dunt.
1416 2919 1463 2949 Et
1482 2915 1516 2948 ob
1539 2915 1590 2948 hoc
1608 2919 1696 2949 Diem
1707 2913 1819 2958 salutis·
1842 2928 1877 2950 ac
1894 2918 2010 2950 laetitiae
2025 2912 2129 2954 ,nostrae
2141 2911 2190 2956 fici

1310 3020 1384 3051 nico
1405 3016 1605 3060 jejunantem
1627 3015 1784 3050 Pontifex
1799 3017 1905 3051 sancit
1917 3016 1978 3052 effe
1988 3014 2166 3056 suspectum
2179 3038 2189 3052 ‚

1309 3067 1412 3102 immo*
1424 3066 1614 3100 convictum
1624 3065 1665 3099 de
1676 3066 1933 3100 Manichaeismo.
1960 3063 2062 3110 Qod
2085 3063 2190 3106 ipsum

1309 3119 1413 3152 sancit
1437 3116 1478 3150 de
1503 3116 1629 3149 cunetis
1655 3116 1883 3150 Sacro-San&
1905 3111 2113 3147 Eucharistiae
2131 3113 2190 3147 sub

1310 3169 1377 3202 sola
1390 3167 1482 3210 panis
1494 3166 1598 3210 specie
1610 3166 1848 3209 Sumptoribus.
1863 3166 1902 3198 ln
1915 3164 2032 3198 Literis
2043 3163 2083 3196 ad
2096 3162 2190 3196 Thu-

1310 3218 1430 3252 ribium
1459 3216 1702 3250 Asturicensem
1734 3217 1769 3248 in
1801 3214 1962 3257 Hispania
1990 3214 2190 3257 Episcopum

1313 3267 1421 3302 scribit
1442 3266 1484 3300 de
1498 3265 1772 3300 priscillianistis:
1814 3263 2062 3296 Priscillianistae
2084 3267 2188 3296 Nata-

1310 3320 1367 3351 lem
1390 3316 1520 3356 christi,
1546 3328 1632 3358 quem
1646 3313 1807 3358 fi'cundum
1820 3311 2030 3356 susceptionem
2052 3320 2118 3346 veri
2141 3313 2191 3346 ho-

1312 3374 1401 3401 minis
1423 3366 1577 3399 Catholica
1599 3363 1724 3406 Ecclefia
1743 3373 1903 3397 veneratur
1924 3388 1935 3404 ,
1971 3376 2026 3396 nen
2049 3364 2121 3397 vere
2141 3362 2190 3395 ho·
2209 3362 2339 3404 Epistqp-

1314 3426 1442 3456 norant,
1463 3415 1522 3459 sed
1536 3415 1676 3448 bonorare
1694 3412 1728 3456 se
1745 3412 1886 3455 fimulant
1907 3438 1917 3453 ,
1946 3416 2126 3454 jejunantes
2151 3424 2195 3445 eo·
2209 3415 2301 3442 »²234-

1314 3470 1381 3502 dem
1390 3469 1459 3508 die,
1478 3464 1654 3508 fhut&die
1665 3467 1832 3504 Dominico‚
1858 3470 1908 3505 qui
1925 3463 1962 3504 est
1974 3466 2039 3498 dies
2051 3461 2191 3505 Resurre-

2092 3512 2196 3545 tironis

2333 3121 2339 3134 a>
2332 3071 2346 3112 (tt
2323 3046 2346 3066 ,Q
2323 3017 2346 3033 Χ,
2320 2991 2342 3010 ³³»
