2346 3776
525 224 530 235 ,.
542 183 556 236 ’.
592 184 795 243 ΐοΚΝοΝ
810 189 854 231 ν’.
925 186 932 191 ’

295 248 331 295 Si
344 234 697 298 Episcopussdepositus
709 243 904 282 Romanum
917 245 1116 281 Pontificem
1127 254 1178 287 ap

344 300 529 345 pellaverit‚
539 299 660 343 poterit
669 297 725 332 hic
737 297 856 331 vicinis
866 296 1047 340 Epistopis,
1063 295 1096 328 ἅ.
1107 305 1178 327 cau-

343 353 381 384 sae
389 350 638 400 fogrtitiqnem,
650 348 682 390 ὅς
692 346 853 392 judicium
863 346 1001 386 deferre.
1031 344 1063 378 A
1076 355 1142 387 quo
1155 343 1175 376 fi

341 395 453 435 debu&
462 396 776 445 appelletur,poterit
787 395 1000 440 Presbyteros
1015 395 1033 428 a
1045 393 1177 438 proprio

342 452 442 486 latere
453 452 583 485 mittere
596 474 608 490 ‚
633 448 734 482 etiam
746 458 824 481 cum
833 446 1008 494 Episcopis
1019 444 1177 490 judicatu·
1207 454 1211 458 ·

341 501 457 541 ros‚uti
468 500 534 544 ejus
546 496 942 544 prudentiffimoconfilio
951 497 1056 531 visum
1073 494 1176 529 fuerit.

341 563 371 595 P'
388 557 474 598 ²95'
595 597 772 634 CANoN
799 597 877 640 vr.
1136 634 1138 636 r

292 652 326 687 Si
349 650 464 685 unicus
485 648 523 683 in
551 647 727 683 Provincia
748 648 785 682 fit
810 648 991 692 Episcopus
1014 671 1025 687 ‚
1051 645 1179 680 institu-

341 700 428 735 tioni
450 698 784 746 comprovincialium
804 698 934 741 nollens
947 696 1089 730 assentiri
1106 707 1119 736 ‚·
1146 695 1179 727 ὅ(

343 750 446 793 latens
466 760 602 794 rogatus
627 760 696 784 non
718 748 881 789 adfuerit,
910 746 1024 792 populi
1047 745 1179 787 Episcof
1232 764 1237 780 ⁴-

342 812 423 845 pum
440 799 637 847 postulantis
660 799 824 834 voluntati
850 797 984 832 satisfiat
1008 819 1015 827 .
1054 794 1106 827 Ex
1135 794 1181 827 vi-

342 852 419 887 cina
446 851 591 895 'quoque'
612 849 787 884 Provincia
808 860 851 883 ex
888 844 1113 888 Metropolitae
1133 843 1179 877 in-

340 901 514 936 stitutione
545 910 675 944 oportet
710 900 892 944 Episcopos
920 895 1062 930 accersiri
1084 920 1092 927 .
1139 894 1177 927 In

344 952 436 996 pagis
471 959 527 985 aut
549 949 693 993 oppidis
715 946 897 991 Episcopus
926 957 969 992 ne
998 945 1179 983 statuatur,

336 1002 391 1043 sed
413 1001 450 1034 in
463 998 617 1034 Urbibus
639 1023 651 1039 ,
677 997 734 1033 ubi
757 1008 834 1032 ante
853 995 917 1030 hae
928 997 1019 1029 fuere
1034 1019 1045 1036 ‚
1072 1005 1127 1028 aut
1140 994 1179 1028 de

336 1060 427 1084 novo
449 1049 486 1083 in
505 1047 614 1083 Urbe
625 1047 806 1082 admodum
830 1046 1006 1091 populosa.
1045 1057 1074 1089 p.
1101 1054 1176 1092 297.

593 1096 770 1142 QANON
796 1097 882 1138 Vll.

286 1149 442 1194 Episcopi
451 1145 1115 1194 pauperibus,viduis,&c.0pituleutut-Ad
1126 1156 1177 1178 au-

336 1201 402 1234 lam
413 1200 474 1234 'ni'fi
489 1200 530 1234 ab
544 1199 743 1243 Imperatore
759 1197 975 1240 accersiti‚vel
988 1195 1176 1231 n'eceffitati·

335 1250 396 1291 bus
415 1251 604 1294 oppressorti
616 1249 801 1284 subventuri
814 1258 881 1281 non
895 1246 1095 1289 accedantp.
1101 1254 1176 1293 300.

464 1300 468 1304 ’
591 1297 767 1334 CANON
794 1297 887 1332 V111.
1106 1297 1110 1301 ’

288 1351 473 1395 Episcopus
486 1375 498 1393 ,
508 1350 529 1383 si
542 1349 622 1392 quid
633 1348 820 1391 Principem
831 1356 985 1392 rogatum
996 1346 1077 1380 velit
1087 1371 1097 1386 ,
1110 1357 1178 1391 pre-

334 1411 387 1434 ces
399 1412 454 1445 per
466 1401 635 1444 proprium
647 1398 759 1433 mittat
767 1398 960 1433 Diaconum
970 1422 977 1430 .
1004 1405 1120 1445 p-3Ot.

596 1447 772 1483 CANON
798 1447 859 1480 IX.

287 1500 444 1544 Episcopi
476 1498 625 1544 precibus
648 1498 872 1542 Metropolitae
902 1497 943 1532 ad
975 1497 1174 1541 Episcopum

336 1551 403 1585 loci
424 1574 435 1590 ,
462 1551 497 1584 in
521 1561 589 1593 quo
601 1549 758 1592 Princeps
775 1548 868 1593 agit,
894 1548 1175 1582 commendatitiae

335 1600 559 1645 adjungantur
573 1624 580 1632 .
607 1598 804 1634 Amicorum
826 1598 862 1632 in
874 1598 949 1632 aula
975 1598 1098 1642 poterit
1121 1609 1175 1632 au—

336 1650 462 1684 xilium
476 1650 660 1693 implorari.
691 1650 864 1683 Diaconus
884 1649 905 1681 fi
919 1648 1064 1683 Romam
1088 1658 1172 1682 tran·

342 1702 409 1734 seat
421 1724 432 1740 ‚
459 1711 568 1744 preces
589 1699 748 1734 Pontifici
761 1698 999 1734 examinandas
1012 1697 1149 1741 praebeat
1163 1709 1173 1728 .-

294 1759 297 1763 ’
336 1750 355 1784 ὲ
366 1761 434 1794 quo
446 1749 486 1784 ad
500 1750 711 1784 Comitaturn
724 1750 900 1783 mittantur
912 1773 919 1780 .
951 1761 980 1793 p.
996 1759 1074 1797 302.
1146 1776 1148 1783 .

607 1799 782 1841 CANON
810 1800 852 1834 X.
1004 1802 1008 1803 ⁷

289 1850 421 1892 Laicus,
435 1850 491 1884 nifi
505 1850 664 1890 Lectoris,
676 1850 822 1884 Diaconi
837 1874 847 1890 ‚
859 1849 893 1883 δε
904 1847 1091 1891 Presbyteri
1106 1859 1174 1882 mu-

334 1912 412 1935 nere
426 1901 633 1944 prefundhis,
647 1900 831 1942 Episcopus
843 1909 910 1930 non
923 1898 1141 1931 constituatur
1166 1922 1172 1928 .

336 1949 426 1994 Inter
443 1949 575 1992 ordines
585 1959 687 1992 quoq,
699 1947 871 1982 interstitia
881 1947 1054 1989 serventur.
1060 1957 1088 1990 p.
1094 1955 1170 1995 303.

597 1997 772 2032 CANON
801 1996 861 2028 XI.

288 2049 469 2093 Episcopus
482 2048 566 2083 ultra
576 2056 640 2081 tres
652 2045 890 2080 Hebdomades
901 2068 913 2085 ‚
935 2044 994 2079 nifi
1007 2044 1173 2079 necessitas
1194 2043 1195 2046 ’

334 2109 473 2144 urgeat,
498 2098 517 2132 a
530 2099 586 2132 sua
600 2097 741 2130 Ecclesia
755 2107 823 2130 non
843 2094 922 2129 absit
940 2121 948 2129 .
974 2106 1003 2138 p.
1019 2104 1097 2142 305.

378 2149 383 2152 ⁴
594 2145 769 2181 CANON
796 2138 871 2178 XlI.

285 2199 471 2245 Episcopus
492 2196 610 2243 praedia
636 2198 688 2230 sua
703 2197 738 2230 in
750 2196 857 2230 aliena
877 2195 1017 2229 Dioecefi
1047 2204 1173 2228 curatu-

335 2261 388 2293 rus
398 2248 556 2291 accedens
567 2272 579 2288 ,
606 2249 641 2281 in
653 2246 796 2280 Ecclesia
808 2246 907 2280 rurali
920 2246 1067 2288 proxima
1084 2246 1106 2277 fi
1126 2246 1172 2279 ul-

334 2308 385 2334 tra
399 2309 463 2334 tres
475 2299 671 2342 septimanas
684 2296 808 2338 ibidem
832 2305 1076 2342 commoretur,
1101 2296 1173 2329 offi-

335 2350 387 2384 cia
410 2348 525 2383 divina
548 2348 668 2383 obeat·
695 2359 726 2391 p.
745 2346 822 2395 306.

591 2397 767 2432 CANON
793 2396 883 2431 xm.

287 2449 438 2483 Clericus
463 2449 483 2482 ὁ,
503 2447 563 2482 suo
585 2444 752 2491 Episcopo
774 2444 1104 2486 excommunicatus,
1129 2444 1170 2480 ab

336 2499 440 2532 altero
453 2508 524 2531 non
541 2497 734 2539 recipiatur.
766 2497 847 2530 ibid.

308 2592 310 2594 .
523 2588 525 2590 Ι
591 2545 766 2582 CANON
790 2545 886 2580 XIV.

290 2597 425 2633 Clerico
440 2622 451 2640 ‚
474 2596 532 2641 qui
545 2596 662 2641 injuste
672 2607 713 2631 ex
725 2596 868 2629 Ecclesia
893 2594 1019 2630 videtur
1030 2594 1146 2639 ejectus
1156 2619 1166 2635 ‚

338 2648 380 2682 ad
393 2647 648 2691 Metropolitam
667 2671 679 2687 ‚
705 2645 755 2681 vel
771 2657 811 2680 eo
825 2645 981 2686 absente,
1007 2645 1048 2680 ad
1070 2646 1169 2679 finiti-

340 2709 435 2732 mum
451 2698 651 2741 Episcopum
665 2697 741 2730 licet
752 2697 940 2740 confugere.
968 2695 1167 2739 Appellatio-

340 2760 383 2782 ne
395 2747 560 2791 pendente
570 2771 582 2788 ‚
607 2758 649 2782 ne
662 2746 721 2780 fibi
739 2746 1011 2780 communionem
1023 2754 1151 2790 arroget
1164 2770 1170 2777 .

340 2807 418 2842 170.
447 2797 480 2831 Si
493 2797 570 2832 vero
580 2808 621 2831 ex
634 2796 778 2840 superbia
790 2808 858 2830 rem
883 2795 979 2830 illum
1002 2796 1171 2829 attentasse

343 2847 538 2888 constiterit,
549 2846 770 2883 acerbioribus
780 2846 885 2881 verbis
895 2850 1047 2891 arguatur-
1068 2855 1169 2893 p.307

590 2896 765 2931 CANON
792 2896 870 2931 XV.
1109 2898 1113 2900 “

292 2945 416 2990 Nullus
428 2944 605 2990 Episcopus
614 2947 783 2981 Clericum
793 2947 859 2980 fine
878 2946 1038 2981 consensu
1049 2945 1169 2990 proprii

294 3000 297 3002 '
343 2994 522 3038 Episcopi,
548 2992 588 3029 ex
601 2997 704 3031 aliena
716 2995 878 3031 Parochia
899 2997 1030 3031 ordinet
1047 3020 1055 3028 .
1082 2996 1171 3041 Ejus-

343 3044 437 3079 modi
457 3044 622 3085 ordinatio
642 3048 727 3080 irrita
738 3047 942 3081 existimetur
954 3071 961 3079 .
989 3059 1018 3091 p.
1035 3043 1113 3094 303-

596 3094 768 3130 CANON
794 3096 888 3130 XVI.

297 3144 346 3178 Ea
365 3143 493 3180 decreta
517 3168 529 3185 ,
554 3155 623 3186 quae
643 3144 683 3178 de
706 3145 876 3190 Episcopis
896 3146 1074 3181 constituta
1096 3147 1169 3180 sunt

345 3193 487 3228 Canone
497 3194 688 3234 undecimo,
698 3195 860 3231 serventur
872 3198 905 3230 in
919 3197 1056 3231 Clericis
1067 3195 1170 3230 Thes-

346 3243 528 3279 salonicam
549 3242 817 3278 confluentibus.
841 3247 920 3282 ibid.

597 3292 771 3328 CANON
797 3292 907 3328 XVII.

295 3337 476 3387 Episcopus
488 3337 606 3386 injuste
618 3342 691 3377 sede
701 3341 811 3387 pulsus
821 3343 862 3377 ab
881 3345 953 3380 aliis
964 3343 1106 3393 benigne
1117 3357 1170 3380 ex-

345 3392 504 3438 cipiatur.
530 3403 652 3440 p.312.

387 3442 389 3444 ’
575 3441 752 3478 CANON
778 3443 905 3479 XV111.

298 3492 611 3537 ClericiaMusaeQ
636 3492 894 3540 &Eutychiano
915 3495 1059 3531 ordinati
1080 3497 1171 3533 susci-

396 3542 530 3588 piantur
543 3569 550 3576 .
576 3542 656 3583 ibid.

1419 238 1421 241 Ι
1542 190 1837 231 CANoN‘xlx.
2098 235 2102 237 .

1241 241 1361 279 Clerici
1374 243 1414 278 ad
1427 244 1587 280 Ecclefias
1602 247 1679 285 ‚‘ad
1691 258 1770 290 quas
1781 240 1945 282 nominati
1958 248 2031 283 sunt
2045 274 2055 289 ‚
2080 259 2127 285 re·v
2157 286 2163 294 ἱ

1290 293 1360 327 dire
1382 295 1553 335 nolentes,
1580 307 1648 328 non
1673 297 1913 332 admittantur:
1941 297 2124 342 Eutychia·
2158 299 2169 335 'z

1290 353 1373 390 nuS,
1398 355 1436 378 ac
1468 345 1611 391 Musaeus
1628 355 1755 393 >nomen
1767 347 1924 395 Episcopi
1940 360 2009 383 non
2035 350 2123 383 usur-

1291 402 1388 437 pent.
1415 395 1516 429 Laica
1542 396 1765 438 communio,
1786 397 1811 431 fi
1838 398 2012 442 petiverint
2041 423 2054 440 ,
2079 411 2122 434 ne

1292 444 1494 489 denegetur,
1521 445 1600 485 ibid.

1377 498 1380 501 ’
1537 494 1711 533 CANON
1739 495 1815 530 XX.

1243 543 1276 578 Si
1298 543 1372 588 quis
1404 543 1560 580 Canones
1579 548 1679 581 fuerit
1707 546 1949 590 praevaricatus,
1975 549 2123 584 criminis

1231 615 1235 619 -
1293 605 1370 634 reus
1390 594 1435 628 est
1447 619 1459 636 ,
1483 596 1518 635 §c
1528 597 1742 641 Episcopatus
1757 595 1918 631 honorem
1931 623 1942 639 ‚
1967 611 2005 634 ac
2015 599 2123 643 digni-

1293 654 1393 679 tatem
1404 644 1551 679 amittat.
1584 645 1768 691 Episcopus
1780 645 1837 690 qui
1856 646 1972 681 viderit
1990 649 2124 692 Episco-

1293 706 1373 738 pum
1385 695 1425 728 ad
1437 696 1548 730 aulam
1574 697 1785 731 accedentem
1799 720 1810 735 ,
1837 707 1879 729 ne
1890 696 1920 730 ei
1936 696 1975 730 fit
1986 698 2124 741 impedi-

1295 755 1430 778 mento:
1457 746 1479 778 fi
1493 746 1597 789 secus;
1624 759 1685 782 nec
1695 748 1765 790 ejus
1776 741 1893 780 litteris
1915 746 2093 781 subscribat
2110 771 2123 796 ³

1294 804 1354 828 nec
1375 806 1452 829 oum
1463 806 1504 829 eo
1525 796 1769 833 communicet.
1797 808 1827 840 p.
1844 792 1883 843 gi
1892 806 1923 844 3.

1299 893 1426 937 Synopfis
1437 899 1592 934 Canonum
1603 900 1624 931 5
1619 899 1708 938 ynodi
1718 896 2053 939 constantinopolitana
2063 924 2070 930 .

1548 996 1742 1033 ‘CANON
1768 997 1792 1030 1.

1244 1044 1340 1082 Fides
1353 1045 1486 1081 Nicaena
1498 1057 1564 1082 rata
1585 1058 1795 1092 permaneat,
1818 1057 1969 1091 oportet.
1997 1047 2122 1082 Omnis

1293 1106 1402 1129 autem
1434 1095 1555 1131 haerefis
1572 1098 1872 1133 anathematizetur
1897 1121 1910 1138 ,
1952 1098 2123 1141 speciatim

1294 1146 1605 1187 Eunomhnoruin,
1627 1148 1690 1180 δίε.
1716 1159 1747 1190 p.
1762 1158 1839 1194 329.
1875 1175 1877 1177 .
2131 1150 2136 1156 '

1553 1195 1729 1231 CANON
1753 1197 1796 1230 11.

1245 1246 1396 1291 Episcopi
1408 1246 1465 1279 fibi
1477 1244 1634 1288 subjectas
1645 1245 1804 1279 Ecclefias
1815 1246 2011 1291 gubernent·
2039 1246 2124 1286 Non,

1293 1296 1519 1330 invitatiultra
1531 1295 1706 1330 Dioecefim
1731 1307 1799 1329 non
1811 1296 1988 1329 accedant.
2015 1296 2135 1338 Syna...

1291 1347 1351 1381 dus
1372 1344 1589 1380 Provincialis
1611 1345 1752 1390 singulas
1770 1345 1962 1379 Provincias
1985 1345 2125 1379 admini-

1290 1397 1384 1430 stret.
1411 1395 1567 1439 Antiquae
1577 1394 1710 1429 Parrum
1733 1395 1991 1430 consuetudines
2011 1394 2047 1428 in
2060 1395 2123 1430 Ec-

1290 1447 1391 1481 cleliis
1401 1446 1575 1480 barbaricis
1590 1446 1756 1480 serventur
1769 1471 1777 1478 .
1804 1458 1834 1490 p.
1853 1457 1871 1494 3
1877 1455 1932 1493 30.

1560 1495 1733 1532 CANON
1760 1496 1817 1529 111.

1241 1548 1382 1583 Ecclesia
1416 1547 1789 1590 Constantinopolitana
1821 1545 1893 1591 post
1931 1548 2122 1583 Romanam

1289 1600 1466 1646 primatum
1477 1596 1613 1632 habeat.
1641 1608 1670 1640 p.
1685 1607 1706 1642 3
1714 1607 1731 1644 3
1736 1607 1767 1643 3.

1539 1645 1711 1684 CANON
1739 1647 1799 1682 N.

1239 1699 1411 1732 Maximus
1423 1698 1572 1742 Cynicus
1592 1708 1652 1731 nec
1663 1698 1726 1731 fuit
1740 1721 1751 1737 ,
1780 1710 1840 1732 nec
1853 1699 1898 1732 est
1918 1698 2120 1742 Episcopus:

1287 1749 1472 1792 Omnisque
1484 1747 1526 1783 ab
1536 1758 1578 1783 eo
1589 1756 1749 1783 attentata
1767 1748 1936 1789 ordinatio
1965 1749 2010 1783 est
2022 1748 2121 1793 plane

1289 1799 1378 1833 irrita
1392 1823 1399 1831 .
1443 1810 1473 1843 p.
1488 1808 1566 1846 335.

1563 1845 1738 1880 CANON
1765 1847 1808 1881 V.

1240 1894 1468 1938 Andocheni,
1493 1895 1550 1940 qui
1563 1906 1664 1930 unam
1687 1896 1747 1930 S.S.
1760 1894 1940 1929 Trinitatis
1952 1893 2122 1929 Deitatem

1286 1946 1511 1987 confitentur,
1539 1945 1574 1980 in
1586 1946 1859 1983 communionem
1885 1945 2100 1989 suscipiantur
2113 1969 2122 1978 .

1311 2022 1317 2027 .
1383 2000 1414 2029 6.

1288 2007 1309 2045 P
1333 2004 1377 2043 33
1537 2041 1713 2080 CANON
1738 2044 1797 2079 VI.

1237 2095 1390 2144 Qilibet
1412 2092 1516 2138 potest
1539 2095 1574 2127 in
1600 2095 1800 2139 Episcopum
1834 2095 1977 2130 civiliter
1999 2106 2119 2140 agere,

1292 2145 1506 2180 criminaliter
1524 2145 1674 2178 accusare
1696 2156 1764 2179 non
1780 2147 1912 2189 poffunt
1931 2146 2087 2180 Haeretici
2108 2169 2120 2185 ‚

1284 2195 1564 2230 excommunicati
1577 2217 1588 2234 ,
1610 2194 1651 2228 de
1663 2195 1801 2230 crimine
1813 2195 1961 2230 damnati
1976 2220 1983 2228 .
2010 2197 2119 2229 Dum«

1285 2255 1374 2281 taxat
1383 2244 1523 2279 accusati
1556 2244 1653 2278 etiam
1668 2245 1873 2280 Clericorum
1893 2245 2118 2280 accusationes

1284 2307 1353 2330 non
1366 2295 1599 2336 admittentur,
1613 2295 1672 2328 nifi
1697 2296 1728 2328 se
1740 2295 1884 2330 insontes
1897 2295 2115 2330 ostenderint.

1283 2344 1567 2388 Primajudicialis
1586 2343 1628 2378 de
1640 2345 1805 2388 Episcopo
1827 2345 1981 2379 instantia
2003 2355 2117 2378 coram

1284 2395 1490 2434 Provinciae,
1515 2394 1655 2428 secunda
1676 2406 1787 2429 coram
1810 2395 1992 2434 dioecesos‚‘
2019 2395 2115 2433 tertia

1287 2457 1398 2481 coram
1410 2444 1556 2490 generali
1568 2443 1706 2487 Synodo
1717 2446 1775 2480 fiat
1785 2454 1927 2489 oportet,
1943 2443 2022 2490 236.
2050 2443 2118 2478 Ac-

1284 2497 1412 2530 cusator
1423 2504 1554 2539 poenam
1565 2493 1700 2530 talionis
1710 2495 1815 2529 subire
1824 2495 1861 2528 fit
1873 2503 2000 2538 paratus
2014 2518 2020 2525 .
2047 2491 2118 2528 Nm·

1281 2557 1363 2586 mo,
1390 2544 1455 2580 hoc
1479 2555 1548 2578 non
1572 2544 1697 2578 servato
1718 2544 1857 2584 ordine,
1882 2545 2114 2588 Imperatorem

1282 2596 1397 2636 adeat,
1424 2605 1480 2630 aut
1506 2594 1722 2629 universalem
1744 2594 1916 2640 Synodum
1928 2593 2091 2638 perturbet
2105 2618 2112 2626 .

1359 2653 1380 2696 3
1534 2694 1709 2731 CANON
1736 2695 1812 2730 VII.
2109 2721 2120 2728 .

1235 2745 1377 2786 Ariani,
1404 2744 1667 2784 Macedoniani,
1693 2744 1932 2786 Sabbuhiani,
1958 2745 2114 2780 Novaria·

1285 2797 1422 2836 nenses,
1448 2795 1732 2830 Teffaradecatitae
1754 2820 1765 2836 ,
1790 2796 1824 2830 δε
1848 2795 2090 2840 Apollinaristae
2105 2822 2116 2838 ‚

1282 2846 1468 2881 Chrismate
1490 2845 1608 2890 signati
1621 2845 1740 2890 absque
1757 2845 1924 2890 Baptismo
1946 2846 1979 2879 in
2003 2840 2115 2879 Ecclei

1281 2897 1324 2931 fia
1344 2895 1545 2939 recipiuntur
1574 2907 1581 2927 ε
1608 2895 1661 2929 sed
1682 2896 1887 2930 Eunomiani
1904 2920 1916 2936 ,
1941 2894 2114 2929 Montani-

1283 2946 1338 2980 stae
1349 2970 1361 2987 ‚
1386 2957 1424 2980 ac
1439 2945 1618 2979 Sabelliani
1635 2945 1841 2990 baptizantur
1853 2971 1861 2979 .
1887 2957 1918 2990 p.
1933 2953 2009 2994 340.
2102 2948 2105 2950 ’

1385 3046 1543 3080 Duodmm
1561 3046 1664 3080 sanein·
1687 3048 1788 3087 cyrilli
1798 3045 1943 3090 eapimla
1952 3066 1962 3075 .

1493 3145 1803 3183 CAPITULUM
1829 3146 1854 3179 1.

1234 3196 1394 3230 Emanuel
1422 3207 1514 3230 verus
1525 3199 1617 3232 Dens
1639 3198 1706 3238 est,
1731 3197 1766 3230 δε
1779 3195 1824 3229 ob
1850 3193 1882 3228 id
1901 3193 2056 3238 svirgo
2067 3194 2113 3228 est

1282 3246 1425 3290 Deipara
1452 3260 1459 3279 :
1487 3246 1546 3281 illa
1575 3248 1666 3282 enim
1685 3245 1820 3280 verbum
1846 3245 1911 3278 Dei
1936 3244 2114 3278 secundum

1283 3307 1437 3337 carnem,
1463 3298 1516 3330 seu
1540 3296 1781 3331 humanitatem
1811 3294 1946 3340 genuit.
1965 3300 2004 3337 p.
2031 3293 2115 3341 3692

1236 3396 1386 3431 Verbum
1397 3397 1465 3431 Dei
1480 3395 1661 3431 secundum
1673 3393 1869 3438 hypostasim
1882 3392 1928 3428 est
1941 3392 2031 3427 carni
2041 3393 2115 3426 uni-

1284 3455 1356 3481 tum
1369 3473 1376 3480 .
1404 3448 1507 3482 Unus
1517 3446 1564 3481 est
1578 3444 1726 3481 Christus
1739 3469 1749 3484 ‚
1775 3445 1867 3478 Deus
1879 3444 1973 3478 firnul
1986 3468 1998 3484 ,
2011 3443 2044 3477 &
2055 3441 2117 3482 hoq

1286 3508 1360 3531 mo.
1386 3509 1416 3541 p.
1439 3508 1517 3546 373.
1959 3540 2067 3577 CAP-
