2346 3776
57 1740 184 1820 {2¹21ss
236 1792 274 1815 re
295 1780 407 1814 scribit
427 1781 463 1814 in
484 1779 653 1824 originum
663 1779 749 1817 libro
761 1775 892 1816 Sanetus
902 1780 1040 1814 Isidorus
1049 1779 1108 1814 Ar·

555 141 865 204 Scirorum
889 157 970 194 ET
995 149 1700 194 N0T1sinLusTR‘A1-UM·

1864 144 1968 205 1'95'

230 228 386 273 enema?
403 259 416 277 ‚
450 228 550 278 disum
574 226 621 273 ‘est
636 233 702 266 iiico
720 230 997 265 concilii‘toletani
1016 235 1102 265 tertii-
1166 228 1242 263 dem
1257 228 1364 273 operis
1373 226 1479 268 libro,
1505 225 1682 268 nonnulli,
1693 235 1727 260 ut
1737 231 1959 276 Mandonium,
1979 238 2037 277 pei·

236 288 382 322 Patribus
403 309 414 326 ,
437 292 472 318 ut
485 291 654 327 peromnes
678 280 834 325 Hispaniae
859 281 894 314 et
915 282 1023 315 Galliae
1042 284 1100 315 Ec-

231 337 350 379 elefias,
376 335 526 368 orientali
547 344 625 367 more
652 331 1005 373 constantinopolitanum
1025 335 1099 371 sym·

232 385 327 422 bulum
335 391 524 419 recitaretur.
553 383 597 418 Et
607 384 696 417 suam
707 381 912 416 assertionem
924 381 1030 415 firmat
1046 393 1101 415 au-

230 437 377 472 &oritate
397 432 528 478 josephi
550 433 620 467 vice
631 432 794 480 Comitis.
821 430 911 465 Istud
933 431 1036 474 ipsum
1062 432 1097 465 in

231 484 457 530 Apologetico
477 495 535 528 pro
554 482 746 518 Florentina
766 480 905 524 Synodo
931 481 1100 515 adversum

230 533 339 570 Marci
365 532 519 578 Ephesini
546 530 792 576 Archiepisc'opi
818 531 1000 565 calumnias
1040 532 1099 565 res-

229 586 336 630 ponso
346 583 445 618 docet
466 582 624 627 Iosephus
643 580 868 616 Methouenfis
888 581 1068 625 Episcopus
1089 595 1099 614 .-

230 634 365 679 Schisma
375 643 493 670 centum
507 633 572 676 post
594 631 755 677 septimam
775 632 918 669 synodum
937 637 1036 665 annis
1055 642 1101 663 or-

231 694 296 719 tum
316 684 355 726 est
375 683 546 718 Auc‘loribus
567 682 708 716 Michaele
728 685 908 723 Imperatore
931 683 974 716 (ν’
996 680 1100 714 Photio

231 733 417 770 Patriarcha
431 757 441 775 ,
453 734 612 773 symbolum
631 735 702 766 vero
718 731 780 773 post
786 730 946 774 secundam
959 732 1100 770 synodum

232 786 370 818 Romana
390 783 515 818 canebat
535 781 682 825 Ecclefia,
700 781 774 824 ficut
794 780 878 815 hodie
900 788 982 814 canit
999 805 1010 821 ,
1035 779 1102 820 teste

233 838 355 880 Georgio
365 833 488 874 Armine
498 857 510 873 ,
534 841 568 866 ut
579 833 712 865 diximus
725 857 732 864 .
761 831 841 874 Ejus
859 832 1022 874 superiora
1036 841 1102 864 ver-

232 885 294 925 be,
322 885 397 918 sunt
417 882 504 917 haec:
530 878 604 916 Non
618 880 712 924 filum
733 890 803 915 ante
815 880 947 924 Schisma
964 879 1102 922 Ecclefia-

231 937 299 968 rui'n
307 931 470 976 appaefitum
479 940 545 966 erat
555 931 700 972 symbolo,
721 930 859 974 sedante
876 930 958 974 ipsus
979 931 1101 970 synodos

232 988 460 1022 oecumenicas,
480 980 642 1025 septimam
671 983 736 1015 dico
751 1007 762 1022 ‚
788 983 822 1015 <St
835 979 980 1024 sextam,
1005 990 1039 1015 ut
1063 988 1103 1013 te-

225 1032 324 1074 statur
333 1031 482 1074 confessor
506 1037 656 1065 maximus
677 1038 711 1064 in
732 1031 865 1074 Epistola
890 1033 935 1065 ad
954 1034 1106 1064 Marinum

232 1083 440 1122 Presbyterum
449 1086 603 1125 Cyprium.
633 1086 699 1115 Nec
707 1090 779 1114 ante
790 1083 861 1114 illas
883 1083 1026 1122 tantum,
1045 1078 1105 1124 sed

231 1146 303 1166 mox
324 1135 344 1165 ci
359 1131 490 1175 secunda
510 1133 618 1170 synodo
630 1156 641 1172 ,
667 1139 793 1174 tempore
804 1130 1046 1173 DamafiPapae,
1069 1139 1104 1163 ut

231 1183 330 1226 afferit
352 1186 492 1226 Georgius
514 1181 657 1222 Aristium
678 1181 835 1222 Historicus
855 1206 862 1213 .
890 1181 1002 1215 Etiam
1020 1181 1103 1215 infra

231 1232 345 1267 scribit
367 1246 377 1266 .·
405 1235 521 1276 Dogma
538 1230 590 1265 hoc
610 1237 709 1274 utique
744 1231 846 1270 Sanffl
874 1233 1006 1273 Spiritus
1035 1238 1104 1273 pro-

233 1282 304 1323 offo
322 1284 343 1314 ’ἃ
365 1284 459 1315 Patre
484 1282 628 1321 &Filio‚
654 1277 710 1313 tion
732 1279 770 1319 est
779 1291 910 1320 novum,
936 1281 1000 1313 cum
1014 1278 1102 1324 usque

231 1334 254 1364 ἃ
257 1331 391 1375 secunda
401 1331 509 1369 synodo
513 1328 554 1370 fit
578 1330 614 1363 &
633 1338 769 1363 cantetur
793 1334 827 1363 in
846 1333 985 1363 Romana
1005 1331 1103 1364 Eccle-

225 1379 291 1424 [α.
319 1380 471 1415 Affirmat
494 1378 588 1414 duo„
610 1377 726 1414 Primo
747 1380 836 1424 quod
856 1379 1103 1415 contentiosum

232 1429 386 1474 Symboli
403 1429 664 1466 additamentum
678 1429 767 1474 Papa
778 1430 940 1464 Damasus
960 1430 1071 1465 fecerit
1094 1454 1105 1470 ,

231 1489 332 1526 atque
343 1481 389 1515 ita
401 1475 811 1523 Constantinopolitanum
821 1479 1019 1523 Symbolum
1036 1491 1104 1514 cor-

231 1530 361 1565 rexerit.
383 1528 536 1565 Secundo
546 1529 636 1575 quod
647 1529 846 1573 Symbolum
855 1541 933 1564 cum
945 1529 1006 1566 isto
1017 1529 1109 1564 addi-

231 1588 383 1617 umento
407 1580 530 1615 cantari
553 1579 677 1624 jusserit
693 1605 702 1614 .
737 1579 879 1615 Videtur
904 1581 1107 1624 supponere,

231 1639 333 1673 atque
344 1629 476 1665 asserere
486 1629 576 1674 quod
586 1629 737 1674 Symboli
748 1630 902 1665 Romana
922 1630 964 1665 ad
974 1631 1107 1666 Missam

216 1674 220 1678 ’
233 1680 424 1715 decantatio
434 1681 473 1714 sit
484 1681 602 1715 Sansto
613 1680 758 1715 Damaso
771 1681 938 1723 antiquior
949 1704 957 1713 .

287 1729 337 1764 At
346 1740 471 1765 certum
481 1729 526 1765 est
546 1741 663 1765 omnes
683 1741 786 1765 errare
798 1756 806 1764 .
833 1731 968 1766 Etenim
989 1730 1030 1765 de
1046 1727 1108 1764 hac

237 1829 464 1877 chiepiscopus
484 1829 687 1873 Hispalensis
707 1843 715 1862 z
751 1832 885 1864 Secunda
905 1831 1036 1869 synodus
1062 1830 1111 1863 de-

238 1881 287 1914 dit
311 1879 433 1919 symbol!
460 1878 597 1921 formam
622 1904 634 1920 ,
670 1891 761 1923 quam
784 1889 849 1914 tota
884 1883 1052 1914 Graecorum
1076 1880 1111 1913 &

241 1933 422 1963 Latinorum
459 1929 584 1971 cotrfffo
617 1935 650 1963 in
674 1928 811 1972 Ecclefiis
841 1931 994 1972 praedrcaee
1020 1955 1027 1962 .
1067 1930 1111 1963 Et

235 1980 276 2013 in
291 1978 481 2014 Chronico:
501 1979 647 2025 Justinus
667 1983 766 2012 Minor
784 1991 822 2014 ea
835 2005 846 2021 ,
873 1992 941 2023 quae
962 1978 1111 2023 adversus

238 2031 383 2068 synodum
393 2028 659 2072 chalcedonensem
662 2029 792 2071 fuerant
803 2031 898 2071 edita,
912 2029 1067 2070 distruxit,
1078 2030 1113 2063 Θ

238 2080 400 2119 symbolum
422 2087 539 2113 centum
564 2085 782 2124 quinquaginta
820 2082 949 2114 Patrum
973 2079 1113 2122 sacrificii

238 2137 367 2172 tempore
386 2130 593 2162 concinendum
618 2130 726 2172 populo
739 2136 901 2173 pra-cepit.
929 2130 974 2164 Et
996 2131 1032 2164 in
1055 2129 1114 2173 pri-

65 2198 139 2236 ρῳ,
157 2199 201 2228 ,6,
237 2190 297 2214 mo
308 2178 350 2213 de
360 2178 590 2213 Ecclefiasticis
599 2180 718 2214 officiis
727 2179 831 2215 libro:
856 2180 1017 2220 symbolum
1036 2180 1116 2222 quod

238 2237 367 2271 tempore
391 2228 534 2270 sacrificii
568 2230 676 2272 populo
705 2232 909 2272 praedicatur,
938 2229 1111 2263 Sanctorum

239 2281 370 2314 Parrum
387 2288 581 2313 trecentorum
599 2281 698 2314 decem
719 2281 754 2314 <St
771 2281 831 2314 0670
858 2282 1008 2315 collatione
1032 2281 1117 2323 apud

239 2330 382 2368 synodum
401 2333 563 2363 Nicaenam
583 2329 622 2370 est
642 2332 773 2364 editum.
800 2330 846 2365 Et
867 2330 907 2365 de
918 2330 1016 2365 Petro
1027 2331 1115 2365 Cna-

238 2378 349 2422 pheo,
375 2380 432 2422 qui
454 2379 513 2413 sub
529 2379 677 2414 Zenonis
700 2380 843 2425 Imperio
865 2379 1113 2415 Antiochenam

238 2429 353 2463 invasit
363 2429 552 2470 Ecclesiam,
562 2430 671 2465 scribit
681 2431 846 2475 Georgius
854 2430 1045 2465 Cedrenius:
1059 2433 1116 2464 Pe-

168 2487 177 2496 ·
239 2488 309 2512 trus
319 2477 480 2520 cnapheus
491 2479 559 2521 fuit
572 2485 691 2522 primus
702 2481 802 2514 aullor
815 2505 825 2520 ,
852 2490 886 2514 ut
909 2487 941 2514 in
958 2480 1116 2523 mysticaefi-

241 2539 354 2562 naxeos
383 2528 572 2562 celebratione
603 2535 714 2572 quavis
742 2530 900 2569 symbolum
916 2530 990 2572 fidei
1013 2537 1115 2564 recita·

240 2586 346 2619 retur,
371 2579 437 2611 cum
459 2579 496 2611 id
513 2588 631 2612 tantum
650 2585 683 2612 in
703 2592 814 2624 magna
831 2580 998 2624 parasceve
1007 2582 1115 2615 dicere·

241 2637 312 2661 tur.
339 2628 383 2662 Et
404 2627 439 2661 in
466 2628 685 2675 Colleeianeis
703 2629 814 2664 scribit
826 2629 1029 2665 Theodorus
1053 2632 1114 2666 Le-

242 2679 330 2711 &orz
359 2680 482 2711 Petrum
503 2678 679 2722 cnapheum
696 2690 733 2714 ut
752 2685 784 2712 in
793 2686 905 2724 quavis
916 2683 1025 2719 synaxi
1036 2683 1115 2722 Sym-

243 2726 339 2760 bolum
356 2729 501 2775 diceretur
512 2730 699 2774 excogitasse.
729 2730 897 2771 Verbum,
923 2731 1114 2775 excogitasse,

242 2778 338 2811 sonat
349 2776 543 2820 vituperium
556 2803 567 2820 ,
591 2779 682 2823 quod
699 2791 816 2824 nempe
827 2780 942 2815 Petrus
951 2780 1047 2815 fuerit
1057 2782 1114 2815 foe-

243 2826 391 2862 diffimus
402 2826 650 2870 Eutychianista
663 2855 670 2862 .
697 2830 727 2864 E
743 2830 784 2865 de
794 2829 984 2865 Timotheo
995 2831 1031 2864 in
1042 2830 1115 2865 Ma·

241 2875 377 2912 cedonii
403 2877 545 2911 Secundi
564 2878 970 2924 Constantinopolitanam
997 2879 1115 2915 Cathe-

242 2925 336 2961 dram
368 2926 494 2961 intruso
519 2927 768 2971 Eutychianista
802 2942 857 2973 per
880 2931 1112 2973 imperatpnm

241 2975 446 3011 Anastasium
457 2976 547 3011 addit
557 2977 757 3013 Theodorus
769 2994 779 3012 .·
805 2980 976 3014 Timotheus
990 2981 1027 3013 ab
1043 2987 1114 3013 ami·

241 3031 285 3059 eis
304 3035 424 3071 rogatus
433 3028 454 3058 5
449 3026 592 3065 fmbolum
607 3027 680 3069 fidei
690 3037 884 3063 trecentorum
901 3031 998 3064 decem
1009 3032 1043 3064 6!
1055 3031 1114 3063 odo

243 3072 372 3110 Patrum
388 3084 446 3118 per
459 3075 591 3120 fingulas
602 3079 733 3116 synaxes
742 3080 801 3112 dici
810 3086 930 3113 curavit
941 3104 952 3120 ,
963 3082 1008 3113 ad
1016 3089 1114 3122 repre·

243 3124 402 3167 henfionem
425 3127 564 3161 videlicet
575 3129 758 3169 Macedonis,
784 3128 868 3172 quast
882 3131 930 3163 ille
955 3130 1113 3169 Symbolum

243 3173 295 3208 boc
304 3186 362 3208 non
370 3182 513 3218 receperit·
522 3200 532 3216 ,
557 3178 621 3210 cum
630 3176 721 3211 antea
725 3176 820 3221 semel
828 3180 947 3212 tantum
958 3185 991 3213 in
1011 3191 1090 3223 anno
1102 3204 1112 3220 ,

244 3228 278 3256 in
297 3223 462 3268 Parasceve
477 3225 588 3270 scilicet
598 3231 761 3261 Dominicae
773 3229 908 3269 ptffionis
918 3237 1047 3271 tempore
1057 3242 1114 3273 quo

246 3271 407 3316 Episcopus
417 3275 633 3310 Catechizabat
641 3284 799 3311 recitatum
817 3278 900 3321 effn-
929 3279 974 3312 Et
995 3280 1029 3312 in
1053 3280 1113 3314 Ec-

71 3335 190 3373 Lihx„
245 3322 419 3359 clefiastica
446 3326 595 3362 Historia
623 3326 831 3371 Nicephorus
851 3327 1029 3362 Calixtus:
1058 3332 1113 3364 Pe·

1 3370 10 3435 'k
70 3381 188 3417 capa-8·
246 3380 329 3405 trum
343 3374 519 3416 cnapheum
538 3377 670 3421 reperisse
680 3379 802 3416 dicant,
828 3378 1031 3416 utsymbolum
1043 3381 1114 3412 San-

244 3419 326 3454 tim
337 3444 347 3460 2
365 3423 542 3467 quodsemel
547 3437 667 3461 tantum
683 3436 775 3460 antea
784 3439 890 3470 magno
900 3426 1042 3470 &sanilo
1052 3431 1115 3462 1²ae-

246 3468 382 3513 rasceves
402 3473 451 3506 die
470 3476 528 3508 dici
541 3475 663 3521 sblitum
675 3476 784 3518 fuerat
793 3501 803 3517 ,
830 3483 861 3509 in
871 3479 980 3516 synaxi
991 3478 1026 3512 Θ
1036 3482 1112 3512 Con-

247 3528 342 3556 ventu
352 3521 486 3561 Ecclesiae
494 3531 600 3566 quovit
611 3528 820 3560 decantaretur
829 3551 837 3559 .
861 3526 904 3561 Et
914 3525 949 3560 in
958 3526 1026 3562 alio
1037 3527 1115 3571 ejus-

349 3571 508 3615 Differtde
517 3575 701 3618 symb.Ap.(:t
709 3581 743 3609 N
745 3579 812 3610 ic-T.
817 3581 839 3609 1.

1165 280 1252 312 rinde
1275 289 1364 321 atque
1385 287 1577 311 trecentorum
1596 278 1710 310 illorum
1719 278 1878 316 Symbolum
1895 294 1952 316 non
1961 295 2034 318 com.

1160 330 1299 371 probarit
1310 351 1321 370 ,
1332 330 1597 367 calumniarentur,
1607 327 1791 362 Timotheum
1802 328 2036 375 constantinopo-

1163 380 1292 413 litanum
1305 377 1505 421 Episcopum,
1531 380 1735 412 nonPetrum
1759 376 1937 419 cnapheum
1958 382 2039 422 insti-

1164 430 1245 471 tuiffe
1267 429 1389 468 dicunt,
1415 437 1449 461 ut
1471 434 1503 460 in
1524 429 1634 467 synaxi
1658 429 1694 462 ὠ·
1718 432 1876 462 Conventa
1902 431 2041 472 Ecclefia-

1156 477 1227 519 stica
1243 483 1351 521 quovis
1372 478 1532 517 symbolum
1548 480 1584 510 id
1601 481 1767 518 diceretur,
1792 479 1873 522 quod
1887 487 1978 513 antea
1994 479 2041 523 fi»-

1163 530 1223 562 mel
1241 528 1360 561 tantum
1382 539 1461 561 anno
1480 527 1605 570 quolibet
1617 527 1801 571 Parasceves
1814 531 1955 571 Paffionis
1965 531 2043 565 san-

1163 578 1208 612 do
1228 579 1277 611 die
1294 583 1327 611 in
1337 576 1465 619 Ecclefia
1473 578 1540 621 ‘legi
1555 576 1676 620 solitum
1689 578 1817 620 fuerat,
1843 580 1908 613 cum
1919 579 2042 624 Episco-

1160 637 1221 671 pus
1243 635 1363 670 primas
1387 628 1551 671 Religionis
1578 626 1681 668 nostrae
1716 628 1911 669 institutiones
1940 631 2041 666 docere

1163 687 1307 721 oporteret
1320 703 1327 711 .

1216 728 1268 762 Ex
1277 727 1396 773 quibus
1406 729 1530 763 cunetis
1550 727 1637 764 inter
1651 729 1686 762 se
1705 729 1835 764 collatis
1844 731 2042 766 testimoniis

1164 778 1319 813 discimus
1343 778 1431 813 varia
1450 801 1457 810 .
1495 777 1611 813 Primo
1634 778 1725 823 quod
1750 779 1834 813 olim
1855 781 2050 815 Orientales

1165 829 1321 872 Episcopi
1342 829 1377 862 in
1398 839 1519 873 magna
1538 828 1715 864 Parasceve
1736 828 1893 865 omnibus
1913 842 2044 874 compe-

1165 878 1309 912 tentibus
1329 878 1538 922 exposuerint
1548 878 1743 922 Symbolum
1755 905 1762 911 .
1790 880 1943 915 Secundo
1953 880 2044 926 quod

1166 927 1401 971 exponendum
1426 927 1468 962 ab
1485 928 1551 963 illis
1562 929 1759 972 Symbolum
1771 931 1868 966 fuerit
1888 932 1984 965 antea
1995 931 2045 965 so-

1167 978 1319 1012 lemniter
1328 979 1500 1012 recitatum
1513 1002 1520 1009 .
1549 979 1698 1014 Similem
1717 991 1845 1015 morem
1857 981 1950 1016 fuisse
1959 981 2046 1015 olim

1168 1028 1202 1061 in
1220 1027 1373 1062 Romana
1386 1051 1397 1068 ‚
1423 1038 1479 1061 aut
1501 1028 1576 1061 sane
1597 1030 1635 1062 in
1648 1030 1821 1065 Gallicana
1833 1031 1976 1066 Ecclesia
1999 1031 2047 1064 lu-

1166 1087 1218 1111 cet
1229 1089 1270 1111 ex
1281 1078 1420 1121 antiquo
1432 1078 1589 1111 Romano
1600 1079 1718 1113 ordine
1727 1104 1737 1120 ,
1763 1081 1821 1123 qui
1832 1091 1944 1124 quarta
1956 1092 2047 1123 quar-

1167 1127 1208 1161 tae
1227 1127 1512 1171 quadragesimalis
1521 1128 1707 1170 septimanas
1716 1130 1796 1164 feria
1808 1130 1942 1165 mandat
1953 1131 2048 1174 Syrn-

1167 1176 1237 1211 boli
1254 1177 1494 1221 expositionem
1520 1175 1670 1213 inchoari
1697 1179 1739 1213 ab
1765 1179 1930 1224 Episcopo
1953 1204 1964 1221 ‚
1989 1187 2048 1214 aut

1167 1227 1365 1271 Presbytero
1378 1250 1389 1268 ,
1415 1227 1450 1262 &
1472 1236 1550 1262 ante
1570 1228 1684 1265 omnia
1706 1229 2048 1275 Constantinopolita-

1167 1288 1248 1311 num
1257 1277 1452 1321 Symbolum
1465 1278 1652 1313 solemniter
1659 1278 1924 1323 perAcolythum
1936 1281 2050 1315 recita-

1168 1328 1216 1361 ri:
1242 1328 1350 1371 ipsum
1358 1328 1485 1362 recitari
1494 1327 1607 1370 jubet,
1633 1340 1703 1362 non
1714 1338 1751 1363 ut
1760 1329 1902 1365 discatur
1921 1332 1939 1364 ὲ
1952 1331 2052 1365 Cate-

1168 1376 1340 1412 chumenis
1353 1402 1363 1417 ,
1388 1377 1442 1412 sed
1465 1387 1503 1412 ut
1522 1378 1594 1421 ipsis
1611 1386 1670 1421 per
1688 1379 1896 1414 Sacerdotem
1908 1392 2050 1424 expona⁴

1169 1437 1240 1461 tur.
1265 1428 1343 1462 Fuit
1363 1438 1446 1461 mox
1467 1427 1661 1462 Gallicanus
1680 1428 1790 1472 potius
1810 1429 1908 1473 quam
1930 1430 2053 1464 Roma-

1169 1488 1231 1511 nus
1250 1502 1258 1509 .
1284 1476 1432 1525 Qando
1456 1476 1493 1510 in
1520 1476 1630 1511 Gallia
1651 1478 1786 1521 coeperit
1806 1502 1818 1519 ,
1843 1479 1878 1513 ἀ
1897 1490 1940 1514 an
1965 1479 2053 1525 apud

1169 1526 1356 1562 Orientales
1376 1526 1414 1561 sit
1426 1525 1658 1571 Apostolicus,
1685 1538 1742 1562 aut
1762 1528 1876 1563 saltem
1897 1529 2053 1573 antiquis-

1170 1577 1268 1611 simus
1281 1601 1293 1617 ,
1315 1577 1434 1622 ignoro
1446 1601 1454 1608 .
1473 1576 1596 1611 Tertio
1606 1577 1763 1612 discimus
1772 1579 1862 1624 quod
1874 1579 2054 1615 Nicaenum

1171 1625 1370 1670 Symbolum
1391 1626 1582 1661 solemniter
1600 1628 1724 1662 cantari
1735 1628 1776 1663 ad
1797 1641 1933 1664 ornnem
1945 1631 2057 1665 Litur-

1172 1677 1261 1722 giam
1282 1677 1404 1720 primus
1420 1677 1455 1710 in
1467 1675 1680 1713 Antiochena
1694 1677 1838 1713 Ecclesia
1860 1692 1897 1714 ac
1910 1681 2055 1716 Dioecesi

1172 1726 1293 1770 jusserit
1304 1727 1404 1761 faedus
1414 1726 1664 1770 Eutychianista
1676 1727 1793 1763 Petrus
1803 1729 1920 1765 Fullo.
1951 1731 2056 1778 Qar-

1173 1776 1211 1811 ῑό
1230 1776 1319 1819 quod
1334 1775 1476 1812 eundem
1486 1778 1588 1812 ritum
1599 1778 1635 1812 in
1647 1777 2057 1824 Constantinopolitanam

1175 1826 1353 1860 Ecclesiam
1382 1838 1420 1862 ae
1441 1827 1619 1862 Dioecefim
1639 1829 1802 1864 invexerit
1833 1830 1975 1873 ejusdem
1996 1830 2059 1864 Pa-

1176 1873 1328 1910 triarcha'
1338 1875 1544 1912 Timotheus
1555 1902 1562 1909 .
1591 1878 1726 1912 Etenim
1739 1878 1993 1922 Eutychianistae
2003 1881 2059 1915 ad-

1177 1926 1333 1960 miserunt
1354 1926 1460 1960 solum
1469 1925 1722 1962 Antiochenam
1732 1929 1930 1972 Symbolum
1949 1931 2061 1975 adver-

1177 1977 1228 2010 sus
1246 1974 1466 2011 Patriarcham
1491 1977 1584 2010 suum
1608 1976 1874 2022 Apollinarium3
1901 1981 1983 2015 fasta
2004 1993 2061 2025 per

1179 2025 1586 2068 Constantinopolitanam
1624 2028 1799 2071 synodum
1836 2029 2061 2066 additamenta

1178 2074 1430 2119 pertinacissime
1452 2077 1655 2117 refutarunt,
1681 2077 1823 2123 ideoque
1846 2091 1916 2115 non
1938 2079 2061 2125 hujus,

1180 2125 1234 2160 sed
1267 2125 1358 2159 istius
1375 2125 1525 2168 Symboli
1559 2127 1740 2162 solemnem
1759 2139 1895 2164 cantum
1922 2130 2061 2166 induxe-

1180 2185 1257 2210 runt
1269 2201 1276 2207 .
1303 2175 1397 2209 Hinc
1408 2174 1612 2211 Timotheus
1629 2177 1713 2212 illud
1734 2179 1813 2213 fecit
1842 2182 1889 2214 ad
1904 2181 2060 2223 reprehen-

1174 2225 1282 2269 sionem
1304 2226 1490 2267 Mandonii,
1517 2225 1603 2269 quasi
1616 2228 1665 2261 ille
1685 2228 1845 2268 symbolum
1859 2229 1917 2263 hoc
1937 2242 1995 2265 non
2016 2243 2060 2265 ro-

1179 2281 1302 2319 ceperit.
1333 2276 1378 2310 Et
1399 2275 1810 2321 Constantinopolitanum
1837 2279 2035 2323 Symbolum
2049 2306 2062 2323 ‚

1179 2328 1215 2362 &
1224 2325 1496 2362 Chalcedonense
1507 2326 1584 2361 fidei
1594 2326 1761 2364 decretum
1773 2329 1814 2364 de
1825 2328 1954 2366 Nicaeni
1967 2331 2060 2376 S'ym-

1180 2376 1248 2411 boli
1271 2376 1534 2421 praevaricatione
1553 2377 1711 2423 arguebat
1724 2378 1938 2423 Eutychiana
1966 2384 2062 2425 perfi-

1179 2427 1255 2468 dia,
1281 2427 1316 2461 ὅ(
1337 2426 1502 2471 utriusque
1513 2428 1789 2464 constantiffimus
1814 2429 1967 2466 defensor
1991 2433 2060 2467 fue-

1181 2486 1229 2511 rat
1249 2476 1486 2511 Macedonius.
1514 2476 1608 2512 Hinc
1631 2478 1673 2513 ad
1686 2479 1755 2523 ejus
1775 2479 2058 2523 reprehensionem

1180 2526 1383 2562 Timotheus
1401 2527 1526 2564 cantari
1543 2527 1630 2570 juffit
1642 2528 1837 2572 Symbolum
1860 2530 2036 2567 Nicaenum
2048 2557 2057 2565 .

1181 2576 1281 2612 Sext&
1301 2577 1474 2618 discimus,
1501 2578 1591 2621 quod
1603 2578 1783 2623 imperator
1794 2579 1936 2623 Iustinus
1946 2583 2059 2616 secun-

1179 2627 1240 2661 dus
1263 2627 1364 2661 ritum
1376 2628 1491 2671 partim
1502 2627 1667 2671 probarit,
1692 2630 1808 2674 partim
1830 2631 1993 2671 alterarit,
2020 2633 2056 2666 δε

1179 2677 1299 2720 jusserit
1309 2677 1434 2711 traduci
1446 2677 1479 2711 in
1494 2689 1629 2712 omnem
1641 2679 1845 2714 Orientalem
1858 2680 2033 2716 Ecclesiam
2045 2708 2055 2714 .

1181 2726 1260 2770 Ejus
1270 2727 1457 2762 institutum
1478 2728 1512 2762 &
1523 2729 1657 2772 scopum
1669 2729 1812 2764 elucidat
1835 2731 1869 2763 in
1882 2729 2055 2766 Chronico

1179 2775 1322 2819 Joa'nnes
1333 2776 1446 2811 Abbas
1458 2776 1675 2812 Bicharensis:
1693 2779 1838 2824 justinus
1860 2792 1940 2813 anno
1953 2787 2056 2823 primo

1178 2830 1274 2870 Regni
1280 2825 1328 2870 sui
1338 2838 1374 2860 ea
1386 2851 1396 2867 ,
1424 2838 1491 2869 quae
1507 2836 1609 2861 contra
1628 2831 1771 2867 synodum
1788 2829 2055 2874 chalcedonensem

1171 2876 1300 2918 fuerant
1317 2885 1512 2910 commentata
1523 2902 1533 2918 ‚
1559 2878 1704 2916 destruxit
1716 2903 1726 2917 ,
1754 2879 1968 2924 symbolumque
1977 2883 2054 2915 scm-

1178 2927 1290 2959 Horum
1307 2935 1424 2962 centum
1444 2932 1664 2971 quinquaginta
1687 2931 1816 2961 Patrum
1847 2930 2053 2970 Constantino-

1173 2978 1236 3018 poli
1254 2985 1490 3021 congregatorum
1502 3000 1512 3016 ‚
1538 2978 1573 3010 ό·
1592 2983 1624 3009 in
1634 2979 1742 3016 synodo
1754 2978 1982 3022 chalcedonensi*
1989 2983 2052 3015 lau-

1179 3027 1319 3058 dabiliter
1341 3033 1508 3067 receptum,
1535 3031 1568 3058 in
1594 3033 1672 3059 omni
1698 3027 1852 3063 Catholica
1877 3031 2005 3074 Ecclefia
2030 3034 2052 3065 ἆ

1179 3077 1288 3118 Populo
1316 3077 1523 3108 concinendum
1554 3077 1728 3118 intromifit,
1751 3078 1927 3123 priusquam
1950 3085 2050 3115 Domi-

1177 3132 1244 3159 m'ca
1254 3127 1370 3158 dicatur
1390 3130 1500 3158 oratio.
1527 3125 1572 3158 Et
1593 3125 1808 3169 Eutychianae
1825 3129 2050 3175 blasphemiae‚

1176 3177 1208 3209 δε
1219 3187 1260 3208 ex
1271 3176 1337 3218 ipsa
1349 3175 1418 3208 nati
1431 3174 1589 3209 Acaciani
1603 3175 1791 3212 Schismatis
1801 3182 1950 3222 cunstas,
1978 3193 2050 3225 quae

1179 3224 1246 3270 post
1268 3224 1384 3269 Jussini
1405 3224 1502 3267 primi
1522 3248 1532 3264 ,
1559 3225 1593 3258 &
1614 3226 1787 3269 Justiniani
1812 3229 2049 3274 Imperatorum

1177 3276 1301 3311 labores
1318 3272 1486 3308 hincinde
1498 3273 1659 3310 restabant
1670 3301 1681 3317 ‚
1705 3277 1858 3323 reliquias
1866 3281 2025 3315 destruxit
2035 3306 2049 3321 ,

1177 3328 1210 3361 ἀ
1233 3325 1274 3359 ad
1296 3323 1391 3368 plene
1409 3323 1619 3359 eradicandas
1641 3350 1653 3366 ,
1689 3339 1759 3362 non
1781 3330 1921 3374 amplius
1942 3331 2049 3373 Nicae·

1179 3387 1278 3415 num,
1304 3373 1356 3408 sed
1374 3372 1527 3417 deinceps
1538 3374 1945 3423 (Zoustantinopolitanum
1955 3382 2048 3422 Sym-

1178 3424 1290 3461 bolum
1311 3423 1397 3467 juffit
1418 3424 1452 3456 in
1473 3424 1566 3457 omni
1588 3427 1750 3462 Orientali
1779 3430 1919 3465 Ecclesia
1938 3439 2049 3464 canta-

1178 3479 1221 3511 ri.
1247 3475 1295 3510 Ita
1316 3472 1464 3508 occultos
1483 3472 1651 3511 hincinde
1664 3477 1930 3522 Eutychianistas
1940 3477 2046 3511 voluit

1177 3525 1378 3569 constringi,
1402 3523 1518 3568 prodi,
1543 3527 1709 3570 &expelli
1729 3528 1770 3564 ab
1791 3527 1959 3563 Ecclefiis.
1987 3526 2046 3562 Et-

1560 3576 1589 3610 B
1616 3576 1637 3610 b
1687 3588 1709 3614 2
1907 3574 1998 3612 enim
