2346 3776
66 2398 129 2433 Lib.
137 2408 182 2436 ²3·

667 107 1118 157 DISSERTATIO
1167 105 1585 157 PRoOEM1Atts.

219 191 454 231 Alexandrino*
459 182 694 223 patriarchatui
704 187 838 223 subdere
847 213 858 228 ,
884 199 922 222 ac
932 188 1026 232 ipfius
1033 191 1092 234 pri-

219 257 313 282 mum
320 242 517 287 Episcopum
524 238 665 274 voluerit
672 237 714 273 ab
720 237 815 283 hujus
823 238 1009 274 Patriarcha
1016 252 1092 275 con-

218 292 330 330 secrati
339 316 351 333 ,
375 300 446 324 non
467 289 604 324 constat.
640 289 788 324 Fuerunt
808 300 920 324 tamen
940 292 1090 325 rationes.

217 341 328 382 Primo
337 365 349 383 ‚
370 339 459 384 quod
471 337 659 374 Patriarcha
670 340 794 375 Lucius
802 340 880 375 estet
890 339 1092 376 zelosissimus

215 390 331 430 Ariani
343 390 522 435 Dogmatis
533 414 545 431 ,
570 401 608 425 ac
620 390 725 425 multa
735 389 771 424 in
783 388 1003 426 Orthodoxos
1024 404 1093 429 cru-

207 442 346 479 delitate
354 439 732 487 famosiffimusjdeoque
738 440 876 475 Valenti
882 440 1090 477 charissimus.

205 490 364 526 secundo
374 516 384 532 ‚
411 490 501 535 quod
511 491 652 534 Moyses
662 491 699 525 in
715 489 862 536 AEgypti
882 491 1005 527 finibus
1020 503 1090 537 age-

202 539 521 578 oetAnachoretam.
535 540 756 585 Tertio,quod
766 541 928 586 Ismaelite
937 544 992 577 seu
1005 543 1093 577 Sara-

207 592 285 628 ceni
295 590 483 626 habitarent
492 592 636 627 Felicem
648 588 806 628 Arabiam
814 617 825 633 ,
836 592 908 628 solo
921 594 1018 627 rubro
1028 603 1092 627 ma-

208 642 238 677 ti
258 640 396 676 divisam
416 641 457 676 ab
480 641 636 688 AEgypto
647 666 658 682 ,
684 641 827 687 ideoque
849 644 947 687 quam
965 641 1091 687 optime

208 693 337 738 possent
346 692 485 738 adjungi
495 693 706 740 AEgyptiacae
715 693 876 727 Ecclefiae.
904 694 1031 729 Verum
1041 704 1089 726 res

208 744 280 778 hon
290 742 442 777 succeffit.
465 740 600 779 Etenim
612 743 749 787 Moyses
760 744 899 778 nodosas
909 743 1020 787 potius
1032 742 1089 786 spi-

206 802 268 829 nas
278 812 290 832 ,
301 792 402 835 quam
412 790 578 829 haereticac
587 794 621 828 δε
632 793 904 838 sanguinolentas
915 791 1012 829 Lucii
1024 805 1076 826 ma

203 848 270 877 nus
281 843 340 876 suo
350 841 450 885 capiti
462 842 590 886 imponi
602 843 720 879 maluit
733 869 744 884 ,
771 845 806 881 ὅ(
818 846 880 878 fuit
891 844 933 878 ab
943 843 1015 878 aliis
1026 844 1088 878 Ca-

202 890 340 929 tholicis
352 892 524 935 Episcopis
535 894 749 929 consecratus.
776 894 833 929 Ab
844 893 1015 939 Episcopis
1028 895 1090 938 spe-

198 941 368 979 stantibus
378 941 420 976 ad
431 940 687 978 Antiochenum
700 944 970 980 patriarchatum.
983 945 1087 979 Lucet

199 992 248 1028 tx
259 991 480 1027 collectaneis
490 992 666 1032 Theodori
687 996 833 1033 Leitoris
846 1021 856 1036 ,
882 996 1017 1039 aliisque
1035 1005 1089 1028 an-

200 1042 305 1088 tiquis
324 1042 544 1087 Scriptoribus
565 1069 576 1085 ,
621 1046 709 1089 apud
731 1057 814 1091 quos
836 1048 1087 1081 Sarracenorum

199 1091 410 1136 Phylarchus
419 1091 664 1131 Alamondarus
676 1095 898 1130 Christianam
911 1094 1021 1133 fidem,
1032 1093 1086 1126 Ba·

201 1145 320 1190 ptisma
331 1168 342 1184 ,
367 1155 466 1188 atque
474 1145 656 1188 Episcopos
665 1147 749 1189 petit
769 1147 803 1180 &
825 1145 945 1190 accipit
956 1143 997 1178 ab
1008 1143 1085 1186 Epi-

199 1195 309 1238 scopis
321 1193 413 1227 istius
422 1188 672 1232 patriarchatus,
701 1195 804 1241 Quod
816 1196 935 1239 nempe*
944 1194 1000 1230 alii
1009 1204 1086 1228 tunc

198 1243 386 1279 Christiani
394 1242 562 1279 Sarraceni
573 1243 616 1276 ad
626 1242 724 1277 istum
737 1243 1000 1277 Patriarchatum
1023 1253 1088 1287 pm·

197 1297 352 1330 tineoe‘n't.
391 1294 436 1329 Et
446 1292 516 1334 jure
526 1292 656 1325 merito.
695 1293 785 1329 Nam
797 1294 952 1328 Romana
964 1291 1086 1328 Arabia

199 1344 243 1380 hd
254 1343 351 1377 illum
363 1343 488 1386 semper
499 1342 652 1386 spectavit
662 1367 672 1382 ,
698 1342 848 1387 adeoque
870 1344 1030 1378 convenit
1053 1344 1087 1377 &

197 1393 442 1431 Sarracenicam
453 1391 495 1426 ad
517 1393 622 1435 ipsum
642 1393 789 1435 spestare.
816 1395 1010 1428 Sarracenos
1029 1404 1087 1438 pro

197 1445 268 1481 Dei
278 1442 376 1478 donis
383 1444 507 1486 semper
519 1442 560 1476 ad
572 1440 843 1483 Antiochenum,
854 1449 1037 1487 numquam
1047 1444 1086 1477 ad

200 1492 468 1530 Alexandrinum
478 1491 740 1527 Patriarchatum
750 1494 909 1531 accessisse
922 1518 932 1534 ,
941 1493 1086 1527 ostendit

197 1542 439 1582 Theodoretus
447 1544 484 1576 in
496 1544 592 1577 variis
602 1542 685 1578 locis
695 1543 891 1578 Monasticae
902 1542 1051 1578 historiae.

249 1595 306 1630 De
314 1593 378 1628 alia
388 1591 498 1628 adhuc
510 1591 730 1628 Alexandrini
742 1593 983 1629 Patriarchatus
993 1595 1085 1629 Dioe-

196 1644 259 1681 celi
270 1643 381 1679 scribit
392 1643 492 1678 Nilus
503 1644 745 1687 Doxopatrius:
773 1649 879 1678 Erant
893 1645 1084 1678 Patriarcbae

195 1697 406 1731 <Alexandrino
415 1695 450 1730 6·
461 1694 515 1727 alit
525 1692 637 1727 Throni
649 1693 768 1736 diverfi,
774 1693 898 1737 sedpost
909 1698 1015 1728 Severi
1025 1695 1085 1729 hae-

196 1745 282 1786 ‘vefin'o
289 1749 309 1778 ἃ
315 1749 488 1780 Sarrae-ems
492 1742 607 1786 sublati
611 1743 948 1788 sunt,q1lemadmodum
956 1747 991 1779 l&
1000 1748 1084 1778 Dino

197 1800 297 1828 'omnis
309 1792 567 1836 Hterofhhmitana
578 1817 588 1833 ,
599 1803 633 1827 ac
643 1794 709 1837 ipsa
720 1794 922 1838 Hterofhbma,
931 1793 1084 1838 omnesque

198 1847 260 1885 ‘alif
270 1846 374 1882 sedes,
386 1854 443 1884 que
454 1840 669 1885 nuncfimtsub
681 1843 934 1886 Hierosolymitano
946 1843 1085 1877 P'atriar—

196 1893 265 1930 ‘cha-
290 1890 378 1926 Nam
388 1890 563 1934 umversarh
573 1892 753 1932 Palestinam
759 1893 917 1934 possidebat
925 1918 937 1934 ,
963 1895 998 1928 Θ
1007 1895 1084 1926 alias

193 1945 378 1988 provincias.
391 1940 565 1975 Consonat
576 1941 612 1974 in
625 1942 805 1976 orientalis
814 1943 962 1976 'Ecclesiae
973 1945 1084 1978 Histo-

196 1997 247 2029 ria
259 1992 398 2036 Iacobus
407 1990 594 2026 Cardinalis
602 1990 645 2026 de
657 1991 819 2033 Vittiaco,
831 1993 994 2027 affirmans
1005 1994 1087 2027 Hie-

197 2044 372 2087 rosolymae
381 2040 645 2076 patriarchatum
661 2041 681 2075 a
691 2042 811 2087 quinto
822 2042 911 2085 prius
922 2042 1082 2077 Concilio

198 2091 295 2135 'fuisse
306 2091 604 2136 institutum,atque
615 2091 964 2138 adjungenszguosdam
971 2093 1085 2134 Suffra-

125 2169 132 2178 .
173 2170 181 2178 .
192 2155 307 2194 ganeas
320 2142 495 2177 Antiocheno
515 2144 550 2176 6*
572 2145 776 2176 Alexandrino
797 2146 907 2177 Patres
923 2142 1086 2186 ficbtraxe-

197 2201 271 2229 ricnt
284 2218 295 2235 ,
322 2197 354 2227 eo
364 2194 444 2237 quod
452 2199 486 2226 in
494 2193 614 2235 confinio
625 2194 763 2227 &limite
776 2193 878 2226 horum
890 2196 1016 2227 duorum
1027 2197 1085 2226 Pa-

197 2243 417 2283 trlarchatuum
428 2243 493 2287 esset
506 2242 661 2283 constituta
673 2242 874 2287 merajobma.
902 2243 1085 2278 Subtrastas

198 2295 330 2338 utrique
349 2291 589 2327 Patriarchatui
610 2293 801 2328 Provincias
822 2293 924 2329 edicit
945 2293 980 2327 in
997 2295 1082 2329 Sacri

198 2345 277 2380 belli
289 2344 439 2378 Historia
449 2343 650 2379 Guilielm'us
661 2343 878 2391 Metropolit'a
888 2345 1083 2388 Tyriorum:

200 2398 355 2439 ‚quomam
366 2396 532 2429 Deicultrtssx
545 2401 656 2428 civitas
670 2394 860 2439 Hierosolyma
877 2396 1000 2438 quafiin
1008 2397 1081 2429 limi-

201 2454 232 2481 te
242 2446 440 2478 Alexandrini
453 2446 488 2479 &
500 2445 671 2479 Antiocbem'
682 2446 914 2480 Patriarcbatus
926 2456 992 2479 erat
1004 2471 1014 2487 ,
1033 2458 1083 2479 nec

201 2494 348 2530 baberent
358 2501 456 2537 quinti
467 2497 589 2529 concilii·
603 2498 712 2530 Patres
723 2521 734 2537 ,
760 2498 839 2530 unde
849 2497 893 2529 ill}
904 2496 996 2530 Urbes
1008 2499 1082 2530 ordi—

200 2553 313 2580 narent
319 2542 529 2589 suffraganeas
543 2570 553 2585 ,
564 2545 621 2587 nisi
625 2552 742 2589 utrique
752 2549 870 2588 aliquid
879 2547 1082 2586 detraherent,

201 2593 300 2638 visum
310 2593 347 2634 est
361 2597 502 2637 expedire
510 2595 549 2628 ab
560 2606 681 2638 utroque
691 2598 810 2640 aliquid
817 2599 970 2639 decerpere
980 2623 990 2638 ,
1001 2607 1035 2630 ut
1046 2605 1082 2631 el-

203 2646 285 2684 dem,
288 2647 387 2685 juxta
392 2645 527 2687 fhrmam
539 2646 663 2679 aliorum
674 2647 953 2688 patriarchatuum,
965 2650 1082 2681 ordina-

200 2704 269 2731 rent
277 2692 431 2736 subJecVos.
443 2696 664 2730 subtraxerunt
673 2700 739 2741 ergo
752 2698 926 2731 Antiocheno
938 2697 1083 2741 Caesarae-

199 2743 300 2787 ensem
311 2745 344 2777 (θ’
353 2745 615 2788 Sebytopolitanum
622 2749 876 2789 Metropolitanus,
882 2750 1081 2782 Alexandrino

198 2804 301 2830 autem
310 2794 492 2840 Rabbenjem
500 2799 533 2831 (9
545 2796 820 2840 ΒειενεηῘεηιᾴεενη
828 2801 1079 2841 Metropolitanos.

200 2848 248 2878 Et
267 2851 406 2887 quoniam
425 2853 530 2879 iterum
551 2849 676 2881 eundem
699 2848 912 2882 Patriarcham
929 2850 1079 2891 oportebat

196 2903 314 2942 praeter
320 2893 507 2938 supradu‘los
522 2899 762 2941 Metropolitanos
782 2899 890 2934 habere
902 2900 1078 2942 finniliares

200 2944 421 2988 Sufflaganeos,
432 2958 503 2988 quos
516 2951 612 2982 Graeci
622 2950 759 2988 syncellos
770 2961 878 2983 vocant
889 2975 899 2989 ,
920 2951 1079 2992 praedz'c‘hs

200 2997 438 3036 Metropolitanis
444 2995 662 3038 ficbtraxerunt
673 2999 815 3043 quosdam
826 3005 857 3032 E
854 2999 985 3042 piscopos
1004 3026 1014 3042 ‚
1046 3003 1080 3035 (θ’

199 3044 346 3094 quosdam
357 3047 394 3078 de
406 3057 479 3079 novo
490 3058 666 3081 creaverunt
677 3074 686 3089 ,
713 3049 802 3093 usque
815 3053 859 3084 ad
870 3058 981 3094 viginti
994 3057 1080 3092 quin-

201 3106 269 3138 que.
296 3095 399 3141 Qod
410 3096 514 3138 ipsum
527 3098 562 3130 in
582 3100 718 3141 antiquo
740 3101 970 3135 Romanorum
994 3101 1080 3134 Cen-

199 3146 295 3178 suum
319 3142 419 3179 Libro
440 3144 549 3180 haberi
576 3149 633 3182 scri
638 3159 728 3191 ptum
748 3151 883 3184 testatur
910 3151 1078 3185 Dominus

201 3194 388 3229 Cardinalis
402 3195 500 3237 Cesar
512 3197 681 3231 Batonius.
693 3197 757 3233 Pro
769 3200 1079 3246 Beterensemstegcn-

203 3244 282 3278 dum
294 3245 339 3279 est
351 3245 545 3289 Berytensem.
564 3248 619 3282 Est
635 3260 718 3282 nova
730 3250 761 3282 ὅ(
772 3250 942 3285 accessoria
953 3251 1079 3286 Metro-

204 3294 287 3338 polis
294 3297 329 3329 in
341 3296 442 3339 prima
453 3296 633 3332 Phoenicia.
664 3298 839 3333 Rabbensis
849 3302 962 3335 civitas
970 3301 1015 3335 est
1027 3313 1081 3335 an-

204 3344 295 3387 tiqua
314 3344 586 3383 Ammonitarum
608 3349 807 3391 Metropolis
832 3350 963 3384 Rabath
973 3376 983 3391 ‚
1011 3363 1081 3395 quae

206 3394 378 3435 postmodo
389 3398 550 3441 appellata
560 3399 604 3432 est
618 3398 847 3443 Philadelphia
861 3425 870 3440 ,
881 3401 1080 3444 Metropolis

206 3441 342 3477 Arabiae.
354 3445 402 3480 Ita
414 3447 523 3483 scribit
534 3448 573 3482 ad
587 3449 614 3482 vi
618 3451 777 3494 gefimum
789 3451 929 3493 primum
940 3450 1079 3495 Prophe-

203 3502 243 3532 [Ξ
254 3492 431 3534 Ezechielis
442 3498 550 3543 Caput
561 3501 686 3536 sanetus
697 3501 931 3549 Hieronymus.

1989 137 2005 162 1
2012 137 2030 174 3

1207 188 1407 233 Respondeo
1418 187 1609 225 haecomnia
1619 191 1681 224 effe
1692 194 1835 226 recentia
1852 190 2036 228 Schismati-

1158 244 1273 273 corum
1283 239 1471 274 Graecorum
1492 241 1660 286 figmenta.
1690 240 1826 274 Etenim
1843 243 2039 286 Hierosoly-

1158 300 1210 323 ma
1221 301 1402 334 numquam
1412 290 1455 324 ad
1468 290 1734 326 Alexandrinum
1747 315 1758 331 ,
1784 290 1838 325 sed
1846 301 1887 323 ex
1898 292 2039 335 Aposto-

1158 337 1224 373 lico
1249 340 1391 375 Canone
1411 342 1535 384 semper
1554 343 1705 385 spectavit
1725 340 1766 375 ad
1778 339 2039 376 patriarchatum

1158 388 1421 425 Anriochenum.
1456 392 1553 427 Olim
1574 393 1639 426 fuit
1659 391 1847 426 communis
1869 389 2040 425 Palestinae

1157 439 1339 475 Provinciae
1349 440 1408 476 sub
1420 441 1608 485 Caesareenfi
1617 440 2043 486 MetropolitaEpiscopalis

1157 490 1329 532 parochia,
1340 492 1432 534 cujus
1441 501 1554 526 tamen
1564 493 1712 529 Antistes
1724 493 1809 526 inter
1821 491 2042 534 Comprovin-

1156 541 1254 575 ciales
1264 544 1334 576 enat
1358 541 1638 577 Proto-Thronus
1648 568 1660 584 ,
1687 544 1741 576 seu
1752 541 1876 576 habens
1896 541 2040 584 primum

1156 592 1275 626 locu'm.
1284 592 1329 626 Et
1342 590 1427 627 hanc
1438 593 1650 638 Dignitatem
1661 593 1718 636 'ipsi
1728 592 1936 627 confirmavit
1946 591 2041 634 septi-

1150 639 1227 676 'mus
1248 642 1370 677 Canon
1395 643 1558 677 Nicaenus.
1585 642 1772 690 Qomodo
1792 642 1851 675 ista
1875 640 2040 676 Cathedra

1158 692 1242 736 prius
1252 692 1287 726 in
1298 693 1518 737 Metropolim
1531 718 1542 734 ‚
1553 705 1591 729 ac
1601 692 1721 728 deinde
1731 691 1768 726 in
1778 690 2041 726 patriarchatum

1159 743 1332 786 profecerit
1341 767 1352 784 ,
1378 744 1435 777 suo
1456 743 1534 778 loco
1549 753 1743 787 exponetur.
1772 743 1908 777 Fastum
1931 741 1964 775 id
1976 740 2040 774 fuit

1155 792 1280 827 dudum
1288 793 1364 827 ante
1376 794 1579 829 Concilium.
1607 794 1652 827 Et
1675 804 1784 837 praeter
1794 792 2040 827 Caesaraeensem

1156 843 1188 876 δε
1199 843 1488 885 Scytopolitanum
1500 869 1510 885 ,
1537 845 1646 889 primae.
1656 844 1691 878 &
1702 842 1849 878 secundae
1868 841 2039 875 Palestinae

1155 892 1440 935 Metropolesmon
1450 894 1611 929 duntaxat
1622 893 1803 928 Phoeniciae
1814 892 2039 935 Berytensem,

1156 955 1192 977 ac
1204 941 1334 976 Arabiae
1346 941 1669 987 Philadelphiensem
1683 969 1694 984 ,
1705 943 1759 978 sed
1770 944 1870 977 etiam
1882 942 2039 985 Tyriam,

1159 993 1413 1032 Damascenam,
1421 1005 1460 1027 ac
1472 994 1680 1028 Bostrensem
1690 993 1897 1036 Metropoles
1912 992 2040 1032 invafit,

1156 1043 1325 1087 tenuitque
1347 1044 1447 1086 usque
1462 1043 1503 1078 ad
1531 1043 1804 1078 Chalcedonense
1836 1041 2038 1077 Concilium.

1124 1087 1126 1089 ¹
1155 1093 1260 1127 Porro
1280 1093 1466 1136 Berytensis
1497 1094 1532 1128 &
1563 1091 1856 1135 philadelphiensis
1890 1092 2039 1127 Eccleliae

1153 1144 1254 1177 etiam
1266 1154 1448 1187 numquam
1460 1143 1502 1177 ad
1513 1142 1782 1178 Alexandrinum
1793 1167 1804 1183 ‚
1832 1141 1885 1174 sed
1916 1143 2040 1184 semper

1153 1205 1194 1226 ex
1204 1193 1403 1237 Apostolico
1413 1193 1570 1231 Instituto
1578 1195 1758 1238 spectarunt
1773 1192 1815 1226 ad
1837 1189 2041 1225 patriarcha-

1154 1253 1225 1276 tum
1237 1241 1493 1279 Antiochenam
1506 1270 1513 1278 .
1542 1245 1610 1278 Res
1618 1244 1665 1279 est
1674 1244 1799 1279 cunffis
1814 1241 2041 1276 Ecclefiasticae

1155 1293 1357 1328 Hierarchiae
1371 1294 1484 1338 peritis
1505 1294 1685 1338 explorata.
1713 1294 1758 1328 Et
1770 1292 1880 1327 fabula
1902 1291 1960 1325 fibi
1981 1292 2039 1334 ipfi

1154 1355 1222 1378 non
1233 1342 1382 1391 cohaeret.
1411 1344 1549 1377 Etenim
1563 1343 1767 1379 Guilielmus
1777 1344 1906 1386 Tyrius
1926 1341 1992 1375 alio
2003 1341 2040 1375 in

1152 1394 1226 1428 loco
1237 1395 1376 1429 affirmat
1387 1393 1519 1428 Rabath
1530 1395 1594 1429 effe
1614 1393 1872 1437 antiquiffirnam
1892 1390 2039 1425 secundae

1152 1443 1283 1488 Arabiae
1291 1445 1524 1488 Metropolim,
1536 1446 1571 1478 in
1583 1444 1675 1487 cujus
1690 1443 1775 1476 olim
1782 1442 1922 1484 obfidtone
1933 1465 1944 1480 ‚
1954 1451 2039 1473 man-

1151 1496 1221 1528 dato
1233 1496 1345 1528 David
1353 1496 1388 1529 &¹
1403 1499 1436 1540 J
1437 1494 1492 1527 oab
1501 1493 1611 1536 confilio
1623 1518 1634 1534 ,
1661 1498 1752 1526 Urias
1772 1499 1909 1526 innocens
1930 1493 2035 1535 legitur

1148 1543 1257 1588 occifics
1267 1569 1277 1585 ,
1301 1544 1400 1586 postea
1411 1548 1485 1578 vero
1496 1545 1578 1578 dic‘la
1588 1544 1627 1585 est
1638 1547 1734 1577 Petra
1745 1542 1864 1586 Deftrtt
1873 1567 1885 1584 ,
1910 1543 1989 1575 unde
2002 1543 2036 1574 Za·

1147 1593 1283 1637 secunda
1294 1595 1410 1631 Arabia
1419 1594 1505 1629 bodie
1515 1597 1624 1629 dicitur
1633 1592 1823 1635 Petracenfis.
1837 1593 1918 1627 Hoc
1930 1593 2036 1635 ipsum

1148 1647 1265 1689 repetit
1275 1646 1311 1679 in
1323 1645 1391 1680 alio
1402 1646 1479 1679 loeo
1493 1670 1503 1686 ,
1513 1647 1547 1680 &
1558 1645 1709 1690 adjungit
1722 1645 1740 1677 a
1752 1644 1918 1678 Balduino
1930 1643 2037 1686 primo

1148 1695 1392 1739 Hierosolyma:
1403 1695 1497 1740 Rege
1509 1697 1603 1732 fuisse
1612 1698 1648 1729 in
1661 1695 1757 1729 tertia
1768 1694 1892 1728 Arabia
1904 1692 2039 1727 aedifica‘

2057 1452 2172 1488 [Ab.1fi

2064 1503 2174 1530 ’,ηκιμ

2056 1655 2173 1684 Ηδ.υ.

2055 1703 2112 1733 cap.
2128 1697 2172 1726 26.

1146 1757 1218 1779 tum
1230 1745 1372 1779 castrum
1392 1746 1647 1779 munitissimum
1655 1769 1667 1786 ,
1694 1745 1883 1788 dierumque
1905 1746 2036 1776 Montem

1146 1797 1295 1840 Regalem.
1323 1795 1427 1844 Qlod
1440 1796 1570 1841 Regem
1580 1795 1714 1830 haberet
1730 1794 1950 1830 fundatorem.

1196 1845 1352 1888 Ejusdem
1364 1846 1479 1880 fabulae
1490 1857 1647 1890 patronus
1658 1844 1836 1880 Matthaeus
1852 1842 2035 1878 Parifienfis

1147 1895 1457 1937 Hierosolymitano
1468 1895 1708 1929 patriarchatui
1722 1894 1850 1937 subjicit
1863 1895 2035 1936 Metropo-

1147 1944 1222 1978 litas
1233 1942 2037 1988 Caesareensem,Tyrium‚Namrenumffletracen-

1147 1996 1227 2034 sem,
1238 1995 1273 2027 δε
1282 1994 1434 2038 adjungit
1447 2006 1455 2026 :
1473 1996 1514 2028 Id
1521 1995 1560 2035 est
1573 2019 1584 2034 ,
1595 2000 1707 2028 Montis
1717 1996 1847 2039 Regalis.
1875 1994 2034 2027 Montem

1147 2043 1308 2088 Regalem
1318 2043 1432 2077 nonin
1442 2045 1536 2078 tertia
1548 2046 1643 2087 ponit
1652 2043 1846 2083 Arabia‚sed
1855 2042 2034 2078 confundit

1146 2104 1224 2127 cum
1237 2093 1497 2134 Petra,secundae
1508 2093 1638 2129 Arabiae
1645 2093 1838 2136 Metropoli.
1849 2091 1912 2126 Per
1923 2092 1958 2124 N
1960 2104 2031 2126 aza-

1146 2154 1261 2178 renum
1274 2143 1430 2188 intelligit
1441 2143 1762 2188 Schytopolitanum.
1786 2143 1920 2176 Etenim
1934 2141 2033 2175 Flana

1145 2194 1196 2229 dri
1207 2194 1308 2229 nostri
1320 2195 1604 2238 Metropoliticam
1622 2193 1766 2228 secundae
1788 2192 1959 2227 Palestinae
1979 2192 2033 2225 Se-

1145 2245 1222 2279 dem
1243 2243 1439 2289 Schytop01i
1461 2244 1692 2280 transtulerunt
1716 2242 1751 2276 in
1774 2241 1949 2277 Nazareth.
1989 2242 2033 2275 Et

1146 2294 1317 2338 Mattheus
1325 2296 1383 2330 sub
1392 2296 1503 2339 Tyrio
1514 2296 1606 2339 poffit
1614 2298 1715 2333 etiam
1726 2294 1935 2336 Berytensem
1946 2303 2034 2325 com-

1146 2343 1350 2389 prehendere.
1378 2345 1482 2397 Qod
1492 2345 1592 2381 ambo
1605 2346 1665 2379 sint
1677 2344 1711 2376 in
1726 2343 1828 2386 prima
1850 2340 2033 2382 Phoenicia.

1147 2395 1270 2430 Verum
1283 2396 1480 2430 Petracenlis
1501 2396 1547 2430 est
1570 2394 1711 2428 omnino
1720 2393 1802 2426 alius
1827 2393 1846 2426 a
1868 2391 2034 2425 Philadel-

1147 2444 1278 2490 phienfi.
1307 2444 1538 2488 philadelphia
1550 2444 1640 2478 enirn
1653 2442 1916 2483 Ammonitidls,
1937 2441 2034 2479 Petra

1146 2495 1191 2529 est
1201 2495 1345 2531 ldumaeae
1357 2495 1486 2530 Arabiae
1498 2494 1708 2538 Metropolis,
1718 2492 1831 2527 eadem
1842 2504 1920 2526 cum
1931 2492 2032 2526 Bosra

1144 2548 1177 2581 δε
1189 2545 1356 2582 Theman.
1384 2547 1464 2580 Haec
1477 2546 1539 2579 tria
1549 2543 1692 2578 omnino
1713 2544 1787 2577 sunt
1807 2542 1934 2577 diversa
1954 2543 2032 2585 ejus-

1145 2597 1220 2631 dem
1232 2597 1374 2632 civitatis
1386 2595 1585 2631 nomina.1ta
1596 2596 1630 2627 in
1642 2594 1902 2628 Commentariis
1912 2592 1953 2626 ad
1962 2592 2029 2626 Ab·

1143 2647 1231 2681 diam
1244 2645 1456 2691 prophetam,
1469 2647 1503 2680 &
1515 2645 1554 2679 ad
1567 2644 1767 2689 Prophetam
1778 2643 1885 2678 Amos
1895 2643 2029 2677 demon·
2043 2657 2116 2695 Cap,
2141 2667 2166 2690 1.

1144 2697 1218 2731 strat
1239 2699 1374 2732 Sanetus
1386 2697 1626 2739 Hieronymus.
1650 2695 1806 2728 Praefatus
1827 2693 2029 2728 Guilielmus

1143 2746 1223 2782 reste
1235 2749 1353 2782 fatetur
1364 2746 1432 2781 haec
1443 2746 1574 2781 fundari
1587 2753 1619 2779 in
1629 2745 1807 2789 quibusdam
1816 2747 1953 2784 Scriptis,
1966 2754 2024 2786 que,²

1141 2798 1348 2831 auHoritatem
1365 2797 1478 2831 habent
1500 2809 1558 2830 non
1577 2798 1721 2829 modicam
1730 2797 1816 2837 apud
1823 2792 1999 2833 Palaeslinos
2013 2819 2025 2833 ,

1141 2850 1272 2882 maxime*
1282 2852 1410 2882 Graecos.
1440 2847 1573 2890 Utique
1584 2843 1818 2881 Schismaticos
1830 2869 1840 2884 ,
1867 2853 1924 2878 aut
1936 2845 2024 2878 certe

1142 2899 1337 2933 recentiores
1352 2923 1362 2938 ,
1372 2897 1523 2932 adsuetos
1533 2897 1629 2934 istius
1628 2896 1719 2930 modi
1732 2893 1870 2928 fabellis.
1878 2892 1973 2928 Nolo
1986 2895 2022 2932 in

1142 2960 1189 2983 res
1202 2949 1326 2988 lucidas
1338 2948 1515 2994 pretiosum
1524 2958 1652 2991 tempus
1663 2944 1854 2988 expendere.

1376 3081 1407 3116 C
1433 3080 1466 3116 A
1492 3080 1520 3113 P
1547 3078 1588 3116 U
1616 3077 1654 3117 T
1705 3078 1785 3115 III.

1141 3154 1356 3219 Exponl'tnr
1381 3143 1632 3194 Alexandrini
1661 3143 1897 3193 Patriarchae
1920 3151 2027 3191 Potc.

1199 3221 1283 3285 stas
1294 3224 1331 3267 in
1343 3213 1588 3283 consecrandis
1597 3212 1959 3287 Epistopisfharnm

1395 3308 1414 3348 j
1466 3287 1696 3352 Diaecefium.

1226 3395 1446 3432 Atriarchales
1456 3408 1492 3431 ac
1504 3394 1705 3440 Apostolicae
1714 3396 1811 3431 Sedes
1823 3408 1864 3431 ex
1883 3394 2026 3440 Ap0st0⁴

1237 3449 1302 3483 lico
1313 3447 1467 3483 instituto
1477 3458 1548 3482 non
1558 3449 1632 3481 sunt
1647 3448 1706 3481 nifi
1729 3458 1792 3481 tres
1812 3460 1819 3479 :
1847 3447 2001 3481 Romana
2015 3471 2026 3487 ,

1142 3499 1378 3541 Alexandrina,
1389 3511 1426 3535 ac
1436 3496 1665 3535 Anti0chena.
1675 3493 2021 3543 Constantinopolita-

1958 3557 1999 3584 ηε
2013 3570 2025 3589 ‚
