2346 3776
114 391 253 428 L3.c.31.

115 508 177 544 L5.
196 516 250 545 c.9.

115 624 199 659 L7.c.
205 633 234 660 9·

113 930 197 971 Epist.
207 934 251 963 ³8.

109 1272 219 1310 1⁰40!
227 1282 254 1304 ι.

124 2815 264 2856 12·4·t·23·

298 167 363 201 tuit
375 164 497 199 Hosius
510 163 579 198 :Ue
592 163 692 198 nullus
704 162 916 208 Epifioporum
924 173 962 196 ex
969 159 1028 206 sua
1050 163 1181 194 Provin-

299 223 346 250 cia
355 222 388 249 in
397 216 492 249 altam
513 217 707 250 Provinciam
723 211 860 257 transeat
869 236 877 245 .

351 264 480 300 Addit:
507 270 616 309 lnqua
634 264 709 309 sunt
729 262 887 306 Episcopi.
911 259 1097 297 ‘Etenimde
1109 271 1180 304 pro-

298 315 400 350 ximis
422 314 660 360 Apostolorum
677 312 907 349 successoribus
919 311 1088 356 Episcopis
1108 310 1180 344 scri·

298 364 348 401 bit
358 365 516 401 Eusebius
541 364 772 400 Caesaraeenfis:
799 364 991 397 Adomictliis
1011 359 1078 406 suis
1094 369 1180 404 pere-

294 427 350 460 gre
362 416 490 458 profem
507 426 616 449 munus
628 414 759 448 obierunt
767 413 1030 457 Evangelssarum
1043 437 1054 453 ,
1080 421 1178 455 atque

298 466 344 501 ita
355 466 477 510 ubique
504 463 625 499 Christi
649 461 749 498 fidem
776 463 984 507 plantarunt,
1009 463 1043 497 δε
1066 461 1180 496 Eccle-

297 516 356 550 sias
383 514 582 550 fundarunt.
611 514 717 549 Omni
742 513 1007 558 persecutionum
1032 522 1179 555 tempore

296 566 422 600 durasse
444 574 570 598 morem
606 563 766 598 testantur
790 564 939 598 Socrates
963 563 996 597 ὃ(
1022 561 1180 596 Zozome·

295 626 358 650 nus
384 639 393 647 .
435 614 530 649 Errat
556 613 770 658 Nicephorus
794 614 948 648 Calixtus
978 612 1089 656 primis
1114 609 1179 645 illis

298 663 470 709 Episcopis
489 675 558 699 non
582 665 676 699 fuisse
696 665 778 699 fixas
790 662 904 699 Sedes.
934 662 1046 697 Etiam
1058 661 1179 706 pacatis

297 713 657 759 Ecclesiaetemporibus
683 715 837 749 Sannum
865 713 1085 752 Vissricium,
1111 711 1179 745 Ro·

295 764 548 811 thomagensem
566 764 768 810 Episcopum
780 789 791 805 ,
817 763 978 798 Flandriae
991 760 1106 795 nostra:
1119 761 1179 805 pri-

295 825 390 854 mum
417 815 659 860 Apostolorum
681 838 692 856 ‚
720 815 831 849 laudat
856 825 896 847 ex
924 813 1042 846 Sancto
1069 811 1180 845 Pauli·

295 878 343 901 no
362 889 373 908 ,
400 865 498 901 Nolae
525 865 690 910 Episcopo
711 888 721 906 ,
749 863 1031 907 Martyrologium
1059 861 1180 895 Roma-

294 926 377 951 num
403 939 415 957 ,
441 915 534 960 quod
570 917 752 948 Morinorum
785 915 820 949 ό*
852 918 1041 948 Nerviorum
1072 921 1179 956 gentes

295 967 460 999 indomitas
496 965 583 998 verbi
617 966 833 1007 praedicatione
868 965 914 997 ad
941 960 1035 1005 fidem
1071 961 1181 1003 Christi

288 1017 492 1058 perduxerit,
519 1016 699 1059 omnesque
724 1013 797 1048 illas
821 1015 923 1058 usque
940 1014 980 1047 ad
1006 1016 1179 1049 Oceanum

291 1076 392 1100 terras
417 1063 563 1108 implerit
595 1063 748 1099 Ecclefiis
782 1064 815 1098 δε
847 1061 1059 1098 Monasteriis
1084 1088 1093 1095 .
1135 1062 1178 1096 Et

291 1117 444 1150 Sanctum
456 1114 638 1149 Eusebium
649 1140 659 1155 ‚
679 1113 939 1149 samosatensem
954 1112 1155 1157 Episcopum
1170 1136 1178 1151 ,

292 1166 382 1210 quod
409 1172 538 1207 tempore
551 1164 740 1206 Constantii,
767 1169 960 1207 Imperatoris
974 1168 1101 1203 Ariani,
1121 1161 1179 1206 sub

292 1216 398 1250 babitu
423 1216 554 1250 militari
574 1220 740 1259 incognitus
754 1239 764 1255 ‚
784 1214 927 1257 Ecdqst'as
953 1214 1011 1248 Dei
1037 1212 1179 1255 visitarit,

290 1267 325 1301 Θ
345 1271 380 1298 in
394 1265 458 1307 fide
481 1262 636 1298 catholica
648 1265 850 1307 confirmarit.
882 1262 1024 1307 Ubique
1034 1257 1178 1298 ordinas-

289 1318 322 1351 se
348 1313 557 1351 orthodoxos
592 1315 740 1350 clericos
766 1338 778 1355 ,
804 1311 896 1349 addit
923 1311 1176 1349 Theodoretus.

292 1366 431 1403 Alienas
457 1365 558 1400 etiam
585 1363 703 1400 Plebes
728 1364 747 1400 ὲ
771 1364 912 1400 Donato
939 1362 979 1398 ad
1007 1361 1176 1398 Christum

290 1415 646 1451 reducerestuduerunt
670 1425 796 1457 magno
822 1416 896 1449 zelo
924 1413 1078 1448 Africani
1100 1413 1176 1456 Epi·
1199 1427 1202 1430 ⁴

290 1467 404 1510 scopi,
431 1465 549 1510 easque
568 1465 704 1499 illorum
730 1466 804 1499 Sedi
832 1453 989 1509 perpetis&
1014 1464 1176 1507 adscripsit

291 1517 413 1551 Canon
441 1515 710 1560 Carthaginenfis
732 1539 739 1546 .
767 1515 872 1548 Hunc
894 1511 973 1558 ergo
995 1523 1176 1559 propagan-

290 1567 338 1602 dae
351 1564 428 1601 fidei
451 1563 601 1610 spiritum
625 1563 750 1600 Hosius
770 1564 880 1599 noluit
901 1562 1096 1609 extinguere
1119 1575 1176 1598 aut

291 1615 503 1653 contristare.

341 1664 494 1702 Secunda
504 1662 658 1700 Canonis
669 1676 741 1708 pars
753 1661 888 1698 damnat
897 1661 1067 1707 peregrina
1080 1687 1091 1703 ,
1118 1663 1179 1706 pri-

291 1728 350 1753 mae
363 1715 532 1761 praesertim
548 1715 719 1755 instantiae,
728 1713 851 1758 judicia
864 1738 874 1754 ,
893 1713 1048 1747 damnata
1060 1713 1139 1754 item
1159 1713 1177 1745 a

292 1769 399 1810 sexto'
415 1765 556 1800 Nicaeno
582 1765 745 1804 Canone,
771 1774 953 1807 eorumque
975 1765 1179 1807 praesumpto-

291 1827 342 1857 tes
354 1816 560 1852 Eusebianos
572 1840 579 1847 .
608 1814 745 1849 Etenim
756 1816 911 1850 Sannum
937 1812 1155 1848 Athanasium
1169 1837 1181 1852 ,

293 1867 508 1912 AEgyptiacae
518 1866 715 1911 Dioeceseos
723 1863 944 1911 patriarcham
956 1886 967 1904 ,
989 1862 1180 1898 austeritate

292 1915 459 1960 Principis
469 1925 650 1963 coegerunt
660 1924 750 1949 extra
762 1912 831 1959 ejus
843 1913 925 1958 fines
937 1913 978 1948 ad
1005 1913 1179 1956 Synodum

291 1967 435 2013 Tyriam
447 1991 459 2008 ,
469 1966 549 2001 &in
563 1963 778 2000 Antiochena
788 1965 984 2005 damnavere
994 1987 1001 1995 .
1030 1962 1181 1998 Eandem

292 2018 488 2053 violentiam
510 2016 693 2051 intulerunt
716 2015 866 2060 plurimis
891 2014 964 2048 aliis
985 2011 1182 2048 orthodoxis

298 2068 495 2113 Episcopis,
521 2065 718 2107 Ecclost‘asttca
731 2067 873 2106 judicia,
899 2063 1182 2106 utiscribitJulius

294 2118 456 2154 Pontifex
483 2139 495 2158 ,
521 2128 580 2150 non
601 2115 767 2159 secundum
793 2115 998 2158 Evangelium
1023 2137 1035 2156 ,
1056 2112 1115 2157 [ἑά
1133 2114 1185 2147 vel

295 2170 342 2205 ad
364 2169 509 2209 exilium,
534 2167 588 2200 vel
608 2166 653 2199 ad
670 2174 793 2199 mortem
811 2164 995 2207 instituentes
1008 2189 1015 2196 .
1042 2164 1087 2198 Et
1095 2162 1182 2198 hanc

297 2220 450 2254 Canonis
476 2227 601 2261 partem
623 2216 754 2259 respicit
775 2215 992 2250 Innocentius
1013 2214 1182 2257 primusin

296 2269 416 2304 litteris
444 2266 490 2301 'ad
517 2264 714 2302 victricium
746 2261 1054 2310 Rothomagensem
1077 2289 1088 2306 ‚
1115 2263 1182 2298 scri·

295 2320 377 2353 bens
403 2316 532 2363 quasvis
569 2317 680 2351 causas
705 2314 760 2358 seu
795 2316 1029 2350 contentiones
1055 2336 1066 2355 ,
1100 2312 1186 2350 inter

298 2370 480 2413 Episcopos
501 2391 511 2408 ,
536 2375 594 2401 aut
631 2366 768 2401 Clerum
806 2367 997 2400 inferiorem
1032 2375 1185 2404 exortas,

296 2417 523 2454 terminandas
548 2416 591 2451 ab
626 2415 768 2461 ejusdem
794 2414 978 2450 Provinciae
1015 2415 1186 2458 Episcopis

299 2468 504 2513 synodaliter
529 2465 761 2512 congregatis,
788 2477 849 2500 nec
870 2474 1071 2510 quemquam
1098 2465 1187 2507 posse

298 2519 342 2553 ad
387 2518 502 2551 alienae
551 2517 737 2551 Provinciae
778 2515 939 2558 judicium
983 2514 1160 2549 convolare
1175 2539 1185 2555 ,

301 2569 404 2612 idque
424 2566 590 2611 secundum
614 2567 757 2605 synodum
778 2569 940 2600 Nicaenam
953 2586 964 2605 ,
990 2564 1024 2599 id
1045 2564 1089 2598 est
1102 2592 1114 2608 ‚
1137 2564 1188 2598 uti

301 2617 506 2654 Hincmarus
541 2616 712 2650 Remenfis
735 2615 877 2658 exponit
895 2638 907 2656 ‚
944 2614 1189 2654 sardicensem,

301 2681 373 2714 quas
394 2665 719 2703 Niaenamlucidius
729 2664 936 2708 explanavit.
965 2663 1188 2707 Sophronium

303 2714 655 2762 Pompejopolitanum
668 2716 703 2749 in
715 2712 943 2760 Paphlagonia
964 2713 1164 2757 Episcopum
1178 2738 1189 2755 ‚

301 2769 474 2805 damnavit
483 2767 508 2809 ,‘
522 2767 604 2802 teste
615 2766 810 2800 Zozomeno
820 2788 832 2805 ,
842 2764 998 2808 Synodus
1007 2763 1190 2798 Seleucien-

303 2821 345 2855 fis
355 2845 366 2861 ‚
393 2818 485 2864 quod
494 2826 655 2852 extraneos
667 2820 701 2862 J
703 2817 803 2850 udices
814 2816 860 2849 ad
866 2813 945 2859 caus
938 2827 988 2847 am
992 2812 1084 2859 suam
1091 2825 1138 2858 cog
1142 2825 1190 2847 no·

300 2870 446 2915 fiendam
455 2868 600 2913 delegisset
607 2891 615 2900 .

355 2919 474 2955 Tertia
485 2916 639 2953 Canonis
662 2928 734 2961 pars
744 2916 935 2952 continetur
960 2912 1049 2950 hisce
1064 2911 1188 2949 verbis:

307 2970 352 3003 Ab
377 2976 438 3010 iis,
462 2975 514 3011 qui
529 2968 751 3010 judicaverunt
767 2992 778 3008 ,
800 2965 950 3010 scribatur
966 2967 1058 3011 Julio
1083 2966 1192 2998 Roma-

308 3031 412 3054 norum
431 3017 597 3062 Episcopo.
625 3015 776 3062 Exponit
787 3017 1004 3051 Innocentius
1024 3015 1189 3059 primusin

307 3070 374 3113 jam
387 3070 472 3104 dieta
484 3068 631 3112 Epistola
641 3093 651 3108 ,
678 3069 816 3102 asserens
825 3082 837 3109 ,-
847 3072 881 3100 in
890 3066 1025 3100 omnibus
1037 3062 1128 3107 caufis
1143 3073 1192 3098 cu-

302 3118 492 3160 stodiendam
505 3123 651 3152 Romanae
672 3117 807 3160 Ecclefiae
830 3123 1056 3157 reverentiam,
1081 3116 1117 3148 δι
1137 3114 1192 3148 ad·

307 3168 417 3203 deust>
435 3170 576 3203 stantem
596 3170 726 3210 majores
748 3165 847 3211 causae
869 3173 904 3200 in
928 3167 1058 3200 medium
1071 3164 1193 3207 fuerint

309 3219 461 3252 devoluta
483 3241 495 3257 ‚
518 3220 564 3252 ad
580 3220 686 3252 Sedem
705 3217 895 3260 Apostolicam
916 3242 927 3258 ,
944 3215 1020 3259 ficut
1041 3216 1192 3254 synodus,

311 3268 429 3309 utique
449 3267 662 3308 sardicensis,
681 3268 794 3309 statuit
812 3293 822 3308 ,
847 3269 883 3302 ό·
904 3267 994 3301 beata
1017 3264 1193 3309 consuetudo

311 3321 407 3362 exigit
417 3340 430 3358 ‚
437 3314 649 3358 postjudicium
657 3316 831 3360 Epist-opole
839 3317 993 3359 referatur
1002 3342 1010 3349 .
1037 3316 1077 3350 In
1087 3315 1192 3351 omni·

312 3368 375 3403 bus
383 3366 483 3401 causis
494 3365 653 3399 Romanae
662 3367 810 3400 Ecclesiae
829 3367 1020 3402 servandam
1029 3366 1113 3401 dicit
1125 3365 1192 3409 Ap-

312 3415 529 3463 pellationis,
552 3414 590 3449 in
615 3414 792 3457 majoribus
816 3426 927 3453 autem
954 3442 965 3457 ,
991 3417 1033 3451 de
1057 3416 1193 3460 Episco-

311 3478 431 3514 porum
463 3466 553 3502 statu
586 3463 819 3501 definientibus
852 3490 866 3507 ,
899 3467 1002 3502 etiam
1049 3466 1192 3501 Relatio·
1253 3466 1291 3500 sae
1314 3465 1407 3501 diffisi
1431 3489 1443 3506 ,
1471 3459 1648 3502 Romam,
1682 3458 1772 3505 quod
1793 3457 1863 3492 illic
1884 3457 1951 3492 fine

677 78 985 131 canones
1021 78 1327 131 CoNcan
1347 78 1749 131 zSARmCENsm

1241 159 1294 194 nis
1327 160 1541 243 rieveren'tiam
1567 186 1580 204 ,
1605 162 1705 209 idque
1740 161 1812 208 post
1845 160 2008 205 judicium
2041 162 2119 211 Epa

1240 212 1335 253 scopa
1350 221 1369 245 e
1379 235 1387 244 .

1289 260 1401 296 Etiam
1424 259 1490 297 haec
1510 273 1584 307 pars
1603 264 1736 307 impetit
1761 265 1940 300 factionem
1965 264 2122 299 Eusebia-

1241 322 1340 353 nam,
1364 312 1504 356 primam
1515 312 1717 357 Apostolicae
1741 315 1832 350 Sedis
1844 314 2050 358 conjuratam
2061 314 2122 349 ho·

1240 361 1344 402 stem,
1368 361 1521 398 adversus
1540 372 1640 405 quam
1661 363 1765 406 Julius
1789 364 1971 400 Pontifex:
1997 367 2030 398 si
2049 389 2061 406 ,
2085 372 2123 399 a!

1241 413 1366 453 dicitis,
1391 411 1571 449 Marcellus
1591 414 1626 448 δε
1639 411 1857 457 Athanasius,
1883 418 2000 449 omnino
2021 421 2055 449 in
2064 415 2123 449 cul-

1239 469 1284 504 pa
1294 461 1444 505 fuerunt,
1472 469 1602 506 oportuit
1616 461 1779 506 ,li-cundum
1803 470 1978 508 Cononem,
2005 467 2040 500 Θ
2063 476 2124 499 mm

1241 510 1291 553 isto
1303 514 1388 547 modo
1404 515 1556 555 judicium
1573 513 1664 558 fieri,
1690 521 1818 557 oportuit
1834 514 1961 558 scribere
1983 516 2124 550 omnibus

1241 562 1347 604 nobis,
1374 572 1409 596 ut
1417 568 1463 597 ita
1485 563 1523 597 ab
1547 564 1682 598 omnibus
1694 588 1704 604 ‚
1731 566 1813 608 quod
1822 564 1938 606 justum
1960 566 2026 610 effes
2037 590 2049 607 ,
2068 567 2125 600 ‘deo

1240 619 1407 647 cerneretur
1429 637 1436 646 .
1463 612 1603 657 Episcopi
1624 620 1704 648 enim
1725 624 1812 648 erant
1836 639 1847 656 ,
1874 616 1909 649 Θ
1933 626 1990 649 non
2016 618 2124 661 vulga-

1220 694 1221 697 ,
1241 668 1284 695 ris
1307 662 1443 706 Ecclefiae
1464 687 1475 704 ,
1494 669 1546 707 qut
1565 664 1619 706 fia
1632 663 1833 707 patiebantur
1846 689 1857 705 ,
1878 663 1938 708 sed
1955 676 2046 708 quam
2070 664 2128 708 tpfi

1243 713 1364 755 Apostoli
1382 711 1503 757 ficamet
1519 722 1609 757 opera
1618 716 1672 748 *ad
1686 714 1779 757 fidem
1802 715 2006 755 instruxerant
2022 740 2029 748 .
2058 720 2124 750 Cur·

1241 769 1333 807 igitur
1345 787 1356 803 ,
1383 765 1579 806 &inprimis
1598 765 1634 798 de
1646 766 1857 799 Alexandrina
1875 770 2003 799 civitate
2015 789 2026 805 ‚
2046 765 2126 799 nihil

1243 813 1324 847 nobis
1342 811 1471 857 scribere
1492 814 1647 856 vblutstts?
1673 819 1720 848 An
1743 820 1842 859 tgnasi
1864 814 1929 856 estis
1961 808 2038 848 harto
2059 826 2124 848 con-

1239 863 1429 907 suetudinem
1442 864 1492 909 effe
1505 887 1515 905 ,
1525 865 1697 906 utprimum
1709 866 1795 899 nobis
1800 864 1950 909 fivibatur
1963 889 1973 905 ,
1986 874 2020 899 ut
2031 865 2100 899 hinc
2111 889 2126 905 ,

1241 915 1321 956 quod
1325 913 1437 954 justum
1446 913 1507 955 est,
1533 916 1740 959 definiripofflt
1754 917 1770 949 ,θ
1798 919 1994 960 ‚Quapropter
2012 915 2044 957 fi
2062 915 2127 956 istic

1242 962 1409 1007 huiusmodi
1415 962 1541 1008 suspicio
1561 971 1595 998 in
1606 962 1783 1009 Epifiopum
1790 974 1928 1009 concepta
1932 965 2064 1008 fuerat,
2088 966 2128 999 td

1242 1012 1297 1048 huc
1321 1013 1366 1046 ad
1384 1014 1508 1055 nostram
1543 1014 1700 1057 Ecclefiam
1720 1016 1829 1056 referri
1858 1020 2002 1058 oportuit.
2029 1020 2124 1049 Nune

1243 1074 1342 1098 autem
1364 1075 1412 1097 eos
1434 1088 1445 1105 ,
1470 1075 1542 1107 quos
1564 1071 1700 1107 certiores
1720 1068 1843 1100 minime
1857 1066 1996 1107 fecerunt
2014 1089 2028 1106 ,
2046 1064 2125 1108 post-

1243 1126 1333 1157 quam
1361 1115 1401 1146 id
1417 1120 1552 1158 egerint,
1578 1116 1658 1158 quod
1680 1115 1770 1149 libuit
1789 1139 1799 1155 ‚
1820 1114 2033 1160 suffragatores
2054 1113 2123 1159 suae

1234 1167 1446 1197 *damnationis
1480 1188 1494 1206 ,
1527 1170 1574 1197 cui
1610 1175 1668 1198 non
1703 1165 1896 1207 interfuimus
1938 1189 1950 1206 ‚
1980 1166 2031 1209 effe
2068 1168 2122 1199 noir

1242 1216 1365 1248 volunt.

1292 1263 1441 1299 Afferere
1453 1263 1599 1305 videtur,
1624 1264 1751 1299 nullum
1763 1264 1962 1309 Episcopum
1974 1265 2041 1299 fine
2051 1275 2127 1308 prae·

1242 1313 1292 1349 via
1302 1313 1343 1349 ad
1370 1313 1487 1349 Sedem
1512 1314 1741 1359 Apostolicam
1767 1315 1967 1356 Relatione,
1985 1314 2126 1358 ‘ejusque

1242 1365 1353 1408 praevia
1365 1364 1498 1399 licentia
1523 1365 1644 1409 deponi
1656 1366 1745 1410 posse
1755 1366 1772 1399 a
1783 1366 1971 1400 Dioeceseos
1979 1374 2035 1398 aut
2045 1363 2127 1399 Pro-

1242 1415 1353 1449 vinciae
1380 1415 1546 1458 Synodis,
1572 1414 1662 1450 illam
1685 1416 1748 1450 esse
1760 1425 1949 1459 perpetuam
1974 1412 2125 1454 Ecclefiae

1241 1465 1513 1499 consuetudinem
1558 1466 1592 1499 &
1638 1465 1872 1510 Apostolicum
1919 1465 2095 1506 Canoneffl
2113 1488 2126 1505 ,

1242 1514 1382 1562 ideoque
1420 1514 1550 1558 quaestio
1577 1513 1623 1548 est
1650 1538 1661 1555 ,
1695 1515 1866 1558 quomodo
1895 1526 1963 1550 non
2000 1512 2127 1560 pugnet

1241 1565 1317 1599 cu'm
1343 1564 1544 1598 Innocentio
1569 1562 1800 1607 primo&h0c
1827 1564 1939 1598 nostro
1960 1564 2125 1598 Canone?

1243 1614 1440 1657 Respondeo
1469 1625 1537 1647 non
1566 1623 1713 1658 pugnare
1741 1639 1748 1646 .
1774 1614 1948 1661 Qidquid
1975 1614 2067 1648 enim
2083 1612 2128 1648 de

1242 1664 1356 1707 praevia
1395 1662 1572 1697 Relatione
1609 1664 1691 1697 dicit
1718 1687 1729 1703 ,
1759 1665 1869 1707 tangit
1906 1663 2009 1697 solam
2047 1662 2128 1696 Ale-

1242 1713 1436 1747 xandrinam
1469 1712 1680 1751 Ecclefiam,·
1721 1711 1987 1756 Autocephalam
2012 1736 2024 1752 ‚
2064 1711 2127 1746 1²24

1242 1762 1470 1803 triarchalem,
1498 1762 1700 1806 Apostolicae
1727 1761 1801 1797 Sedi
1825 1761 1982 1806 privative
2001 1762 2035 1796 &
2059 1759 2128 1806 {iud

1244 1813 1355 1848 medio
1391 1812 1568 1855 subjestam
1594 1837 1604 1854 ‚
1630 1810 1723 1856 cujus
1762 1810 1898 1857 proinde
1924 1811 2130 1856 Episcopum

1244 1862 1505 1907 nullusjudicare
1518 1861 1642 1906 potest,
1669 1863 1727 1896 nifi
1755 1863 1910 1898 Romana
1927 1861 2044 1903 Sedes,
2075 1860 2128 1896 uti

1245 1914 1336 1958 supra
1350 1913 1390 1947 ad
1421 1914 1549 1950 sextum
1572 1912 1746 1947 Nicaenum
1759 1912 1935 1947 Canonem
1955 1923 1997 1947 ex
2023 1912 2128 1955 Syno‘-

1242 1964 1286 1999 do
1323 1963 1483 2008 Ephesina
1509 1963 1695 1997 audivimus
1724 1962 1766 1998 de
1791 1961 1978 1999 Patriarcha
2006 1961 2131 1996 Antio·

1242 2014 1350 2049 cheno
1377 2038 1384 2045 .
1414 2012 1646 2047 Nihilominus
1672 2013 1963 2058 Metropolitarum
1982 2013 2130 2059 praesum·

1244 2065 1314 2109 ptio
1335 2062 1421 2099 varia
1436 2088 1447 2104 ,
1471 2064 1506 2097 δε
1527 2062 1562 2097 in
1589 2061 1807 2108 suffraganeos
1834 2061 2032 2102 crudelitas,
2057 2070 2129 2096 tan·-

1243 2115 1319 2149 dem
1333 2114 1445 2159 coegit
1461 2111 1627 2148 mutari&
1639 2112 1771 2148 extendi
1792 2113 1962 2158 regulam.
1988 2112 2138 2156 Propter,

1245 2164 1423 2199 Hincmari
1445 2188 1457 2204 ‚
1484 2164 1695 2198 Remensium
1722 2163 1945 2207 Metropolitae
1963 2185 1975 2203 ,
2000 2162 2036 2195 in
2059 2161 2130 2196 Ro·

1244 2214 1417 2255 thaldum‚
1444 2213 1702 2247 Sueffionensem
1717 2214 1941 2257 Episcopum,
1967 2211 2129 2255 tragicam

1246 2263 1426 2300 barbariem
1457 2262 1560 2297 edixit
1587 2262 1749 2297 Nicolaus
1773 2263 1898 2306 primus
1933 2260 2065 2295 nullum
2091 2260 2129 2294 in

1246 2313 1468 2350 Occidentem
1488 2313 1590 2348 etiarn
1607 2311 1850 2347 provincialem
1862 2310 2065 2356 Episcopum
2073 2309 2130 2346 der

1249 2364 1326 2410 poni
1350 2364 1437 2408 posse
1460 2363 1525 2397 sine
1539 2364 1594 2397 sua
1606 2363 1722 2406 praevia
1740 2361 1875 2397 licentia
1889 2385 1899 2401 ,
1927 2361 1997 2405 post
2011 2361 2128 2405 longas

1247 2414 1481 2450 contentiones
1497 2413 1596 2447 evicit
1614 2412 1749 2447 tandem
1769 2437 1780 2452 ,
1807 2411 2006 2455 domuitque
2024 2411 2131 2453 super-

1248 2465 1326 2500 bum
1336 2465 1370 2498 &
1381 2461 1630 2507 Autocephaliz
1636 2459 2059 2507 praesumptoremhominis
2068 2459 2129 2503 spi-

1249 2514 1348 2550 ritum
1363 2539 1373 2554 ,
1398 2513 1521 2556 dequo
1543 2511 1646 2546 infra.

1297 2565 1428 2612 Qarta
1440 2560 1590 2605 Canonis
1602 2572 1673 2606 pars
1681 2561 1798 2608 tangit'
1812 2562 1998 2605 supremum
2007 2558 2132 2596 Romi-

1251 2625 1300 2650 nae
1325 2614 1491 2654 Ecclefiae,
1518 2612 1673 2650 &sanai
1697 2612 1786 2647 Petri
1813 2610 1968 2655 Apostoli
1995 2607 2132 2644 privile·

1250 2666 1343 2710 gium
1368 2685 1380 2704 ,
1407 2664 1576 2698 Romanas
1594 2674 1637 2697 ex
1657 2663 1753 2697 omni
1780 2661 1921 2707 Ecclesia
1941 2658 2132 2704 appellatio·

1251 2726 1328 2754 nes,
1354 2711 1662 2757 impugnatas&ad
1680 2711 1932 2747 exufflationem
1954 2709 2132 2753 postulatas

1250 2763 1420 2798 afastione
1446 2762 1654 2803 Eusebiana,
1680 2762 1782 2807 prima
1806 2759 1916 2796 radice
1941 2758 2132 2794 schismatis

1251 2813 1408 2849 Photiani
1428 2836 1436 2845 .
1471 2811 1501 2846 A
1531 2810 1640 2856 Tyria
1664 2812 1699 2846 δε
1717 2809 1933 2845 Antiochena
1959 2809 2132 2844 Encaenim

1251 2876 1324 2899 rum
1334 2862 1495 2908 synodo,
1521 2861 1637 2906 Judice
1657 2861 1848 2906 peregrina,
1875 2872 1932 2905 per
1952 2859 2134 2894 calumnio-

1252 2917 1299 2949 sas
1330 2912 1549 2949 violentarum
1576 2912 1768 2947 insidiarum
1793 2909 1930 2952 technas
1959 2909 2133 2944 damnatus

1253 2965 1387 3000 Sanstus
1408 2962 1606 2998 Athanasius
1626 2986 1638 3004 ,
1663 2961 1896 3005 volutatusque
1921 2971 1977 3004 per
2001 2955 2130 2994 calami·

1254 3026 1336 3050 tates
1363 3014 1520 3057 plurimas
1545 3036 1556 3054 ‚
1583 3012 1763 3056 appellavit
1788 3011 1913 3055 Julium
1938 3009 2129 3045 Romanum

1253 3065 1453 3099 Pontificem
1478 3088 1489 3104 ‚
1521 3063 1653 3106 ejusque
1681 3062 1872 3106 exemplum
1903 3058 2006 3095 secuti
2033 3057 2128 3096 sunt,

1253 3114 1375 3149 Paulus
1406 3114 1588 3158 Episcopus
1619 3109 2008 3155 Constantinopolitanus
2029 3130 2041 3147 ‚
2065 3105 2129 3139 Lu-

1251 3164 1322 3199 cius
1344 3163 1685 3206 Adrianopolitanus,
1712 3160 1892 3196 Marcellus
1913 3158 2129 3199 Ancyranus,

1255 3215 1411 3258 Asclepas
1430 3213 1586 3248 Gazensis
1612 3237 1624 3253 ,
1658 3213 1780 3256 aliique
1801 3209 1903 3255 longe
1925 3207 2032 3251 plures
2059 3229 2070 3245 s
2096 3205 2131 3238 sl·

1253 3264 1372 3300 miliaa
1384 3265 1526 3311 faffione
1535 3263 1614 3307 paffi
1624 3287 1632 3295 .
1642 3258 1981 3304 Faffionemjudioem
1992 3281 2003 3297 ‚
2015 3254 2131 3310 judicii

1253 3315 1398 3349 rationes
1423 3314 1574 3349 daturam
1599 3337 1611 3355 ,
1635 3312 1789 3347 evocavit
1823 3310 1967 3343 Romam
1997 3305 2133 3349 Julius,

1247 3364 1366 3409 secutus
1390 3390 1401 3405 ‚
1427 3363 1609 3399 uti‘scribit
1628 3360 1867 3397 Theodoretus'
1885 3380 1897 3397 ,
1922 3354 2055 3397 Ecclestae
2074 3358 2134 3388 Ca-

1251 3427 1357 3449 nonem
1367 3441 1376 3455 ,
1390 3416 1504 3459 utique
1513 3412 1744 3458 Apostolicum
1752 3419 1850 3453 atque
1860 3405 2021 3441 divinum.
2048 3404 2134 3440 Cau-

1971 3454 2081 3491 milite
2099 3455 2135 3490 δι

1985 3504 2087 3541 Com·

2147 3391 2224 3421 1..2.c

2225 3396 2265 3425 ες·
