<?xml version="1.0" encoding="UTF-8"?>
<!DOCTYPE html PUBLIC "-//W3C//DTD XHTML 1.0 Transitional//EN"
    "http://www.w3.org/TR/xhtml1/DTD/xhtml1-transitional.dtd">
<html xmlns="http://www.w3.org/1999/xhtml" xml:lang="en" lang="en">
 <head>
  <title>
</title>
<meta http-equiv="Content-Type" content="text/html;charset=utf-8" />
  <meta name='ocr-system' content='tesseract 3.04.00' />
  <meta name='ocr-capabilities' content='ocr_page ocr_carea ocr_par ocr_line ocrx_word'/>
</head>
<body>
  <div class='ocr_page' id='page_1' title='image "./operaomniastudio01lupuuoft_0061.png"; bbox 0 0 2346 3776; ppageno 0'>
   <div class='ocr_carea' id='block_1_1' title="bbox 633 100 1081 154">
    <p class='ocr_par' dir='ltr' id='par_1_1' title="bbox 633 100 1081 154">
     <span class='ocr_line' id='line_1_1' title="bbox 633 100 1081 154; baseline -0.002 0"><span class='ocrx_word' id='word_1_1' title='bbox 633 100 1081 154; x_wconf 71' lang='lat' dir='ltr'>DisssskrA‘rm</span> 
     </span>
    </p>
   </div>
   <div class='ocr_carea' id='block_1_2' title="bbox 155 178 1065 3469">
    <p class='ocr_par' dir='ltr' id='par_1_2' title="bbox 174 178 1065 1226">
     <span class='ocr_line' id='line_1_2' title="bbox 186 178 1063 231; baseline -0.01 -9"><span class='ocrx_word' id='word_1_2' title='bbox 186 183 255 221; x_wconf 65' lang='lat' dir='ltr'>hec</span> <span class='ocrx_word' id='word_1_3' title='bbox 269 184 375 231; x_wconf 80' lang='lat' dir='ltr'>Regia</span> <span class='ocrx_word' id='word_1_4' title='bbox 384 184 422 219; x_wconf 88' lang='lat' dir='ltr'>in·</span> <span class='ocrx_word' id='word_1_5' title='bbox 431 178 569 223; x_wconf 75' lang='lat' dir='ltr'>Ecclesie</span> <span class='ocrx_word' id='word_1_6' title='bbox 581 181 795 216; x_wconf 86' lang='lat' dir='ltr'>facultatesac</span> <span class='ocrx_word' id='word_1_7' title='bbox 803 179 988 214; x_wconf 86' lang='lat' dir='ltr'>libertatem</span> <span class='ocrx_word' id='word_1_8' title='bbox 996 180 1063 214; x_wconf 92' lang='lat' dir='ltr'>vio-</span> 
     </span>
     <span class='ocr_line' id='line_1_3' title="bbox 187 230 1064 277; baseline -0.007 -7"><span class='ocrx_word' id='word_1_9' title='bbox 187 236 290 271; x_wconf 87' lang='lat' dir='ltr'>lentia</span> <span class='ocrx_word' id='word_1_10' title='bbox 300 231 534 277; x_wconf 74' lang='lat' dir='ltr'>nongratsatur</span> <span class='ocrx_word' id='word_1_11' title='bbox 543 230 629 274; x_wconf 81' lang='lat' dir='ltr'>apud</span> <span class='ocrx_word' id='word_1_12' title='bbox 639 231 726 268; x_wconf 85' lang='lat' dir='ltr'>solos</span> <span class='ocrx_word' id='word_1_13' title='bbox 738 230 883 265; x_wconf 88' lang='lat' dir='ltr'>Latinos.</span> <span class='ocrx_word' id='word_1_14' title='bbox 896 230 1064 264; x_wconf 89' lang='lat' dir='ltr'>Discimus</span> 
     </span>
     <span class='ocr_line' id='line_1_4' title="bbox 188 280 1065 326; baseline -0.009 -5"><span class='ocrx_word' id='word_1_15' title='bbox 188 285 310 324; x_wconf 71' lang='lat' dir='ltr'>tertio,</span> <span class='ocrx_word' id='word_1_16' title='bbox 334 281 423 326; x_wconf 86' lang='lat' dir='ltr'>quod</span> <span class='ocrx_word' id='word_1_17' title='bbox 434 280 524 317; x_wconf 84' lang='lat' dir='ltr'>idem</span> <span class='ocrx_word' id='word_1_18' title='bbox 535 281 612 316; x_wconf 86' lang='lat' dir='ltr'>Rex</span> <span class='ocrx_word' id='word_1_19' title='bbox 633 282 786 318; x_wconf 86' lang='lat' dir='ltr'>nominet</span> <span class='ocrx_word' id='word_1_20' title='bbox 804 291 921 315; x_wconf 83' lang='lat' dir='ltr'>omnes</span> <span class='ocrx_word' id='word_1_21' title='bbox 929 280 1065 323; x_wconf 88' lang='lat' dir='ltr'>Episco-</span> 
     </span>
     <span class='ocr_line' id='line_1_5' title="bbox 187 330 1062 379; baseline -0.008 -10"><span class='ocrx_word' id='word_1_22' title='bbox 187 345 255 379; x_wconf 84' lang='lat' dir='ltr'>pos.</span> <span class='ocrx_word' id='word_1_23' title='bbox 266 332 423 368; x_wconf 46' lang='lat' dir='ltr'>evidetur</span> <span class='ocrx_word' id='word_1_24' title='bbox 442 330 533 374; x_wconf 78' lang='lat' dir='ltr'>quod</span> <span class='ocrx_word' id='word_1_25' title='bbox 554 330 641 366; x_wconf 91' lang='lat' dir='ltr'>solos</span> <span class='ocrx_word' id='word_1_26' title='bbox 662 331 895 367; x_wconf 87' lang='lat' dir='ltr'>Provinciales.</span> <span class='ocrx_word' id='word_1_27' title='bbox 929 330 1062 367; x_wconf 86' lang='lat' dir='ltr'>Etenim</span> 
     </span>
     <span class='ocr_line' id='line_1_6' title="bbox 184 379 1064 429; baseline -0.007 -10"><span class='ocrx_word' id='word_1_28' title='bbox 184 381 331 429; x_wconf 66' lang='lat' dir='ltr'>jamdixi</span> <span class='ocrx_word' id='word_1_29' title='bbox 344 406 360 422; x_wconf 89' lang='lat'>,.</span> <span class='ocrx_word' id='word_1_30' title='bbox 375 380 465 426; x_wconf 91' lang='lat' dir='ltr'>quod</span> <span class='ocrx_word' id='word_1_31' title='bbox 478 380 703 425; x_wconf 73' lang='lat' dir='ltr'>Metropolitae</span> <span class='ocrx_word' id='word_1_32' title='bbox 714 381 885 417; x_wconf 76' lang='lat' dir='ltr'>videantur</span> <span class='ocrx_word' id='word_1_33' title='bbox 893 379 1010 415; x_wconf 90' lang='lat' dir='ltr'>debere</span> <span class='ocrx_word' id='word_1_34' title='bbox 1021 381 1064 414; x_wconf 88' lang='lat' dir='ltr'>es-</span> 
     </span>
     <span class='ocr_line' id='line_1_7' title="bbox 185 430 1064 478; baseline -0.003 -12"><span class='ocrx_word' id='word_1_35' title='bbox 185 435 218 469; x_wconf 84' lang='lat' dir='ltr'>se</span> <span class='ocrx_word' id='word_1_36' title='bbox 227 432 387 477; x_wconf 82' lang='lat' dir='ltr'>AEgyptii</span> <span class='ocrx_word' id='word_1_37' title='bbox 399 455 411 472; x_wconf 91' lang='lat'>‚</span> <span class='ocrx_word' id='word_1_38' title='bbox 436 430 584 475; x_wconf 86' lang='lat' dir='ltr'>adeoque</span> <span class='ocrx_word' id='word_1_39' title='bbox 594 443 650 476; x_wconf 86' lang='lat' dir='ltr'>per</span> <span class='ocrx_word' id='word_1_40' title='bbox 659 432 787 478; x_wconf 84' lang='lat' dir='ltr'>Regem</span> <span class='ocrx_word' id='word_1_41' title='bbox 797 442 867 467; x_wconf 89' lang='lat' dir='ltr'>non</span> <span class='ocrx_word' id='word_1_42' title='bbox 875 441 996 475; x_wconf 84' lang='lat' dir='ltr'>queant</span> <span class='ocrx_word' id='word_1_43' title='bbox 1007 441 1064 464; x_wconf 91' lang='lat' dir='ltr'>no-</span> 
     </span>
     <span class='ocr_line' id='line_1_8' title="bbox 182 479 1062 529; baseline -0.005 -12"><span class='ocrx_word' id='word_1_44' title='bbox 182 483 311 519; x_wconf 79' lang='lat' dir='ltr'>minari.</span> <span class='ocrx_word' id='word_1_45' title='bbox 348 479 480 529; x_wconf 65' lang='lat' dir='ltr'>Qarto</span> <span class='ocrx_word' id='word_1_46' title='bbox 499 481 658 519; x_wconf 83' lang='lat' dir='ltr'>discimus</span> <span class='ocrx_word' id='word_1_47' title='bbox 677 507 690 524; x_wconf 89' lang='lat'><strong>,</strong></span> <span class='ocrx_word' id='word_1_48' title='bbox 709 480 816 525; x_wconf 59' lang='lat' dir='ltr'>&#39;quod</span> <span class='ocrx_word' id='word_1_49' title='bbox 840 480 916 516; x_wconf 85' lang='lat' dir='ltr'>Rex</span> <span class='ocrx_word' id='word_1_50' title='bbox 947 491 1062 515; x_wconf 90' lang='lat' dir='ltr'>omnes</span> 
     </span>
     <span class='ocr_line' id='line_1_9' title="bbox 179 530 1061 577; baseline -0.006 -10"><span class='ocrx_word' id='word_1_51' title='bbox 179 532 282 567; x_wconf 78' lang='lat' dir='ltr'>etiam</span> <span class='ocrx_word' id='word_1_52' title='bbox 305 530 452 567; x_wconf 86' lang='lat' dir='ltr'>Clericos</span> <span class='ocrx_word' id='word_1_53' title='bbox 464 532 617 568; x_wconf 89' lang='lat' dir='ltr'>nominet</span> <span class='ocrx_word' id='word_1_54' title='bbox 630 557 641 577; x_wconf 91' lang='lat'>‚</span> <span class='ocrx_word' id='word_1_55' title='bbox 666 534 701 570; x_wconf 84' lang='lat'>&amp;</span> <span class='ocrx_word' id='word_1_56' title='bbox 721 532 871 570; x_wconf 85' lang='lat' dir='ltr'>conferat</span> <span class='ocrx_word' id='word_1_57' title='bbox 885 530 1061 565; x_wconf 90' lang='lat' dir='ltr'>Beneficia.</span> 
     </span>
     <span class='ocr_line' id='line_1_10' title="bbox 179 580 1063 629; baseline -0.002 -14"><span class='ocrx_word' id='word_1_58' title='bbox 179 581 316 629; x_wconf 73' lang='lat' dir='ltr'>Quinto</span> <span class='ocrx_word' id='word_1_59' title='bbox 326 606 337 622; x_wconf 95' lang='lat'>‚</span> <span class='ocrx_word' id='word_1_60' title='bbox 363 582 454 626; x_wconf 88' lang='lat' dir='ltr'>quod</span> <span class='ocrx_word' id='word_1_61' title='bbox 465 582 592 619; x_wconf 89' lang='lat' dir='ltr'>Primas</span> <span class='ocrx_word' id='word_1_62' title='bbox 603 594 718 618; x_wconf 86' lang='lat' dir='ltr'>omnes</span> <span class='ocrx_word' id='word_1_63' title='bbox 741 581 964 619; x_wconf 86' lang='lat' dir='ltr'>Provinciales</span> <span class='ocrx_word' id='word_1_64' title='bbox 986 580 1063 624; x_wconf 87' lang='lat' dir='ltr'>Epi-</span> 
     </span>
     <span class='ocr_line' id='line_1_11' title="bbox 181 630 1062 677; baseline -0.005 -11"><span class='ocrx_word' id='word_1_65' title='bbox 181 632 300 676; x_wconf 81' lang='lat' dir='ltr'>scopos</span> <span class='ocrx_word' id='word_1_66' title='bbox 310 655 322 673; x_wconf 86' lang='lat'>,</span> <span class='ocrx_word' id='word_1_67' title='bbox 346 634 526 677; x_wconf 85' lang='lat' dir='ltr'>omnesque</span> <span class='ocrx_word' id='word_1_68' title='bbox 535 634 638 669; x_wconf 81' lang='lat' dir='ltr'>totius</span> <span class='ocrx_word' id='word_1_69' title='bbox 646 632 806 671; x_wconf 80' lang='lat' dir='ltr'>Dioecefis</span> <span class='ocrx_word' id='word_1_70' title='bbox 818 632 966 670; x_wconf 86' lang='lat' dir='ltr'>Clericos</span> <span class='ocrx_word' id='word_1_71' title='bbox 976 630 1062 664; x_wconf 89' lang='lat' dir='ltr'>solus</span> 
     </span>
     <span class='ocr_line' id='line_1_12' title="bbox 178 680 1062 727; baseline 0.003 -11"><span class='ocrx_word' id='word_1_72' title='bbox 178 683 349 717; x_wconf 84' lang='lat' dir='ltr'>consecret</span> <span class='ocrx_word' id='word_1_73' title='bbox 364 695 374 726; x_wconf 89' lang='lat'>·,</span> <span class='ocrx_word' id='word_1_74' title='bbox 398 683 486 719; x_wconf 84' lang='lat' dir='ltr'>solus</span> <span class='ocrx_word' id='word_1_75' title='bbox 507 683 640 722; x_wconf 86' lang='lat' dir='ltr'>damnet</span> <span class='ocrx_word' id='word_1_76' title='bbox 660 695 698 721; x_wconf 81' lang='lat' dir='ltr'>ac</span> <span class='ocrx_word' id='word_1_77' title='bbox 709 681 865 727; x_wconf 78' lang='lat' dir='ltr'>degrader</span> <span class='ocrx_word' id='word_1_78' title='bbox 877 707 888 722; x_wconf 96' lang='lat'>,</span> <span class='ocrx_word' id='word_1_79' title='bbox 913 680 1062 723; x_wconf 76' lang='lat' dir='ltr'>adeoque</span> 
     </span>
     <span class='ocr_line' id='line_1_13' title="bbox 180 731 1061 776; baseline -0.002 -11"><span class='ocrx_word' id='word_1_80' title='bbox 180 731 406 776; x_wconf 78' lang='lat' dir='ltr'>Metropolitae</span> <span class='ocrx_word' id='word_1_81' title='bbox 427 745 497 768; x_wconf 81' lang='lat' dir='ltr'>non</span> <span class='ocrx_word' id='word_1_82' title='bbox 518 734 650 776; x_wconf 86' lang='lat' dir='ltr'>plenam</span> <span class='ocrx_word' id='word_1_83' title='bbox 671 732 852 769; x_wconf 70' lang='lat' dir='ltr'>secundnm</span> <span class='ocrx_word' id='word_1_84' title='bbox 875 732 1032 767; x_wconf 85' lang='lat' dir='ltr'>Canones</span> <span class='ocrx_word' id='word_1_85' title='bbox 1051 753 1061 769; x_wconf 93' lang='lat'>,</span> 
     </span>
     <span class='ocr_line' id='line_1_14' title="bbox 179 781 1061 826; baseline -0.003 -11"><span class='ocrx_word' id='word_1_86' title='bbox 179 781 414 826; x_wconf 79' lang='lat' dir='ltr'>sedinfigniter</span> <span class='ocrx_word' id='word_1_87' title='bbox 420 782 769 819; x_wconf 69' lang='lat' dir='ltr'>contrastamhabea-nt</span> <span class='ocrx_word' id='word_1_88' title='bbox 776 781 1061 825; x_wconf 89' lang='lat' dir='ltr'>Metropoliticam</span> 
     </span>
     <span class='ocr_line' id='line_1_15' title="bbox 179 831 1060 876; baseline -0.005 -10"><span class='ocrx_word' id='word_1_89' title='bbox 179 831 516 876; x_wconf 74' lang='lat' dir='ltr'>potestatem-Nempe</span> <span class='ocrx_word' id='word_1_90' title='bbox 526 834 678 868; x_wconf 87' lang='lat' dir='ltr'>omnium</span> <span class='ocrx_word' id='word_1_91' title='bbox 688 832 949 868; x_wconf 78' lang='lat' dir='ltr'>provincialium</span> <span class='ocrx_word' id='word_1_92' title='bbox 960 831 1060 864; x_wconf 84' lang='lat' dir='ltr'>etiam</span> 
     </span>
     <span class='ocr_line' id='line_1_16' title="bbox 178 880 1062 928; baseline -0.002 -14"><span class='ocrx_word' id='word_1_93' title='bbox 178 881 418 925; x_wconf 84' lang='lat' dir='ltr'>Episcoporum</span> <span class='ocrx_word' id='word_1_94' title='bbox 433 884 696 919; x_wconf 82' lang='lat' dir='ltr'>consecrationes</span> <span class='ocrx_word' id='word_1_95' title='bbox 707 884 850 928; x_wconf 70' lang='lat' dir='ltr'>spestant</span> <span class='ocrx_word' id='word_1_96' title='bbox 863 881 905 916; x_wconf 87' lang='lat' dir='ltr'>ad</span> <span class='ocrx_word' id='word_1_97' title='bbox 918 880 1062 915; x_wconf 86' lang='lat' dir='ltr'>Alexan—</span> 
     </span>
     <span class='ocr_line' id='line_1_17' title="bbox 176 930 1060 977; baseline 0 -13"><span class='ocrx_word' id='word_1_98' title='bbox 176 930 252 965; x_wconf 78' lang='lat' dir='ltr'>driae</span> <span class='ocrx_word' id='word_1_99' title='bbox 260 930 482 967; x_wconf 77' lang='lat' dir='ltr'>patriarcham</span> <span class='ocrx_word' id='word_1_100' title='bbox 495 946 502 965; x_wconf 89' lang='lat'>:</span> <span class='ocrx_word' id='word_1_101' title='bbox 514 933 549 970; x_wconf 78' lang='grc' dir='ltr'>δε</span> <span class='ocrx_word' id='word_1_102' title='bbox 561 932 616 968; x_wconf 91' lang='lat' dir='ltr'>hic</span> <span class='ocrx_word' id='word_1_103' title='bbox 628 934 711 977; x_wconf 89' lang='lat' dir='ltr'>ipsas</span> <span class='ocrx_word' id='word_1_104' title='bbox 722 932 767 968; x_wconf 90' lang='lat' dir='ltr'>ob</span> <span class='ocrx_word' id='word_1_105' title='bbox 779 934 930 967; x_wconf 83' lang='lat' dir='ltr'>locorum</span> <span class='ocrx_word' id='word_1_106' title='bbox 942 930 1060 966; x_wconf 83' lang='lat' dir='ltr'>distan-</span> 
     </span>
     <span class='ocr_line' id='line_1_18' title="bbox 175 981 1062 1022; baseline -0.002 -7"><span class='ocrx_word' id='word_1_107' title='bbox 175 981 259 1015; x_wconf 74' lang='lat' dir='ltr'>tiam</span> <span class='ocrx_word' id='word_1_108' title='bbox 268 981 302 1015; x_wconf 80' lang='grc' dir='ltr'>δε</span> <span class='ocrx_word' id='word_1_109' title='bbox 313 982 433 1016; x_wconf 89' lang='lat' dir='ltr'>nimias</span> <span class='ocrx_word' id='word_1_110' title='bbox 442 983 515 1021; x_wconf 82' lang='lat' dir='ltr'>suas</span> <span class='ocrx_word' id='word_1_111' title='bbox 525 983 562 1017; x_wconf 91' lang='lat' dir='ltr'>in</span> <span class='ocrx_word' id='word_1_112' title='bbox 574 983 805 1022; x_wconf 82' lang='lat' dir='ltr'>Romanarum</span> <span class='ocrx_word' id='word_1_113' title='bbox 817 984 947 1018; x_wconf 82' lang='lat' dir='ltr'>suatum</span> <span class='ocrx_word' id='word_1_114' title='bbox 968 981 1062 1015; x_wconf 85' lang='lat' dir='ltr'>Dioe-</span> 
     </span>
     <span class='ocr_line' id='line_1_19' title="bbox 174 1029 1060 1078; baseline -0.005 -13"><span class='ocrx_word' id='word_1_115' title='bbox 174 1031 286 1065; x_wconf 81' lang='lat' dir='ltr'>cesion</span> <span class='ocrx_word' id='word_1_116' title='bbox 297 1033 527 1068; x_wconf 89' lang='lat' dir='ltr'>consecrandis</span> <span class='ocrx_word' id='word_1_117' title='bbox 539 1034 711 1078; x_wconf 84' lang='lat' dir='ltr'>Episcopis</span> <span class='ocrx_word' id='word_1_118' title='bbox 721 1033 956 1076; x_wconf 86' lang='lat' dir='ltr'>occupationes</span> <span class='ocrx_word' id='word_1_119' title='bbox 977 1029 1060 1063; x_wconf 83' lang='lat' dir='ltr'>dele-</span> 
     </span>
     <span class='ocr_line' id='line_1_20' title="bbox 175 1080 1059 1127; baseline -0.005 -12"><span class='ocrx_word' id='word_1_120' title='bbox 175 1082 269 1127; x_wconf 80' lang='lat' dir='ltr'>gavit</span> <span class='ocrx_word' id='word_1_121' title='bbox 279 1081 332 1115; x_wconf 83' lang='lat' dir='ltr'>isti</span> <span class='ocrx_word' id='word_1_122' title='bbox 343 1083 402 1117; x_wconf 90' lang='lat' dir='ltr'>suo</span> <span class='ocrx_word' id='word_1_123' title='bbox 416 1082 561 1118; x_wconf 87' lang='lat' dir='ltr'>Vicario.</span> <span class='ocrx_word' id='word_1_124' title='bbox 589 1085 643 1119; x_wconf 85' lang='lat' dir='ltr'>Ex</span> <span class='ocrx_word' id='word_1_125' title='bbox 661 1095 726 1127; x_wconf 89' lang='lat' dir='ltr'>qua</span> <span class='ocrx_word' id='word_1_126' title='bbox 747 1085 842 1117; x_wconf 88' lang='lat' dir='ltr'>causa</span> <span class='ocrx_word' id='word_1_127' title='bbox 863 1081 918 1115; x_wconf 89' lang='lat' dir='ltr'>hic</span> <span class='ocrx_word' id='word_1_128' title='bbox 931 1080 1059 1114; x_wconf 86' lang='lat' dir='ltr'>Primas</span> 
     </span>
     <span class='ocr_line' id='line_1_21' title="bbox 175 1129 1059 1176; baseline -0.001 -10"><span class='ocrx_word' id='word_1_129' title='bbox 175 1133 312 1166; x_wconf 62' lang='lat' dir='ltr'>cunctos</span> <span class='ocrx_word' id='word_1_130' title='bbox 322 1131 445 1176; x_wconf 87' lang='lat' dir='ltr'>ubique</span> <span class='ocrx_word' id='word_1_131' title='bbox 456 1134 604 1169; x_wconf 87' lang='lat' dir='ltr'>Clericos</span> <span class='ocrx_word' id='word_1_132' title='bbox 614 1134 702 1169; x_wconf 90' lang='lat' dir='ltr'>solus</span> <span class='ocrx_word' id='word_1_133' title='bbox 713 1134 883 1169; x_wconf 87' lang='lat' dir='ltr'>consecret</span> <span class='ocrx_word' id='word_1_134' title='bbox 895 1155 906 1175; x_wconf 86' lang='lat'><strong><em>,</em></strong></span> <span class='ocrx_word' id='word_1_135' title='bbox 933 1129 999 1165; x_wconf 87' lang='lat' dir='ltr'>huc</span> <span class='ocrx_word' id='word_1_136' title='bbox 1011 1129 1059 1161; x_wconf 89' lang='lat' dir='ltr'>us-</span> 
     </span>
     <span class='ocr_line' id='line_1_22' title="bbox 176 1184 447 1226; baseline -0.007 -10"><span class='ocrx_word' id='word_1_137' title='bbox 176 1192 241 1226; x_wconf 68' lang='lat' dir='ltr'>que</span> <span class='ocrx_word' id='word_1_138' title='bbox 253 1192 322 1217; x_wconf 88' lang='lat' dir='ltr'>non</span> <span class='ocrx_word' id='word_1_139' title='bbox 335 1184 447 1225; x_wconf 85' lang='lat' dir='ltr'>reperi.</span> 
     </span>
    </p>

    <p class='ocr_par' dir='ltr' id='par_1_3' title="bbox 168 1227 1061 2168">
     <span class='ocr_line' id='line_1_23' title="bbox 227 1227 1059 1278; baseline -0.004 -14"><span class='ocrx_word' id='word_1_140' title='bbox 227 1231 309 1278; x_wconf 73' lang='lat' dir='ltr'>Qiae</span> <span class='ocrx_word' id='word_1_141' title='bbox 328 1233 443 1267; x_wconf 88' lang='lat' dir='ltr'>omnia</span> <span class='ocrx_word' id='word_1_142' title='bbox 463 1232 638 1269; x_wconf 79' lang='lat' dir='ltr'>confirmat</span> <span class='ocrx_word' id='word_1_143' title='bbox 660 1241 751 1265; x_wconf 87' lang='lat' dir='ltr'>vetus</span> <span class='ocrx_word' id='word_1_144' title='bbox 760 1255 771 1270; x_wconf 93' lang='lat'>,</span> <span class='ocrx_word' id='word_1_145' title='bbox 799 1229 841 1265; x_wconf 81' lang='lat' dir='ltr'>ab</span> <span class='ocrx_word' id='word_1_146' title='bbox 866 1227 1059 1264; x_wconf 84' lang='lat' dir='ltr'>Abrahamo</span> 
     </span>
     <span class='ocr_line' id='line_1_24' title="bbox 175 1277 1061 1322; baseline -0.003 -9"><span class='ocrx_word' id='word_1_147' title='bbox 175 1280 349 1317; x_wconf 84' lang='lat' dir='ltr'>EKellensi</span> <span class='ocrx_word' id='word_1_148' title='bbox 360 1280 564 1322; x_wconf 81' lang='lat' dir='ltr'>publicatum</span> <span class='ocrx_word' id='word_1_149' title='bbox 577 1304 587 1319; x_wconf 89' lang='lat'>‚</span> <span class='ocrx_word' id='word_1_150' title='bbox 600 1278 907 1315; x_wconf 82' lang='lat' dir='ltr'>Alexandrinorum</span> <span class='ocrx_word' id='word_1_151' title='bbox 921 1277 1061 1311; x_wconf 87' lang='lat' dir='ltr'>Patriar-</span> 
     </span>
     <span class='ocr_line' id='line_1_25' title="bbox 175 1324 1059 1373; baseline -0.003 -10"><span class='ocrx_word' id='word_1_152' title='bbox 175 1327 313 1363; x_wconf 78' lang='lat' dir='ltr'>charum</span> <span class='ocrx_word' id='word_1_153' title='bbox 323 1328 526 1365; x_wconf 76' lang='lat' dir='ltr'>Chronicon.</span> <span class='ocrx_word' id='word_1_154' title='bbox 553 1324 683 1372; x_wconf 86' lang='lat' dir='ltr'>Josephi</span> <span class='ocrx_word' id='word_1_155' title='bbox 695 1353 704 1368; x_wconf 97' lang='lat'>,</span> <span class='ocrx_word' id='word_1_156' title='bbox 730 1327 788 1373; x_wconf 87' lang='lat' dir='ltr'>qui</span> <span class='ocrx_word' id='word_1_157' title='bbox 799 1327 840 1362; x_wconf 87' lang='lat' dir='ltr'>ad</span> <span class='ocrx_word' id='word_1_158' title='bbox 853 1327 935 1360; x_wconf 91' lang='lat' dir='ltr'>noni</span> <span class='ocrx_word' id='word_1_159' title='bbox 956 1326 1059 1360; x_wconf 77' lang='lat' dir='ltr'>saeculi</span> 
     </span>
     <span class='ocr_line' id='line_1_26' title="bbox 174 1377 1058 1421; baseline -0.005 -8"><span class='ocrx_word' id='word_1_160' title='bbox 174 1378 323 1413; x_wconf 73' lang='lat' dir='ltr'>medium</span> <span class='ocrx_word' id='word_1_161' title='bbox 335 1377 415 1413; x_wconf 86' lang='lat' dir='ltr'>sedit</span> <span class='ocrx_word' id='word_1_162' title='bbox 426 1402 436 1418; x_wconf 92' lang='lat'>‚</span> <span class='ocrx_word' id='word_1_163' title='bbox 463 1377 659 1415; x_wconf 79' lang='lat' dir='ltr'>Patriarchae</span> <span class='ocrx_word' id='word_1_164' title='bbox 670 1378 753 1413; x_wconf 69' lang='lat' dir='ltr'>Acta</span> <span class='ocrx_word' id='word_1_165' title='bbox 763 1377 902 1421; x_wconf 82' lang='lat' dir='ltr'>exponit</span> <span class='ocrx_word' id='word_1_166' title='bbox 917 1402 928 1417; x_wconf 90' lang='lat'>‚</span> <span class='ocrx_word' id='word_1_167' title='bbox 941 1378 974 1410; x_wconf 86' lang='lat'>&amp;</span> <span class='ocrx_word' id='word_1_168' title='bbox 990 1377 1058 1410; x_wconf 88' lang='lat' dir='ltr'>scri-</span> 
     </span>
     <span class='ocr_line' id='line_1_27' title="bbox 175 1426 1059 1472; baseline -0.003 -11"><span class='ocrx_word' id='word_1_169' title='bbox 175 1427 227 1462; x_wconf 81' lang='lat' dir='ltr'>bit</span> <span class='ocrx_word' id='word_1_170' title='bbox 240 1440 246 1460; x_wconf 91' lang='lat'>:</span> <span class='ocrx_word' id='word_1_171' title='bbox 267 1429 348 1469; x_wconf 82' lang='lat' dir='ltr'>Ejus</span> <span class='ocrx_word' id='word_1_172' title='bbox 360 1437 487 1470; x_wconf 79' lang='lat' dir='ltr'>tempore</span> <span class='ocrx_word' id='word_1_173' title='bbox 499 1428 663 1472; x_wconf 70' lang='lat' dir='ltr'>Epiftopus</span> <span class='ocrx_word' id='word_1_174' title='bbox 673 1430 799 1472; x_wconf 78' lang='lat' dir='ltr'>quidam</span> <span class='ocrx_word' id='word_1_175' title='bbox 810 1436 878 1464; x_wconf 82' lang='lat' dir='ltr'>erat</span> <span class='ocrx_word' id='word_1_176' title='bbox 888 1434 921 1460; x_wconf 92' lang='lat' dir='ltr'>in</span> <span class='ocrx_word' id='word_1_177' title='bbox 934 1426 1059 1465; x_wconf 77' lang='lat' dir='ltr'>AEthyo-</span> 
     </span>
     <span class='ocr_line' id='line_1_28' title="bbox 169 1476 1057 1523; baseline -0.001 -13"><span class='ocrx_word' id='word_1_178' title='bbox 169 1485 248 1523; x_wconf 78' lang='lat' dir='ltr'>pia,</span> <span class='ocrx_word' id='word_1_179' title='bbox 273 1490 361 1521; x_wconf 87' lang='lat' dir='ltr'>quem</span> <span class='ocrx_word' id='word_1_180' title='bbox 370 1478 555 1519; x_wconf 64' lang='lat' dir='ltr'>constituerat</span> <span class='ocrx_word' id='word_1_181' title='bbox 568 1478 737 1512; x_wconf 84' lang='lat' dir='ltr'>Patriarba</span> <span class='ocrx_word' id='word_1_182' title='bbox 742 1481 774 1522; x_wconf 88' lang='lat' dir='ltr'><em>J</em></span> <span class='ocrx_word' id='word_1_183' title='bbox 776 1477 844 1510; x_wconf 87' lang='lat' dir='ltr'>acob</span> <span class='ocrx_word' id='word_1_184' title='bbox 859 1502 870 1517; x_wconf 86' lang='lat'><strong><em>,</em></strong></span> <span class='ocrx_word' id='word_1_185' title='bbox 897 1476 1057 1509; x_wconf 87' lang='lat' dir='ltr'>secundus</span> 
     </span>
     <span class='ocr_line' id='line_1_29' title="bbox 176 1523 1057 1573; baseline 0.002 -12"><span class='ocrx_word' id='word_1_186' title='bbox 176 1527 309 1573; x_wconf 83' lang='lat' dir='ltr'>Josephi</span> <span class='ocrx_word' id='word_1_187' title='bbox 319 1528 504 1563; x_wconf 75' lang='lat' dir='ltr'>antecessor.</span> <span class='ocrx_word' id='word_1_188' title='bbox 533 1533 618 1562; x_wconf 79' lang='lat' dir='ltr'>Hunc</span> <span class='ocrx_word' id='word_1_189' title='bbox 630 1553 640 1569; x_wconf 89' lang='lat'><strong>,</strong></span> <span class='ocrx_word' id='word_1_190' title='bbox 665 1529 767 1573; x_wconf 80' lang='lat' dir='ltr'>egresso</span> <span class='ocrx_word' id='word_1_191' title='bbox 787 1531 866 1571; x_wconf 85' lang='lat' dir='ltr'>Rege</span> <span class='ocrx_word' id='word_1_192' title='bbox 885 1523 1057 1566; x_wconf 76' lang='lat' dir='ltr'>AEtbyopiae</span> 
     </span>
     <span class='ocr_line' id='line_1_30' title="bbox 176 1577 1057 1622; baseline 0 -11"><span class='ocrx_word' id='word_1_193' title='bbox 176 1578 221 1611; x_wconf 86' lang='lat' dir='ltr'>ad</span> <span class='ocrx_word' id='word_1_194' title='bbox 238 1577 345 1613; x_wconf 79' lang='lat' dir='ltr'>beilum</span> <span class='ocrx_word' id='word_1_195' title='bbox 364 1603 375 1620; x_wconf 88' lang='lat'><strong>,</strong></span> <span class='ocrx_word' id='word_1_196' title='bbox 401 1581 490 1615; x_wconf 80' lang='lat' dir='ltr'>exilio</span> <span class='ocrx_word' id='word_1_197' title='bbox 509 1579 668 1613; x_wconf 69' lang='lat' dir='ltr'>muletavit</span> <span class='ocrx_word' id='word_1_198' title='bbox 685 1582 802 1622; x_wconf 79' lang='lat' dir='ltr'>Regina</span> <span class='ocrx_word' id='word_1_199' title='bbox 822 1579 857 1611; x_wconf 69' lang='lat'>&lt;9⁸</span> <span class='ocrx_word' id='word_1_200' title='bbox 877 1578 1021 1617; x_wconf 67' lang='lat' dir='ltr'>PrincepJ</span> <span class='ocrx_word' id='word_1_201' title='bbox 1047 1600 1057 1615; x_wconf 91' lang='lat'>‚</span> 
     </span>
     <span class='ocr_line' id='line_1_31' title="bbox 175 1625 1056 1675; baseline -0.007 -13"><span class='ocrx_word' id='word_1_202' title='bbox 175 1628 297 1671; x_wconf 78' lang='lat' dir='ltr'>ideoque</span> <span class='ocrx_word' id='word_1_203' title='bbox 308 1630 428 1662; x_wconf 70' lang='lat' dir='ltr'>minime*</span> <span class='ocrx_word' id='word_1_204' title='bbox 434 1631 516 1671; x_wconf 81' lang='lat' dir='ltr'>pluit</span> <span class='ocrx_word' id='word_1_205' title='bbox 523 1640 554 1664; x_wconf 88' lang='lat' dir='ltr'>eo</span> <span class='ocrx_word' id='word_1_206' title='bbox 575 1641 655 1663; x_wconf 85' lang='lat' dir='ltr'>anno</span> <span class='ocrx_word' id='word_1_207' title='bbox 670 1653 682 1670; x_wconf 83' lang='lat'>‚</span> <span class='ocrx_word' id='word_1_208' title='bbox 707 1630 742 1667; x_wconf 59' lang='grc'>(9</span> <span class='ocrx_word' id='word_1_209' title='bbox 757 1626 819 1671; x_wconf 53' lang='lat' dir='ltr'>pest</span> <span class='ocrx_word' id='word_1_210' title='bbox 820 1633 847 1660; x_wconf 90' lang='lat' dir='ltr'>is</span> <span class='ocrx_word' id='word_1_211' title='bbox 864 1626 998 1675; x_wconf 76' lang='lat' dir='ltr'><em>grassata</em></span> <span class='ocrx_word' id='word_1_212' title='bbox 1019 1625 1056 1664; x_wconf 87' lang='lat' dir='ltr'>est</span> 
     </span>
     <span class='ocr_line' id='line_1_32' title="bbox 173 1676 1056 1723; baseline -0.007 -11"><span class='ocrx_word' id='word_1_213' title='bbox 173 1685 291 1719; x_wconf 78' lang='lat' dir='ltr'>pereas</span> <span class='ocrx_word' id='word_1_214' title='bbox 303 1682 454 1723; x_wconf 78' lang='lat' dir='ltr'>Regiones.</span> <span class='ocrx_word' id='word_1_215' title='bbox 483 1680 605 1723; x_wconf 74' lang='lat' dir='ltr'>Remiffi</span> <span class='ocrx_word' id='word_1_216' title='bbox 618 1676 870 1720; x_wconf 80' lang='lat' dir='ltr'>autemEpiscopo</span> <span class='ocrx_word' id='word_1_217' title='bbox 891 1682 922 1708; x_wconf 87' lang='lat' dir='ltr'>in</span> <span class='ocrx_word' id='word_1_218' title='bbox 942 1678 1056 1718; x_wconf 71' lang='lat' dir='ltr'>AEgyp-</span> 
     </span>
     <span class='ocr_line' id='line_1_33' title="bbox 177 1726 1057 1771; baseline -0.006 -10"><span class='ocrx_word' id='word_1_219' title='bbox 177 1736 243 1760; x_wconf 77' lang='lat' dir='ltr'>tum</span> <span class='ocrx_word' id='word_1_220' title='bbox 251 1753 261 1768; x_wconf 94' lang='lat'>,</span> <span class='ocrx_word' id='word_1_221' title='bbox 288 1730 379 1762; x_wconf 84' lang='lat' dir='ltr'>alium</span> <span class='ocrx_word' id='word_1_222' title='bbox 383 1728 437 1770; x_wconf 86' lang='lat' dir='ltr'>fibi</span> <span class='ocrx_word' id='word_1_223' title='bbox 447 1729 653 1769; x_wconf 84' lang='lat' dir='ltr'>constituerunt</span> <span class='ocrx_word' id='word_1_224' title='bbox 659 1738 776 1771; x_wconf 82' lang='lat' dir='ltr'>praeter</span> <span class='ocrx_word' id='word_1_225' title='bbox 787 1732 947 1760; x_wconf 84' lang='lat' dir='ltr'>Canonem.</span> <span class='ocrx_word' id='word_1_226' title='bbox 963 1726 1057 1768; x_wconf 72' lang='lat' dir='ltr'>,Quod</span> 
     </span>
     <span class='ocr_line' id='line_1_34' title="bbox 173 1776 1055 1821; baseline -0.003 -12"><span class='ocrx_word' id='word_1_227' title='bbox 173 1784 344 1818; x_wconf 76' lang='lat' dir='ltr'>percipiens</span> <span class='ocrx_word' id='word_1_228' title='bbox 358 1782 425 1812; x_wconf 85' lang='lat' dir='ltr'>Rex</span> <span class='ocrx_word' id='word_1_229' title='bbox 437 1778 607 1820; x_wconf 81' lang='lat' dir='ltr'>AEthyopiae</span> <span class='ocrx_word' id='word_1_230' title='bbox 617 1777 755 1821; x_wconf 84' lang='lat' dir='ltr'>reversus</span> <span class='ocrx_word' id='word_1_231' title='bbox 766 1780 786 1810; x_wconf 70' lang='lat' dir='ltr'>a</span> <span class='ocrx_word' id='word_1_232' title='bbox 798 1778 870 1810; x_wconf 87' lang='lat' dir='ltr'>bello</span> <span class='ocrx_word' id='word_1_233' title='bbox 880 1801 889 1816; x_wconf 91' lang='lat'>‚</span> <span class='ocrx_word' id='word_1_234' title='bbox 904 1776 1055 1819; x_wconf 68' lang='lat' dir='ltr'>aegerrime</span> 
     </span>
     <span class='ocr_line' id='line_1_35' title="bbox 175 1826 1055 1870; baseline -0.006 -10"><span class='ocrx_word' id='word_1_235' title='bbox 175 1827 267 1867; x_wconf 77' lang='lat' dir='ltr'>tulit,</span> <span class='ocrx_word' id='word_1_236' title='bbox 291 1826 423 1869; x_wconf 68' lang='lat' dir='ltr'>misitque</span> <span class='ocrx_word' id='word_1_237' title='bbox 432 1829 546 1869; x_wconf 85' lang='lat' dir='ltr'>aliquos</span> <span class='ocrx_word' id='word_1_238' title='bbox 558 1852 568 1868; x_wconf 86' lang='lat'>‚</span> <span class='ocrx_word' id='word_1_239' title='bbox 594 1834 645 1870; x_wconf 87' lang='lat' dir='ltr'>qui</span> <span class='ocrx_word' id='word_1_240' title='bbox 668 1833 790 1861; x_wconf 81' lang='lat' dir='ltr'>veniam</span> <span class='ocrx_word' id='word_1_241' title='bbox 808 1834 944 1867; x_wconf 83' lang='lat' dir='ltr'>peterent</span> <span class='ocrx_word' id='word_1_242' title='bbox 962 1826 981 1855; x_wconf 77' lang='grc' dir='ltr'><em>ἃ</em></span> <span class='ocrx_word' id='word_1_243' title='bbox 994 1827 1055 1856; x_wconf 91' lang='lat' dir='ltr'>Deo</span> 
     </span>
     <span class='ocr_line' id='line_1_36' title="bbox 174 1872 1054 1917; baseline 0.005 -7"><span class='ocrx_word' id='word_1_244' title='bbox 174 1886 211 1910; x_wconf 76' lang='lat' dir='ltr'>ae</span> <span class='ocrx_word' id='word_1_245' title='bbox 219 1876 401 1909; x_wconf 77' lang='lat' dir='ltr'>Patriarcha</span> <span class='ocrx_word' id='word_1_246' title='bbox 423 1890 429 1908; x_wconf 95' lang='lat'>:</span> <span class='ocrx_word' id='word_1_247' title='bbox 455 1878 490 1911; x_wconf 64' lang='grc'>6·</span> <span class='ocrx_word' id='word_1_248' title='bbox 511 1878 697 1911; x_wconf 80' lang='lat' dir='ltr'>reduxerunt</span> <span class='ocrx_word' id='word_1_249' title='bbox 722 1878 806 1909; x_wconf 87' lang='lat' dir='ltr'>illum</span> <span class='ocrx_word' id='word_1_250' title='bbox 824 1872 1002 1917; x_wconf 83' lang='lat' dir='ltr'>Episcopum</span> <span class='ocrx_word' id='word_1_251' title='bbox 1023 1878 1054 1903; x_wconf 71' lang='lat' dir='ltr'>m</span> 
     </span>
     <span class='ocr_line' id='line_1_37' title="bbox 174 1919 1058 1967; baseline -0.007 -9"><span class='ocrx_word' id='word_1_252' title='bbox 174 1924 377 1967; x_wconf 68' lang='lat' dir='ltr'>AEthyopsam.</span> <span class='ocrx_word' id='word_1_253' title='bbox 405 1925 565 1959; x_wconf 84' lang='lat' dir='ltr'>Notanda</span> <span class='ocrx_word' id='word_1_254' title='bbox 574 1927 649 1960; x_wconf 90' lang='lat' dir='ltr'>sunt</span> <span class='ocrx_word' id='word_1_255' title='bbox 662 1925 756 1962; x_wconf 85' lang='lat' dir='ltr'>verba</span> <span class='ocrx_word' id='word_1_256' title='bbox 771 1938 777 1958; x_wconf 92' lang='lat'>:</span> <span class='ocrx_word' id='word_1_257' title='bbox 805 1921 926 1965; x_wconf 80' lang='lat' dir='ltr'>Remiffo</span> <span class='ocrx_word' id='word_1_258' title='bbox 936 1925 966 1954; x_wconf 85' lang='lat' dir='ltr'>E</span> <span class='ocrx_word' id='word_1_259' title='bbox 962 1919 1058 1964; x_wconf 87' lang='lat' dir='ltr'>pisco-</span> 
     </span>
     <span class='ocr_line' id='line_1_38' title="bbox 168 1971 1053 2019; baseline -0.005 -12"><span class='ocrx_word' id='word_1_260' title='bbox 168 1983 213 2019; x_wconf 80' lang='lat' dir='ltr'>po</span> <span class='ocrx_word' id='word_1_261' title='bbox 221 1976 270 2007; x_wconf 88' lang='lat' dir='ltr'>illo</span> <span class='ocrx_word' id='word_1_262' title='bbox 280 1982 311 2008; x_wconf 90' lang='lat' dir='ltr'>in</span> <span class='ocrx_word' id='word_1_263' title='bbox 322 1977 496 2018; x_wconf 76' lang='lat' dir='ltr'>AEgyptum,</span> <span class='ocrx_word' id='word_1_264' title='bbox 509 1974 657 2009; x_wconf 89' lang='lat' dir='ltr'>Innuunt</span> <span class='ocrx_word' id='word_1_265' title='bbox 669 1975 871 2018; x_wconf 87' lang='lat' dir='ltr'>Episcopum</span> <span class='ocrx_word' id='word_1_266' title='bbox 884 1971 972 2005; x_wconf 89' lang='lat' dir='ltr'>hunc</span> <span class='ocrx_word' id='word_1_267' title='bbox 983 1983 1053 2004; x_wconf 89' lang='lat' dir='ltr'>non</span> 
     </span>
     <span class='ocr_line' id='line_1_39' title="bbox 173 2019 1054 2060; baseline -0.006 -2"><span class='ocrx_word' id='word_1_268' title='bbox 173 2024 346 2060; x_wconf 77' lang='lat' dir='ltr'>dumtaxat</span> <span class='ocrx_word' id='word_1_269' title='bbox 364 2026 458 2059; x_wconf 76' lang='lat' dir='ltr'>fuisse</span> <span class='ocrx_word' id='word_1_270' title='bbox 479 2026 706 2060; x_wconf 70' lang='lat' dir='ltr'>consalutatum</span> <span class='ocrx_word' id='word_1_271' title='bbox 722 2025 741 2058; x_wconf 78' lang='lat' dir='ltr'>a</span> <span class='ocrx_word' id='word_1_272' title='bbox 762 2020 950 2060; x_wconf 87' lang='lat' dir='ltr'>Patriarcha</span> <span class='ocrx_word' id='word_1_273' title='bbox 963 2044 973 2060; x_wconf 90' lang='lat'><strong>,</strong></span> <span class='ocrx_word' id='word_1_274' title='bbox 1000 2019 1054 2054; x_wconf 90' lang='lat' dir='ltr'>sed</span> 
     </span>
     <span class='ocr_line' id='line_1_40' title="bbox 175 2070 1056 2120; baseline -0.007 -12"><span class='ocrx_word' id='word_1_275' title='bbox 175 2074 306 2118; x_wconf 87' lang='lat' dir='ltr'>insuper</span> <span class='ocrx_word' id='word_1_276' title='bbox 314 2076 407 2112; x_wconf 78' lang='lat' dir='ltr'>fuisse</span> <span class='ocrx_word' id='word_1_277' title='bbox 419 2074 634 2120; x_wconf 87' lang='lat' dir='ltr'>AEgyptium.</span> <span class='ocrx_word' id='word_1_278' title='bbox 661 2073 762 2109; x_wconf 84' lang='lat' dir='ltr'>Poffit</span> <span class='ocrx_word' id='word_1_279' title='bbox 786 2072 879 2108; x_wconf 79' lang='lat' dir='ltr'>fuiffe</span> <span class='ocrx_word' id='word_1_280' title='bbox 898 2071 970 2114; x_wconf 88' lang='lat' dir='ltr'>quis</span> <span class='ocrx_word' id='word_1_281' title='bbox 984 2070 1056 2103; x_wconf 90' lang='lat' dir='ltr'>Me-</span> 
     </span>
     <span class='ocr_line' id='line_1_41' title="bbox 174 2118 1057 2168; baseline -0.007 -10"><span class='ocrx_word' id='word_1_282' title='bbox 174 2124 341 2168; x_wconf 84' lang='lat' dir='ltr'>tropolita.</span> <span class='ocrx_word' id='word_1_283' title='bbox 369 2125 528 2159; x_wconf 82' lang='lat' dir='ltr'>Notanda</span> <span class='ocrx_word' id='word_1_284' title='bbox 539 2127 614 2159; x_wconf 88' lang='lat' dir='ltr'>sunt</span> <span class='ocrx_word' id='word_1_285' title='bbox 625 2126 659 2159; x_wconf 76' lang='grc' dir='ltr'>ἀ</span> <span class='ocrx_word' id='word_1_286' title='bbox 670 2123 735 2158; x_wconf 82' lang='lat' dir='ltr'>haec</span> <span class='ocrx_word' id='word_1_287' title='bbox 746 2123 840 2157; x_wconf 87' lang='lat' dir='ltr'>verba</span> <span class='ocrx_word' id='word_1_288' title='bbox 854 2134 860 2152; x_wconf 91' lang='lat'>:</span> <span class='ocrx_word' id='word_1_289' title='bbox 890 2122 987 2154; x_wconf 82' lang='lat' dir='ltr'>Alium</span> <span class='ocrx_word' id='word_1_290' title='bbox 1002 2118 1057 2161; x_wconf 80' lang='lat' dir='ltr'>fibi</span> 
     </span>
    </p>

    <p class='ocr_par' dir='ltr' id='par_1_4' title="bbox 155 2169 1059 2518">
     <span class='ocr_line' id='line_1_42' title="bbox 155 2169 1055 2217; baseline -0.006 -9"><span class='ocrx_word' id='word_1_291' title='bbox 155 2207 157 2212; x_wconf 79' lang='grc'>,</span> <span class='ocrx_word' id='word_1_292' title='bbox 173 2173 509 2217; x_wconf 72' lang='lat' dir='ltr'>constitueruntpraeter</span> <span class='ocrx_word' id='word_1_293' title='bbox 519 2179 678 2211; x_wconf 82' lang='lat' dir='ltr'>Canonem.</span> <span class='ocrx_word' id='word_1_294' title='bbox 706 2174 783 2217; x_wconf 29' lang='lat' dir='ltr'>Fui-t</span> <span class='ocrx_word' id='word_1_295' title='bbox 804 2171 926 2215; x_wconf 82' lang='lat' dir='ltr'>duplex</span> <span class='ocrx_word' id='word_1_296' title='bbox 946 2169 1055 2204; x_wconf 89' lang='lat' dir='ltr'>Cano-</span> 
     </span>
     <span class='ocr_line' id='line_1_43' title="bbox 175 2220 1058 2269; baseline -0.01 -9"><span class='ocrx_word' id='word_1_297' title='bbox 175 2224 230 2260; x_wconf 81' lang='lat' dir='ltr'>nis</span> <span class='ocrx_word' id='word_1_298' title='bbox 248 2226 478 2267; x_wconf 71' lang='lat' dir='ltr'>praevaricatio.</span> <span class='ocrx_word' id='word_1_299' title='bbox 515 2225 625 2259; x_wconf 84' lang='lat' dir='ltr'>Prima</span> <span class='ocrx_word' id='word_1_300' title='bbox 636 2249 646 2265; x_wconf 92' lang='lat'>,</span> <span class='ocrx_word' id='word_1_301' title='bbox 672 2223 762 2269; x_wconf 86' lang='lat' dir='ltr'>quod</span> <span class='ocrx_word' id='word_1_302' title='bbox 781 2222 859 2258; x_wconf 81' lang='lat' dir='ltr'>esset</span> <span class='ocrx_word' id='word_1_303' title='bbox 884 2220 1058 2264; x_wconf 77' lang='lat' dir='ltr'>illegitima</span> 
     </span>
     <span class='ocr_line' id='line_1_44' title="bbox 176 2269 1059 2317; baseline -0.007 -10"><span class='ocrx_word' id='word_1_304' title='bbox 176 2274 452 2317; x_wconf 78' lang='lat' dir='ltr'>Superordinatio.</span> <span class='ocrx_word' id='word_1_305' title='bbox 481 2276 627 2310; x_wconf 85' lang='lat' dir='ltr'>Secunda</span> <span class='ocrx_word' id='word_1_306' title='bbox 638 2300 648 2315; x_wconf 90' lang='lat'>‚</span> <span class='ocrx_word' id='word_1_307' title='bbox 675 2273 764 2317; x_wconf 87' lang='lat' dir='ltr'>quod</span> <span class='ocrx_word' id='word_1_308' title='bbox 785 2272 863 2309; x_wconf 80' lang='lat' dir='ltr'>esset</span> <span class='ocrx_word' id='word_1_309' title='bbox 883 2269 1059 2304; x_wconf 82' lang='lat' dir='ltr'>Consecra-</span> 
     </span>
     <span class='ocr_line' id='line_1_45' title="bbox 177 2320 1057 2363; baseline -0.007 -5"><span class='ocrx_word' id='word_1_310' title='bbox 177 2324 228 2358; x_wconf 86' lang='lat' dir='ltr'>tio</span> <span class='ocrx_word' id='word_1_311' title='bbox 239 2325 318 2361; x_wconf 70' lang='lat' dir='ltr'>citra</span> <span class='ocrx_word' id='word_1_312' title='bbox 329 2337 466 2359; x_wconf 88' lang='lat' dir='ltr'>manum</span> <span class='ocrx_word' id='word_1_313' title='bbox 477 2337 514 2363; x_wconf 88' lang='lat' dir='ltr'>ac</span> <span class='ocrx_word' id='word_1_314' title='bbox 526 2329 658 2360; x_wconf 88' lang='lat' dir='ltr'>veniam</span> <span class='ocrx_word' id='word_1_315' title='bbox 669 2321 871 2358; x_wconf 78' lang='lat' dir='ltr'>Patriarchae.</span> <span class='ocrx_word' id='word_1_316' title='bbox 899 2320 992 2353; x_wconf 89' lang='lat' dir='ltr'>Hinc</span> <span class='ocrx_word' id='word_1_317' title='bbox 1005 2344 1016 2360; x_wconf 88' lang='lat'>,</span> <span class='ocrx_word' id='word_1_318' title='bbox 1036 2320 1057 2351; x_wconf 85' lang='lat' dir='ltr'>fi</span> 
     </span>
     <span class='ocr_line' id='line_1_46' title="bbox 178 2371 1059 2421; baseline -0.006 -14"><span class='ocrx_word' id='word_1_319' title='bbox 178 2374 238 2408; x_wconf 86' lang='lat' dir='ltr'>iste</span> <span class='ocrx_word' id='word_1_320' title='bbox 248 2374 430 2421; x_wconf 84' lang='lat' dir='ltr'>Episcopus</span> <span class='ocrx_word' id='word_1_321' title='bbox 440 2376 536 2409; x_wconf 84' lang='lat' dir='ltr'>fuerit</span> <span class='ocrx_word' id='word_1_322' title='bbox 548 2374 764 2411; x_wconf 89' lang='lat' dir='ltr'>Provincialis</span> <span class='ocrx_word' id='word_1_323' title='bbox 777 2398 788 2414; x_wconf 90' lang='lat'><strong>,</strong></span> <span class='ocrx_word' id='word_1_324' title='bbox 802 2373 889 2406; x_wconf 91' lang='lat' dir='ltr'>lucet</span> <span class='ocrx_word' id='word_1_325' title='bbox 899 2371 1000 2405; x_wconf 87' lang='lat' dir='ltr'>etiam</span> <span class='ocrx_word' id='word_1_326' title='bbox 1013 2379 1059 2403; x_wconf 87' lang='lat' dir='ltr'>ta-</span> 
     </span>
     <span class='ocr_line' id='line_1_47' title="bbox 178 2421 1058 2469; baseline -0.005 -13"><span class='ocrx_word' id='word_1_327' title='bbox 178 2423 226 2457; x_wconf 87' lang='lat' dir='ltr'>les</span> <span class='ocrx_word' id='word_1_328' title='bbox 234 2424 415 2469; x_wconf 88' lang='lat' dir='ltr'>Episcopos</span> <span class='ocrx_word' id='word_1_329' title='bbox 425 2426 492 2459; x_wconf 86' lang='lat' dir='ltr'>sine</span> <span class='ocrx_word' id='word_1_330' title='bbox 501 2424 692 2462; x_wconf 78' lang='lat' dir='ltr'>Patriarcha:</span> <span class='ocrx_word' id='word_1_331' title='bbox 703 2435 803 2461; x_wconf 85' lang='lat' dir='ltr'>manu</span> <span class='ocrx_word' id='word_1_332' title='bbox 817 2431 873 2458; x_wconf 88' lang='lat' dir='ltr'>aut</span> <span class='ocrx_word' id='word_1_333' title='bbox 884 2421 978 2456; x_wconf 84' lang='lat' dir='ltr'>venia</span> <span class='ocrx_word' id='word_1_334' title='bbox 989 2430 1058 2453; x_wconf 92' lang='lat' dir='ltr'>non</span> 
     </span>
     <span class='ocr_line' id='line_1_48' title="bbox 178 2474 513 2518; baseline 0.012 -13"><span class='ocrx_word' id='word_1_335' title='bbox 178 2474 317 2518; x_wconf 77' lang='lat' dir='ltr'>potuisse</span> <span class='ocrx_word' id='word_1_336' title='bbox 327 2476 513 2511; x_wconf 86' lang='lat' dir='ltr'>consecrari.</span> 
     </span>
    </p>

    <p class='ocr_par' dir='ltr' id='par_1_5' title="bbox 175 2520 1060 3368">
     <span class='ocr_line' id='line_1_49' title="bbox 231 2520 1058 2568; baseline -0.008 -9"><span class='ocrx_word' id='word_1_337' title='bbox 231 2522 275 2556; x_wconf 87' lang='lat' dir='ltr'>Et</span> <span class='ocrx_word' id='word_1_338' title='bbox 296 2523 446 2568; x_wconf 81' lang='lat' dir='ltr'>pleraque</span> <span class='ocrx_word' id='word_1_339' title='bbox 470 2525 535 2561; x_wconf 78' lang='lat' dir='ltr'>haec</span> <span class='ocrx_word' id='word_1_340' title='bbox 555 2527 617 2560; x_wconf 80' lang='lat' dir='ltr'>esse</span> <span class='ocrx_word' id='word_1_341' title='bbox 639 2524 858 2568; x_wconf 83' lang='lat' dir='ltr'>antiquissima</span> <span class='ocrx_word' id='word_1_342' title='bbox 872 2545 882 2562; x_wconf 88' lang='lat'><em>,</em></span> <span class='ocrx_word' id='word_1_343' title='bbox 909 2520 996 2554; x_wconf 92' lang='lat' dir='ltr'>lucet</span> <span class='ocrx_word' id='word_1_344' title='bbox 1017 2530 1058 2553; x_wconf 86' lang='lat' dir='ltr'>ex</span> 
     </span>
     <span class='ocr_line' id='line_1_50' title="bbox 179 2570 1057 2619; baseline -0.005 -6"><span class='ocrx_word' id='word_1_345' title='bbox 179 2572 327 2616; x_wconf 70' lang='lat' dir='ltr'>Epistola</span> <span class='ocrx_word' id='word_1_346' title='bbox 338 2599 350 2615; x_wconf 91' lang='lat'>‚</span> <span class='ocrx_word' id='word_1_347' title='bbox 376 2587 475 2619; x_wconf 90' lang='lat' dir='ltr'>quam</span> <span class='ocrx_word' id='word_1_348' title='bbox 488 2576 637 2611; x_wconf 86' lang='lat' dir='ltr'>adversus</span> <span class='ocrx_word' id='word_1_349' title='bbox 650 2577 794 2610; x_wconf 70' lang='lat' dir='ltr'>sanetum</span> <span class='ocrx_word' id='word_1_350' title='bbox 804 2575 830 2610; x_wconf 87' lang='lat' dir='ltr'>F</span> <span class='ocrx_word' id='word_1_351' title='bbox 833 2570 1036 2608; x_wconf 69' lang='lat' dir='ltr'>sumentium</span> <span class='ocrx_word' id='word_1_352' title='bbox 1047 2594 1057 2609; x_wconf 72' lang='lat'>2</span> 
     </span>
     <span class='ocr_line' id='line_1_51' title="bbox 181 2619 1060 2669; baseline -0.007 -12"><span class='ocrx_word' id='word_1_353' title='bbox 181 2623 320 2667; x_wconf 85' lang='lat' dir='ltr'>primum</span> <span class='ocrx_word' id='word_1_354' title='bbox 332 2625 520 2659; x_wconf 85' lang='lat' dir='ltr'>Auxumios</span> <span class='ocrx_word' id='word_1_355' title='bbox 534 2627 733 2669; x_wconf 87' lang='lat' dir='ltr'>Episcopum</span> <span class='ocrx_word' id='word_1_356' title='bbox 744 2637 781 2658; x_wconf 87' lang='lat' dir='ltr'>ac</span> <span class='ocrx_word' id='word_1_357' title='bbox 793 2621 979 2665; x_wconf 74' lang='lat' dir='ltr'>AEthyopie</span> <span class='ocrx_word' id='word_1_358' title='bbox 991 2619 1060 2652; x_wconf 77' lang='lat' dir='ltr'>Pri-</span> 
     </span>
     <span class='ocr_line' id='line_1_52' title="bbox 181 2670 1058 2720; baseline -0.005 -13"><span class='ocrx_word' id='word_1_359' title='bbox 181 2683 321 2715; x_wconf 81' lang='lat' dir='ltr'>marem,</span> <span class='ocrx_word' id='word_1_360' title='bbox 338 2676 458 2720; x_wconf 80' lang='lat' dir='ltr'>scripsit</span> <span class='ocrx_word' id='word_1_361' title='bbox 469 2676 510 2711; x_wconf 86' lang='lat' dir='ltr'>ad</span> <span class='ocrx_word' id='word_1_362' title='bbox 517 2676 657 2719; x_wconf 87' lang='lat' dir='ltr'>ejusdem</span> <span class='ocrx_word' id='word_1_363' title='bbox 669 2677 789 2711; x_wconf 88' lang='lat' dir='ltr'>Gentis</span> <span class='ocrx_word' id='word_1_364' title='bbox 802 2674 982 2717; x_wconf 87' lang='lat' dir='ltr'>Tyrannos</span> <span class='ocrx_word' id='word_1_365' title='bbox 996 2670 1058 2703; x_wconf 81' lang='lat' dir='ltr'>Im-</span> 
     </span>
     <span class='ocr_line' id='line_1_53' title="bbox 181 2722 1057 2766; baseline 0.009 -11"><span class='ocrx_word' id='word_1_366' title='bbox 181 2733 309 2766; x_wconf 80' lang='lat' dir='ltr'>perator</span> <span class='ocrx_word' id='word_1_367' title='bbox 319 2724 531 2762; x_wconf 79' lang='lat' dir='ltr'>Constantius</span> <span class='ocrx_word' id='word_1_368' title='bbox 542 2738 549 2757; x_wconf 90' lang='lat'>:</span> <span class='ocrx_word' id='word_1_369' title='bbox 562 2731 769 2761; x_wconf 87' lang='lat' dir='ltr'>Frumentium</span> <span class='ocrx_word' id='word_1_370' title='bbox 782 2722 960 2766; x_wconf 75' lang='lat' dir='ltr'>Episcopum</span> <span class='ocrx_word' id='word_1_371' title='bbox 968 2732 1057 2762; x_wconf 89' lang='lat' dir='ltr'>quam</span> 
     </span>
     <span class='ocr_line' id='line_1_54' title="bbox 175 2772 1057 2820; baseline -0.003 -14"><span class='ocrx_word' id='word_1_372' title='bbox 175 2775 312 2819; x_wconf 75' lang='lat' dir='ltr'>primum</span> <span class='ocrx_word' id='word_1_373' title='bbox 331 2781 363 2807; x_wconf 87' lang='lat' dir='ltr'>in</span> <span class='ocrx_word' id='word_1_374' title='bbox 382 2778 546 2820; x_wconf 69' lang='lat' dir='ltr'>AEgyptum</span> <span class='ocrx_word' id='word_1_375' title='bbox 565 2778 711 2811; x_wconf 84' lang='lat' dir='ltr'>dimittite</span> <span class='ocrx_word' id='word_1_376' title='bbox 730 2777 775 2809; x_wconf 85' lang='lat' dir='ltr'>ad</span> <span class='ocrx_word' id='word_1_377' title='bbox 782 2772 948 2808; x_wconf 83' lang='lat' dir='ltr'>venerabili</span> <span class='ocrx_word' id='word_1_378' title='bbox 967 2782 1057 2804; x_wconf 81' lang='lat' dir='ltr'>imum</span> 
     </span>
     <span class='ocr_line' id='line_1_55' title="bbox 181 2823 1057 2870; baseline -0.001 -14"><span class='ocrx_word' id='word_1_379' title='bbox 181 2826 341 2867; x_wconf 80' lang='lat' dir='ltr'>Georgium</span> <span class='ocrx_word' id='word_1_380' title='bbox 354 2849 363 2864; x_wconf 89' lang='lat'>,</span> <span class='ocrx_word' id='word_1_381' title='bbox 390 2826 424 2858; x_wconf 68' lang='lat' dir='ltr'>i&amp;</span> <span class='ocrx_word' id='word_1_382' title='bbox 433 2827 504 2859; x_wconf 85' lang='lat' dir='ltr'>alios</span> <span class='ocrx_word' id='word_1_383' title='bbox 513 2835 567 2868; x_wconf 88' lang='lat' dir='ltr'>per</span> <span class='ocrx_word' id='word_1_384' title='bbox 579 2823 918 2870; x_wconf 58' lang='lat' dir='ltr'>AEgyptufflEpifcopos</span> <span class='ocrx_word' id='word_1_385' title='bbox 932 2846 942 2861; x_wconf 86' lang='lat'>‚</span> <span class='ocrx_word' id='word_1_386' title='bbox 963 2827 1012 2863; x_wconf 80' lang='lat' dir='ltr'>qui</span> <span class='ocrx_word' id='word_1_387' title='bbox 1025 2826 1057 2853; x_wconf 82' lang='lat' dir='ltr'>in</span> 
     </span>
     <span class='ocr_line' id='line_1_56' title="bbox 181 2871 1058 2920; baseline -0.005 -15"><span class='ocrx_word' id='word_1_388' title='bbox 181 2876 319 2906; x_wconf 83' lang='lat' dir='ltr'>creandis</span> <span class='ocrx_word' id='word_1_389' title='bbox 323 2875 505 2918; x_wconf 85' lang='lat' dir='ltr'>judicandis</span> <span class='ocrx_word' id='word_1_390' title='bbox 499 2888 554 2919; x_wconf 88' lang='lat' dir='ltr'>que</span> <span class='ocrx_word' id='word_1_391' title='bbox 564 2875 718 2920; x_wconf 70' lang='lat' dir='ltr'>Episcopis</span> <span class='ocrx_word' id='word_1_392' title='bbox 723 2875 876 2919; x_wconf 71' lang='lat' dir='ltr'>summam</span> <span class='ocrx_word' id='word_1_393' title='bbox 887 2871 1058 2905; x_wconf 81' lang='lat' dir='ltr'>Autborita-</span> 
     </span>
     <span class='ocr_line' id='line_1_57' title="bbox 182 2921 1056 2966; baseline 0.001 -10"><span class='ocrx_word' id='word_1_394' title='bbox 182 2933 243 2956; x_wconf 85' lang='lat' dir='ltr'>tem</span> <span class='ocrx_word' id='word_1_395' title='bbox 265 2923 386 2959; x_wconf 78' lang='lat' dir='ltr'>habent.</span> <span class='ocrx_word' id='word_1_396' title='bbox 424 2927 510 2958; x_wconf 73' lang='lat' dir='ltr'>Scitis</span> <span class='ocrx_word' id='word_1_397' title='bbox 531 2928 564 2960; x_wconf 61' lang='grc' dir='ltr'>(θ’</span> <span class='ocrx_word' id='word_1_398' title='bbox 582 2926 753 2966; x_wconf 79' lang='lat' dir='ltr'>meministis</span> <span class='ocrx_word' id='word_1_399' title='bbox 777 2931 805 2961; x_wconf 82' lang='lat' dir='ltr'><strong><em>F</em></strong></span> <span class='ocrx_word' id='word_1_400' title='bbox 807 2929 986 2959; x_wconf 82' lang='lat' dir='ltr'>rumentium</span> <span class='ocrx_word' id='word_1_401' title='bbox 1018 2921 1056 2952; x_wconf 76' lang='lat' dir='ltr'>ab</span> 
     </span>
     <span class='ocr_line' id='line_1_58' title="bbox 183 2969 1057 3015; baseline 0 -10"><span class='ocrx_word' id='word_1_402' title='bbox 183 2972 339 3015; x_wconf 71' lang='lat' dir='ltr'>Athanasio</span> <span class='ocrx_word' id='word_1_403' title='bbox 350 2998 360 3014; x_wconf 92' lang='lat'>‚</span> <span class='ocrx_word' id='word_1_404' title='bbox 387 2973 501 3008; x_wconf 77' lang='lat' dir='ltr'>homine</span> <span class='ocrx_word' id='word_1_405' title='bbox 511 2976 643 3009; x_wconf 85' lang='lat' dir='ltr'>omnibus</span> <span class='ocrx_word' id='word_1_406' title='bbox 663 2978 751 3010; x_wconf 81' lang='lat' dir='ltr'>malis</span> <span class='ocrx_word' id='word_1_407' title='bbox 771 2975 892 3009; x_wconf 79' lang='lat' dir='ltr'>obnoxio</span> <span class='ocrx_word' id='word_1_408' title='bbox 903 2998 913 3014; x_wconf 87' lang='grc'>,</span> <span class='ocrx_word' id='word_1_409' title='bbox 940 2977 971 3005; x_wconf 87' lang='lat' dir='ltr'>in</span> <span class='ocrx_word' id='word_1_410' title='bbox 982 2969 1057 3003; x_wconf 79' lang='lat' dir='ltr'>bunc</span> 
     </span>
     <span class='ocr_line' id='line_1_59' title="bbox 182 3020 1055 3069; baseline -0.003 -14"><span class='ocrx_word' id='word_1_411' title='bbox 182 3025 326 3056; x_wconf 80' lang='lat' dir='ltr'>Ordinem</span> <span class='ocrx_word' id='word_1_412' title='bbox 337 3029 412 3057; x_wconf 84' lang='lat' dir='ltr'>vitae</span> <span class='ocrx_word' id='word_1_413' title='bbox 431 3033 598 3066; x_wconf 86' lang='lat' dir='ltr'>coaptatum</span> <span class='ocrx_word' id='word_1_414' title='bbox 619 3027 670 3069; x_wconf 76' lang='lat' dir='ltr'>effi·</span> <span class='ocrx_word' id='word_1_415' title='bbox 682 3050 692 3066; x_wconf 91' lang='lat'>‚</span> <span class='ocrx_word' id='word_1_416' title='bbox 718 3032 769 3069; x_wconf 85' lang='lat' dir='ltr'>qui</span> <span class='ocrx_word' id='word_1_417' title='bbox 789 3037 854 3059; x_wconf 86' lang='lat' dir='ltr'>cum</span> <span class='ocrx_word' id='word_1_418' title='bbox 874 3036 911 3059; x_wconf 83' lang='lat' dir='ltr'>ex</span> <span class='ocrx_word' id='word_1_419' title='bbox 925 3020 1055 3054; x_wconf 86' lang='lat' dir='ltr'>omnibus</span> 
     </span>
     <span class='ocr_line' id='line_1_60' title="bbox 182 3069 1058 3118; baseline 0.009 -13"><span class='ocrx_word' id='word_1_420' title='bbox 182 3074 355 3107; x_wconf 78' lang='lat' dir='ltr'>criminibus</span> <span class='ocrx_word' id='word_1_421' title='bbox 358 3077 430 3115; x_wconf 88' lang='lat' dir='ltr'>jure</span> <span class='ocrx_word' id='word_1_422' title='bbox 442 3074 498 3116; x_wconf 86' lang='lat' dir='ltr'>ipfi</span> <span class='ocrx_word' id='word_1_423' title='bbox 505 3075 624 3115; x_wconf 74' lang='lat' dir='ltr'>objet‘li‘s</span> <span class='ocrx_word' id='word_1_424' title='bbox 637 3075 712 3109; x_wconf 85' lang='lat' dir='ltr'>nibil</span> <span class='ocrx_word' id='word_1_425' title='bbox 723 3071 851 3118; x_wconf 67' lang='lat' dir='ltr'>prorsi‘is</span> <span class='ocrx_word' id='word_1_426' title='bbox 874 3074 985 3107; x_wconf 78' lang='lat' dir='ltr'>diluere</span> <span class='ocrx_word' id='word_1_427' title='bbox 990 3069 1058 3113; x_wconf 76' lang='lat' dir='ltr'><em>P0s·</em></span> 
     </span>
     <span class='ocr_line' id='line_1_61' title="bbox 178 3122 1058 3167; baseline -0.005 -10"><span class='ocrx_word' id='word_1_428' title='bbox 178 3122 228 3166; x_wconf 74' lang='lat' dir='ltr'>Jet</span> <span class='ocrx_word' id='word_1_429' title='bbox 239 3147 249 3163; x_wconf 86' lang='lat'>‚</span> <span class='ocrx_word' id='word_1_430' title='bbox 275 3126 386 3157; x_wconf 82' lang='lat' dir='ltr'>excidit</span> <span class='ocrx_word' id='word_1_431' title='bbox 389 3124 494 3163; x_wconf 85' lang='lat' dir='ltr'>statim</span> <span class='ocrx_word' id='word_1_432' title='bbox 515 3127 535 3156; x_wconf 74' lang='grc' dir='ltr'>ῐι</span> <span class='ocrx_word' id='word_1_433' title='bbox 550 3123 609 3167; x_wconf 82' lang='lat' dir='ltr'>sua</span> <span class='ocrx_word' id='word_1_434' title='bbox 629 3125 783 3159; x_wconf 80' lang='lat' dir='ltr'>cathedra</span> <span class='ocrx_word' id='word_1_435' title='bbox 796 3150 806 3165; x_wconf 91' lang='lat'>‚</span> <span class='ocrx_word' id='word_1_436' title='bbox 833 3127 867 3160; x_wconf 64' lang='lat' dir='ltr'>s&amp;</span> <span class='ocrx_word' id='word_1_437' title='bbox 887 3129 962 3156; x_wconf 85' lang='lat' dir='ltr'>utin</span> <span class='ocrx_word' id='word_1_438' title='bbox 974 3128 1058 3161; x_wconf 84' lang='lat' dir='ltr'>vita,</span> 
     </span>
     <span class='ocr_line' id='line_1_62' title="bbox 183 3172 1059 3216; baseline -0.001 -8"><span class='ocrx_word' id='word_1_439' title='bbox 183 3178 231 3208; x_wconf 76' lang='lat' dir='ltr'>itit</span> <span class='ocrx_word' id='word_1_440' title='bbox 237 3179 268 3206; x_wconf 83' lang='lat' dir='ltr'>in</span> <span class='ocrx_word' id='word_1_441' title='bbox 276 3175 345 3207; x_wconf 88' lang='lat' dir='ltr'>locis</span> <span class='ocrx_word' id='word_1_442' title='bbox 355 3175 489 3208; x_wconf 71' lang='lat' dir='ltr'>omnibus</span> <span class='ocrx_word' id='word_1_443' title='bbox 500 3174 687 3208; x_wconf 82' lang='lat' dir='ltr'>errabundus</span> <span class='ocrx_word' id='word_1_444' title='bbox 697 3177 716 3206; x_wconf 84' lang='lat'><em>5</em></span> <span class='ocrx_word' id='word_1_445' title='bbox 718 3177 793 3207; x_wconf 87' lang='lat' dir='ltr'>oium</span> <span class='ocrx_word' id='word_1_446' title='bbox 806 3173 925 3216; x_wconf 81' lang='lat' dir='ltr'>semper</span> <span class='ocrx_word' id='word_1_447' title='bbox 946 3184 984 3204; x_wconf 90' lang='lat' dir='ltr'>ex</span> <span class='ocrx_word' id='word_1_448' title='bbox 997 3174 1017 3204; x_wconf 90' lang='lat'><em>5</em></span> <span class='ocrx_word' id='word_1_449' title='bbox 1018 3172 1059 3207; x_wconf 77' lang='lat' dir='ltr'>olo</span> 
     </span>
     <span class='ocr_line' id='line_1_63' title="bbox 185 3219 1059 3267; baseline -0.002 -12"><span class='ocrx_word' id='word_1_450' title='bbox 185 3230 279 3259; x_wconf 81' lang='lat' dir='ltr'>vertit</span> <span class='ocrx_word' id='word_1_451' title='bbox 289 3248 300 3264; x_wconf 91' lang='lat'><em>,</em></span> <span class='ocrx_word' id='word_1_452' title='bbox 322 3223 407 3266; x_wconf 80' lang='lat' dir='ltr'>quast</span> <span class='ocrx_word' id='word_1_453' title='bbox 412 3232 537 3258; x_wconf 86' lang='lat' dir='ltr'>mutatis</span> <span class='ocrx_word' id='word_1_454' title='bbox 548 3225 673 3258; x_wconf 75' lang='lat' dir='ltr'>Sedibus</span> <span class='ocrx_word' id='word_1_455' title='bbox 679 3222 851 3267; x_wconf 85' lang='lat' dir='ltr'>scelerasua</span> <span class='ocrx_word' id='word_1_456' title='bbox 863 3223 989 3266; x_wconf 84' lang='lat' dir='ltr'>effugere</span> <span class='ocrx_word' id='word_1_457' title='bbox 993 3219 1059 3264; x_wconf 84' lang='lat' dir='ltr'>pos-</span> 
     </span>
     <span class='ocr_line' id='line_1_64' title="bbox 181 3269 1058 3317; baseline -0.005 -10"><span class='ocrx_word' id='word_1_458' title='bbox 181 3269 236 3314; x_wconf 79' lang='lat' dir='ltr'>set.</span> <span class='ocrx_word' id='word_1_459' title='bbox 262 3275 293 3310; x_wconf 74' lang='lat' dir='ltr'>si</span> <span class='ocrx_word' id='word_1_460' title='bbox 301 3280 392 3317; x_wconf 86' lang='lat' dir='ltr'>igitur</span> <span class='ocrx_word' id='word_1_461' title='bbox 398 3273 504 3317; x_wconf 74' lang='lat' dir='ltr'>sponte</span> <span class='ocrx_word' id='word_1_462' title='bbox 525 3274 702 3316; x_wconf 81' lang='lat' dir='ltr'>obtemperet</span> <span class='ocrx_word' id='word_1_463' title='bbox 725 3279 920 3308; x_wconf 82' lang='lat' dir='ltr'>Frumentius</span> <span class='ocrx_word' id='word_1_464' title='bbox 934 3297 944 3313; x_wconf 89' lang='lat'>,</span> <span class='ocrx_word' id='word_1_465' title='bbox 970 3278 1058 3304; x_wconf 86' lang='lat' dir='ltr'>ratio-</span> 
     </span>
     <span class='ocr_line' id='line_1_65' title="bbox 187 3320 1059 3368; baseline -0.002 -11"><span class='ocrx_word' id='word_1_466' title='bbox 187 3320 292 3363; x_wconf 85' lang='lat' dir='ltr'>nesque</span> <span class='ocrx_word' id='word_1_467' title='bbox 302 3326 353 3357; x_wconf 87' lang='lat' dir='ltr'>det</span> <span class='ocrx_word' id='word_1_468' title='bbox 366 3326 402 3358; x_wconf 83' lang='lat' dir='ltr'>de</span> <span class='ocrx_word' id='word_1_469' title='bbox 411 3323 533 3368; x_wconf 83' lang='lat' dir='ltr'>diversa</span> <span class='ocrx_word' id='word_1_470' title='bbox 535 3323 682 3367; x_wconf 69' lang='lat' dir='ltr'>seditione</span> <span class='ocrx_word' id='word_1_471' title='bbox 693 3349 704 3365; x_wconf 87' lang='lat'>,</span> <span class='ocrx_word' id='word_1_472' title='bbox 729 3334 839 3359; x_wconf 86' lang='lat' dir='ltr'>certum</span> <span class='ocrx_word' id='word_1_473' title='bbox 850 3323 888 3364; x_wconf 83' lang='lat' dir='ltr'>est</span> <span class='ocrx_word' id='word_1_474' title='bbox 901 3324 985 3365; x_wconf 79' lang='lat' dir='ltr'>apud</span> <span class='ocrx_word' id='word_1_475' title='bbox 1001 3333 1059 3355; x_wconf 85' lang='lat' dir='ltr'>om-</span> 
     </span>
    </p>

    <p class='ocr_par' dir='ltr' id='par_1_6' title="bbox 184 3369 1058 3469">
     <span class='ocr_line' id='line_1_66' title="bbox 189 3369 1058 3418; baseline -0.001 -13"><span class='ocrx_word' id='word_1_476' title='bbox 189 3381 241 3403; x_wconf 75' lang='lat' dir='ltr'>nes</span> <span class='ocrx_word' id='word_1_477' title='bbox 251 3369 319 3406; x_wconf 79' lang='lat' dir='ltr'>eum</span> <span class='ocrx_word' id='word_1_478' title='bbox 327 3373 404 3407; x_wconf 88' lang='lat' dir='ltr'>nihil</span> <span class='ocrx_word' id='word_1_479' title='bbox 412 3377 432 3407; x_wconf 81' lang='grc' dir='ltr'><em>ἂ</em></span> <span class='ocrx_word' id='word_1_480' title='bbox 453 3375 581 3418; x_wconf 85' lang='lat' dir='ltr'>Legibus</span> <span class='ocrx_word' id='word_1_481' title='bbox 604 3379 634 3407; x_wconf 90' lang='lat' dir='ltr'>E</span> <span class='ocrx_word' id='word_1_482' title='bbox 637 3373 806 3415; x_wconf 81' lang='lat' dir='ltr'>cclefiasticis</span> <span class='ocrx_word' id='word_1_483' title='bbox 820 3398 830 3413; x_wconf 92' lang='lat'>,</span> <span class='ocrx_word' id='word_1_484' title='bbox 850 3374 968 3417; x_wconf 80' lang='lat' dir='ltr'>fideque</span> <span class='ocrx_word' id='word_1_485' title='bbox 989 3384 1058 3415; x_wconf 84' lang='lat' dir='ltr'>quae</span> 
     </span>
     <span class='ocr_line' id='line_1_67' title="bbox 184 3422 1057 3469; baseline -0.006 -10"><span class='ocrx_word' id='word_1_486' title='bbox 184 3430 265 3459; x_wconf 69' lang='lat' dir='ltr'><em>‚nunc</em></span> <span class='ocrx_word' id='word_1_487' title='bbox 282 3422 408 3465; x_wconf 85' lang='lat' dir='ltr'>obtinet,</span> <span class='ocrx_word' id='word_1_488' title='bbox 435 3426 581 3468; x_wconf 81' lang='lat' dir='ltr'>dissentire</span> <span class='ocrx_word' id='word_1_489' title='bbox 600 3450 611 3464; x_wconf 85' lang='lat'>‚</span> <span class='ocrx_word' id='word_1_490' title='bbox 638 3435 759 3466; x_wconf 87' lang='lat' dir='ltr'>eumque</span> <span class='ocrx_word' id='word_1_491' title='bbox 773 3428 805 3469; x_wconf 87' lang='lat' dir='ltr'><em>J</em></span> <span class='ocrx_word' id='word_1_492' title='bbox 809 3426 902 3457; x_wconf 89' lang='lat' dir='ltr'>udicio</span> <span class='ocrx_word' id='word_1_493' title='bbox 921 3431 1035 3465; x_wconf 84' lang='lat' dir='ltr'>accepto</span> <span class='ocrx_word' id='word_1_494' title='bbox 1047 3448 1057 3463; x_wconf 90' lang='lat'>‚</span> 
     </span>
    </p>
   </div>
   <div class='ocr_carea' id='block_1_3' title="bbox 185 3464 1079 3544">
    <p class='ocr_par' dir='ltr' id='par_1_7' title="bbox 185 3464 1079 3544">
     <span class='ocr_line' id='line_1_68' title="bbox 185 3464 1079 3544; baseline 0.001 -39"><span class='ocrx_word' id='word_1_495' title='bbox 185 3471 402 3517; x_wconf 71' lang='lat' dir='ltr'>rationibusque</span> <span class='ocrx_word' id='word_1_496' title='bbox 423 3481 498 3510; x_wconf 75' lang='lat' dir='ltr'>vitae</span> <span class='ocrx_word' id='word_1_497' title='bbox 517 3476 645 3510; x_wconf 80' lang='lat' dir='ltr'>redditis</span> <span class='ocrx_word' id='word_1_498' title='bbox 657 3499 668 3516; x_wconf 89' lang='lat'><em>,</em></span> <span class='ocrx_word' id='word_1_499' title='bbox 694 3474 732 3508; x_wconf 86' lang='lat' dir='ltr'>ab</span> <span class='ocrx_word' id='word_1_500' title='bbox 753 3476 817 3510; x_wconf 83' lang='lat' dir='ltr'>illis</span> <span class='ocrx_word' id='word_1_501' title='bbox 824 3483 999 3525; x_wconf 31' lang='lat' dir='ltr'>penes-quos</span> <span class='ocrx_word' id='word_1_502' title='bbox 1019 3464 1079 3544; x_wconf 53' lang='lat' dir='ltr'>‘sti</span> 
     </span>
    </p>
   </div>
   <div class='ocr_carea' id='block_1_4' title="bbox 1126 100 1992 167">
    <p class='ocr_par' dir='ltr' id='par_1_8' title="bbox 1126 100 1992 167">
     <span class='ocr_line' id='line_1_69' title="bbox 1126 100 1992 167; baseline -0.002 -18"><span class='ocrx_word' id='word_1_503' title='bbox 1126 100 1551 151; x_wconf 60' lang='lat' dir='ltr'><strong>PROOEMIAM&amp;</strong></span> <span class='ocrx_word' id='word_1_504' title='bbox 1948 128 1992 167; x_wconf 83' lang='lat'>23</span> 
     </span>
    </p>
   </div>
   <div class='ocr_carea' id='block_1_5' title="bbox 1125 176 2004 425">
    <p class='ocr_par' dir='ltr' id='par_1_9' title="bbox 1125 176 2004 425">
     <span class='ocr_line' id='line_1_70' title="bbox 1129 176 2002 223; baseline 0.002 -11"><span class='ocrx_word' id='word_1_505' title='bbox 1129 179 1235 214; x_wconf 84' lang='lat' dir='ltr'>harum</span> <span class='ocrx_word' id='word_1_506' title='bbox 1244 192 1343 215; x_wconf 87' lang='lat' dir='ltr'>rerum</span> <span class='ocrx_word' id='word_1_507' title='bbox 1355 179 1526 213; x_wconf 82' lang='lat' dir='ltr'>Authoritas</span> <span class='ocrx_word' id='word_1_508' title='bbox 1538 179 1572 211; x_wconf 80' lang='lat'><em>&amp;</em></span> <span class='ocrx_word' id='word_1_509' title='bbox 1583 176 1717 220; x_wconf 79' lang='lat' dir='ltr'>Censura</span> <span class='ocrx_word' id='word_1_510' title='bbox 1728 201 1738 217; x_wconf 89' lang='lat'>,</span> <span class='ocrx_word' id='word_1_511' title='bbox 1758 179 1942 223; x_wconf 27' lang='lat' dir='ltr'>‘Episcopum</span> <span class='ocrx_word' id='word_1_512' title='bbox 1953 182 2002 214; x_wconf 89' lang='lat' dir='ltr'>de-</span> 
     </span>
     <span class='ocr_line' id='line_1_71' title="bbox 1125 225 2002 273; baseline 0 -11"><span class='ocrx_word' id='word_1_513' title='bbox 1125 230 1193 264; x_wconf 82' lang='lat' dir='ltr'>bere</span> <span class='ocrx_word' id='word_1_514' title='bbox 1202 230 1343 271; x_wconf 85' lang='lat' dir='ltr'>constitui,</span> <span class='ocrx_word' id='word_1_515' title='bbox 1346 229 1379 271; x_wconf 82' lang='lat' dir='ltr'><em>fi</em></span> <span class='ocrx_word' id='word_1_516' title='bbox 1383 232 1467 263; x_wconf 78' lang='lat' dir='ltr'>modo</span> <span class='ocrx_word' id='word_1_517' title='bbox 1478 227 1540 271; x_wconf 85' lang='lat' dir='ltr'>ipse</span> <span class='ocrx_word' id='word_1_518' title='bbox 1549 226 1697 270; x_wconf 73' lang='lat' dir='ltr'>revereise</span> <span class='ocrx_word' id='word_1_519' title='bbox 1709 229 1817 267; x_wconf 79' lang='lat' dir='ltr'>&amp;jure</span> <span class='ocrx_word' id='word_1_520' title='bbox 1824 225 2002 273; x_wconf 76' lang='lat' dir='ltr'>Episcopum</span> 
     </span>
     <span class='ocr_line' id='line_1_72' title="bbox 1126 279 2002 325; baseline -0.002 -12"><span class='ocrx_word' id='word_1_521' title='bbox 1126 282 1224 314; x_wconf 88' lang='lat' dir='ltr'>videri</span> <span class='ocrx_word' id='word_1_522' title='bbox 1237 282 1319 315; x_wconf 78' lang='lat' dir='ltr'>velit.</span> <span class='ocrx_word' id='word_1_523' title='bbox 1336 279 1740 325; x_wconf 76' lang='lat' dir='ltr'>,Quodfiprocrastinationes</span> <span class='ocrx_word' id='word_1_524' title='bbox 1750 288 1910 320; x_wconf 84' lang='lat' dir='ltr'>aucupetur</span> <span class='ocrx_word' id='word_1_525' title='bbox 1924 305 1933 319; x_wconf 92' lang='lat'>,</span> <span class='ocrx_word' id='word_1_526' title='bbox 1937 285 1969 325; x_wconf 85' lang='lat' dir='ltr'><em>J</em></span> <span class='ocrx_word' id='word_1_527' title='bbox 1971 293 2002 314; x_wconf 88' lang='lat' dir='ltr'>u-</span> 
     </span>
     <span class='ocr_line' id='line_1_73' title="bbox 1125 330 2001 374; baseline -0.003 -11"><span class='ocrx_word' id='word_1_528' title='bbox 1125 332 1290 373; x_wconf 78' lang='lat' dir='ltr'>diciumque</span> <span class='ocrx_word' id='word_1_529' title='bbox 1290 330 1400 374; x_wconf 85' lang='lat' dir='ltr'>fugiat</span> <span class='ocrx_word' id='word_1_530' title='bbox 1409 354 1421 371; x_wconf 91' lang='lat'>,</span> <span class='ocrx_word' id='word_1_531' title='bbox 1447 331 1573 363; x_wconf 83' lang='lat' dir='ltr'>evidens</span> <span class='ocrx_word' id='word_1_532' title='bbox 1584 330 1699 362; x_wconf 74' lang='lat' dir='ltr'>omnmo</span> <span class='ocrx_word' id='word_1_533' title='bbox 1718 330 1922 365; x_wconf 84' lang='lat' dir='ltr'>documentum</span> <span class='ocrx_word' id='word_1_534' title='bbox 1942 331 1980 369; x_wconf 84' lang='lat' dir='ltr'>est</span> <span class='ocrx_word' id='word_1_535' title='bbox 1991 354 2001 369; x_wconf 88' lang='lat'><em>‚</em></span> 
     </span>
     <span class='ocr_line' id='line_1_74' title="bbox 1126 377 2004 425; baseline -0.003 -12"><span class='ocrx_word' id='word_1_536' title='bbox 1126 391 1190 415; x_wconf 85' lang='lat' dir='ltr'>eum</span> <span class='ocrx_word' id='word_1_537' title='bbox 1195 378 1402 421; x_wconf 76' lang='lat' dir='ltr'>fteleratiffimi</span> <span class='ocrx_word' id='word_1_538' title='bbox 1414 379 1564 425; x_wconf 64' lang='lat' dir='ltr'>Athanasii</span> <span class='ocrx_word' id='word_1_539' title='bbox 1573 378 1676 413; x_wconf 81' lang='lat' dir='ltr'>verbis</span> <span class='ocrx_word' id='word_1_540' title='bbox 1686 377 1841 415; x_wconf 63' lang='lat' dir='ltr'>indusium</span> <span class='ocrx_word' id='word_1_541' title='bbox 1851 381 1941 420; x_wconf 76' lang='lat' dir='ltr'>impie</span> <span class='ocrx_word' id='word_1_542' title='bbox 1949 380 2004 410; x_wconf 84' lang='lat' dir='ltr'>ad-</span> 
     </span>
    </p>
   </div>
   <div class='ocr_carea' id='block_1_6' title="bbox 1115 427 2003 474">
    <p class='ocr_par' dir='ltr' id='par_1_10' title="bbox 1115 427 2003 474">
     <span class='ocr_line' id='line_1_75' title="bbox 1115 427 2003 474; baseline -0.003 -11"><span class='ocrx_word' id='word_1_543' title='bbox 1115 427 1234 463; x_wconf 60' lang='lat' dir='ltr'>⁷versus</span> <span class='ocrx_word' id='word_1_544' title='bbox 1245 433 1341 463; x_wconf 91' lang='lat' dir='ltr'>Deum</span> <span class='ocrx_word' id='word_1_545' title='bbox 1353 441 1439 474; x_wconf 87' lang='lat' dir='ltr'>agere</span> <span class='ocrx_word' id='word_1_546' title='bbox 1451 454 1461 470; x_wconf 89' lang='lat'><strong>,</strong></span> <span class='ocrx_word' id='word_1_547' title='bbox 1486 442 1552 465; x_wconf 84' lang='lat' dir='ltr'>cum</span> <span class='ocrx_word' id='word_1_548' title='bbox 1561 432 1660 465; x_wconf 88' lang='lat' dir='ltr'>eodem</span> <span class='ocrx_word' id='word_1_549' title='bbox 1671 430 1756 462; x_wconf 83' lang='lat' dir='ltr'>modo</span> <span class='ocrx_word' id='word_1_550' title='bbox 1776 434 1807 466; x_wconf 81' lang='lat' dir='ltr'>in</span> <span class='ocrx_word' id='word_1_551' title='bbox 1820 427 1979 473; x_wconf 80' lang='lat' dir='ltr'>sceleribus</span> <span class='ocrx_word' id='word_1_552' title='bbox 1992 451 2003 468; x_wconf 89' lang='lat'>‚</span> 
     </span>
    </p>
   </div>
   <div class='ocr_carea' id='block_1_7' title="bbox 1121 478 2007 923">
    <p class='ocr_par' dir='ltr' id='par_1_11' title="bbox 1121 478 2007 923">
     <span class='ocr_line' id='line_1_76' title="bbox 1126 478 2005 526; baseline 0.001 -15"><span class='ocrx_word' id='word_1_553' title='bbox 1126 491 1247 522; x_wconf 90' lang='lat' dir='ltr'>quorum</span> <span class='ocrx_word' id='word_1_554' title='bbox 1258 481 1306 513; x_wconf 88' lang='lat' dir='ltr'>ille</span> <span class='ocrx_word' id='word_1_555' title='bbox 1316 480 1469 516; x_wconf 74' lang='lat' dir='ltr'>convic‘lus</span> <span class='ocrx_word' id='word_1_556' title='bbox 1479 480 1528 525; x_wconf 76' lang='lat' dir='ltr'>est,</span> <span class='ocrx_word' id='word_1_557' title='bbox 1531 488 1640 526; x_wconf 82' lang='lat' dir='ltr'>pergat</span> <span class='ocrx_word' id='word_1_558' title='bbox 1653 492 1659 510; x_wconf 93' lang='lat'>:</span> <span class='ocrx_word' id='word_1_559' title='bbox 1673 479 1896 525; x_wconf 81' lang='lat' dir='ltr'>Periculumque</span> <span class='ocrx_word' id='word_1_560' title='bbox 1906 478 1954 519; x_wconf 75' lang='lat' dir='ltr'>esi,</span> <span class='ocrx_word' id='word_1_561' title='bbox 1966 480 2005 512; x_wconf 65' lang='lat' dir='ltr'>ne*</span> 
     </span>
     <span class='ocr_line' id='line_1_77' title="bbox 1121 530 2006 573; baseline -0.001 -10"><span class='ocrx_word' id='word_1_562' title='bbox 1121 538 1286 573; x_wconf 85' lang='lat' dir='ltr'>peragrata</span> <span class='ocrx_word' id='word_1_563' title='bbox 1297 533 1441 570; x_wconf 80' lang='lat' dir='ltr'>Auxumi,</span> <span class='ocrx_word' id='word_1_564' title='bbox 1452 530 1596 569; x_wconf 74' lang='lat' dir='ltr'>ve=slrates</span> <span class='ocrx_word' id='word_1_565' title='bbox 1606 530 1733 571; x_wconf 80' lang='lat' dir='ltr'>nefariis</span> <span class='ocrx_word' id='word_1_566' title='bbox 1742 531 1776 563; x_wconf 65' lang='grc'>(9·</span> <span class='ocrx_word' id='word_1_567' title='bbox 1783 535 1884 571; x_wconf 86' lang='lat' dir='ltr'>impiis</span> <span class='ocrx_word' id='word_1_568' title='bbox 1894 531 2006 567; x_wconf 79' lang='lat' dir='ltr'>Sermo-</span> 
     </span>
     <span class='ocr_line' id='line_1_78' title="bbox 1125 578 2005 623; baseline -0.001 -11"><span class='ocrx_word' id='word_1_569' title='bbox 1125 579 1211 613; x_wconf 85' lang='lat' dir='ltr'>nibus</span> <span class='ocrx_word' id='word_1_570' title='bbox 1222 589 1409 622; x_wconf 83' lang='lat' dir='ltr'>corrumpat:</span> <span class='ocrx_word' id='word_1_571' title='bbox 1431 585 1498 614; x_wconf 88' lang='lat' dir='ltr'>Nec</span> <span class='ocrx_word' id='word_1_572' title='bbox 1513 579 1609 623; x_wconf 68' lang='lat' dir='ltr'>solum</span> <span class='ocrx_word' id='word_1_573' title='bbox 1631 583 1662 614; x_wconf 86' lang='lat' dir='ltr'>E</span> <span class='ocrx_word' id='word_1_574' title='bbox 1664 578 1775 621; x_wconf 74' lang='lat' dir='ltr'>cclesias</span> <span class='ocrx_word' id='word_1_575' title='bbox 1795 579 1958 621; x_wconf 83' lang='lat' dir='ltr'>confundat</span> <span class='ocrx_word' id='word_1_576' title='bbox 1969 589 2005 611; x_wconf 88' lang='lat' dir='ltr'>ac</span> 
     </span>
     <span class='ocr_line' id='line_1_79' title="bbox 1124 627 2007 672; baseline 0 -10"><span class='ocrx_word' id='word_1_577' title='bbox 1124 629 1222 662; x_wconf 85' lang='lat' dir='ltr'>turbet</span> <span class='ocrx_word' id='word_1_578' title='bbox 1234 654 1245 670; x_wconf 91' lang='lat'>,</span> <span class='ocrx_word' id='word_1_579' title='bbox 1256 631 1290 665; x_wconf 62' lang='grc' dir='ltr'>Θ</span> <span class='ocrx_word' id='word_1_580' title='bbox 1300 637 1332 664; x_wconf 86' lang='lat' dir='ltr'>in</span> <span class='ocrx_word' id='word_1_581' title='bbox 1336 629 1486 672; x_wconf 77' lang='lat' dir='ltr'>summum</span> <span class='ocrx_word' id='word_1_582' title='bbox 1496 635 1620 664; x_wconf 84' lang='lat' dir='ltr'>Numen</span> <span class='ocrx_word' id='word_1_583' title='bbox 1632 627 1830 671; x_wconf 73' lang='lat' dir='ltr'>blasphemias</span> <span class='ocrx_word' id='word_1_584' title='bbox 1841 631 1922 663; x_wconf 80' lang='lat' dir='ltr'>dicat</span> <span class='ocrx_word' id='word_1_585' title='bbox 1932 654 1941 669; x_wconf 92' lang='lat'>,</span> <span class='ocrx_word' id='word_1_586' title='bbox 1947 627 2007 671; x_wconf 74' lang='lat' dir='ltr'>sed</span> 
     </span>
     <span class='ocr_line' id='line_1_80' title="bbox 1124 679 2004 724; baseline -0.002 -12"><span class='ocrx_word' id='word_1_587' title='bbox 1124 681 1161 712; x_wconf 70' lang='lat' dir='ltr'>ne</span> <span class='ocrx_word' id='word_1_588' title='bbox 1162 679 1286 723; x_wconf 80' lang='lat' dir='ltr'>singulis</span> <span class='ocrx_word' id='word_1_589' title='bbox 1304 692 1416 723; x_wconf 86' lang='lat' dir='ltr'>quoque</span> <span class='ocrx_word' id='word_1_590' title='bbox 1430 680 1572 724; x_wconf 85' lang='lat' dir='ltr'>gentibus</span> <span class='ocrx_word' id='word_1_591' title='bbox 1595 679 1791 720; x_wconf 77' lang='lat' dir='ltr'>vastationem</span> <span class='ocrx_word' id='word_1_592' title='bbox 1801 680 1835 712; x_wconf 54' lang='grc' dir='ltr'>(Ὗ</span> <span class='ocrx_word' id='word_1_593' title='bbox 1854 681 2004 712; x_wconf 82' lang='lat' dir='ltr'>excidium</span> 
     </span>
     <span class='ocr_line' id='line_1_81' title="bbox 1124 728 2004 774; baseline -0.001 -13"><span class='ocrx_word' id='word_1_594' title='bbox 1124 731 1263 764; x_wconf 81' lang='lat' dir='ltr'>conciliet.</span> <span class='ocrx_word' id='word_1_595' title='bbox 1290 735 1399 764; x_wconf 79' lang='lat' dir='ltr'>Certus</span> <span class='ocrx_word' id='word_1_596' title='bbox 1410 729 1564 774; x_wconf 74' lang='lat' dir='ltr'>enimfiim</span> <span class='ocrx_word' id='word_1_597' title='bbox 1573 754 1583 770; x_wconf 92' lang='lat'>,</span> <span class='ocrx_word' id='word_1_598' title='bbox 1595 740 1662 767; x_wconf 81' lang='lat' dir='ltr'>eum</span> <span class='ocrx_word' id='word_1_599' title='bbox 1671 754 1681 769; x_wconf 94' lang='lat'>‚</span> <span class='ocrx_word' id='word_1_600' title='bbox 1693 728 1742 763; x_wconf 84' lang='lat' dir='ltr'>ubi</span> <span class='ocrx_word' id='word_1_601' title='bbox 1753 730 1873 771; x_wconf 81' lang='lat' dir='ltr'>aliquid</span> <span class='ocrx_word' id='word_1_602' title='bbox 1883 729 2004 761; x_wconf 84' lang='lat' dir='ltr'>addidi-</span> 
     </span>
     <span class='ocr_line' id='line_1_82' title="bbox 1124 777 2004 824; baseline -0.002 -13"><span class='ocrx_word' id='word_1_603' title='bbox 1124 785 1196 811; x_wconf 86' lang='lat' dir='ltr'>cerit</span> <span class='ocrx_word' id='word_1_604' title='bbox 1210 803 1221 819; x_wconf 88' lang='lat'>‚</span> <span class='ocrx_word' id='word_1_605' title='bbox 1246 789 1417 823; x_wconf 80' lang='lat' dir='ltr'>comparata</span> <span class='ocrx_word' id='word_1_606' title='bbox 1427 787 1540 824; x_wconf 84' lang='lat' dir='ltr'>ingenti</span> <span class='ocrx_word' id='word_1_607' title='bbox 1550 787 1584 814; x_wconf 90' lang='lat' dir='ltr'>in</span> <span class='ocrx_word' id='word_1_608' title='bbox 1588 779 1742 822; x_wconf 86' lang='lat' dir='ltr'>publicum</span> <span class='ocrx_word' id='word_1_609' title='bbox 1762 779 1895 814; x_wconf 84' lang='lat' dir='ltr'>utilitate</span> <span class='ocrx_word' id='word_1_610' title='bbox 1907 790 1944 811; x_wconf 84' lang='lat' dir='ltr'>ex</span> <span class='ocrx_word' id='word_1_611' title='bbox 1948 777 2004 818; x_wconf 85' lang='lat' dir='ltr'>fa-</span> 
     </span>
     <span class='ocr_line' id='line_1_83' title="bbox 1123 829 2004 874; baseline -0.002 -13"><span class='ocrx_word' id='word_1_612' title='bbox 1123 830 1298 863; x_wconf 79' lang='lat' dir='ltr'>miliaritate</span> <span class='ocrx_word' id='word_1_613' title='bbox 1308 832 1475 865; x_wconf 83' lang='lat' dir='ltr'>venerandi</span> <span class='ocrx_word' id='word_1_614' title='bbox 1487 834 1625 874; x_wconf 76' lang='lat' dir='ltr'>Georgii,</span> <span class='ocrx_word' id='word_1_615' title='bbox 1653 830 1688 867; x_wconf 58' lang='lat' dir='ltr'>&lt;w</span> <span class='ocrx_word' id='word_1_616' title='bbox 1709 838 1880 864; x_wconf 82' lang='lat' dir='ltr'>caeterorum</span> <span class='ocrx_word' id='word_1_617' title='bbox 1891 834 1942 870; x_wconf 89' lang='lat' dir='ltr'>qui</span> <span class='ocrx_word' id='word_1_618' title='bbox 1953 829 2004 860; x_wconf 87' lang='lat' dir='ltr'>do-</span> 
     </span>
     <span class='ocr_line' id='line_1_84' title="bbox 1124 878 2003 923; baseline 0.001 -13"><span class='ocrx_word' id='word_1_619' title='bbox 1124 878 1337 920; x_wconf 66' lang='lat' dir='ltr'>Hrinapollent</span> <span class='ocrx_word' id='word_1_620' title='bbox 1348 905 1359 920; x_wconf 83' lang='lat'>‚</span> <span class='ocrx_word' id='word_1_621' title='bbox 1369 882 1414 913; x_wconf 91' lang='lat' dir='ltr'>ad</span> <span class='ocrx_word' id='word_1_622' title='bbox 1416 879 1491 923; x_wconf 78' lang='lat' dir='ltr'>fiias</span> <span class='ocrx_word' id='word_1_623' title='bbox 1503 882 1594 913; x_wconf 75' lang='lat' dir='ltr'>Sedes</span> <span class='ocrx_word' id='word_1_624' title='bbox 1601 878 1792 922; x_wconf 76' lang='lat' dir='ltr'>reversurum</span> <span class='ocrx_word' id='word_1_625' title='bbox 1803 879 1853 921; x_wconf 72' lang='lat' dir='ltr'>effe</span> <span class='ocrx_word' id='word_1_626' title='bbox 1867 902 1877 918; x_wconf 88' lang='lat'>‚</span> <span class='ocrx_word' id='word_1_627' title='bbox 1903 886 2003 920; x_wconf 86' lang='lat' dir='ltr'>utpote</span> 
     </span>
    </p>
   </div>
   <div class='ocr_carea' id='block_1_8' title="bbox 1116 928 2002 972">
    <p class='ocr_par' dir='ltr' id='par_1_12' title="bbox 1116 928 2002 972">
     <span class='ocr_line' id='line_1_85' title="bbox 1116 928 2002 972; baseline -0.005 -8"><span class='ocrx_word' id='word_1_628' title='bbox 1116 930 1186 968; x_wconf 76' lang='lat' dir='ltr'>,iam</span> <span class='ocrx_word' id='word_1_629' title='bbox 1195 929 1300 963; x_wconf 73' lang='lat' dir='ltr'>exaeie</span> <span class='ocrx_word' id='word_1_630' title='bbox 1312 935 1344 962; x_wconf 85' lang='lat' dir='ltr'>in</span> <span class='ocrx_word' id='word_1_631' title='bbox 1351 928 1516 972; x_wconf 76' lang='lat' dir='ltr'>disciplinis</span> <span class='ocrx_word' id='word_1_632' title='bbox 1529 929 1732 970; x_wconf 78' lang='lat' dir='ltr'>Ecclefiasticis</span> <span class='ocrx_word' id='word_1_633' title='bbox 1743 930 1903 963; x_wconf 88' lang='lat' dir='ltr'>eruditum.</span> <span class='ocrx_word' id='word_1_634' title='bbox 1932 928 2002 961; x_wconf 89' lang='lat' dir='ltr'>Hic</span> 
     </span>
    </p>
   </div>
   <div class='ocr_carea' id='block_1_9' title="bbox 1118 979 2008 2308">
    <p class='ocr_par' dir='ltr' id='par_1_13' title="bbox 1118 979 2008 2308">
     <span class='ocr_line' id='line_1_86' title="bbox 1123 979 2003 1023; baseline 0.001 -13"><span class='ocrx_word' id='word_1_635' title='bbox 1123 979 1331 1013; x_wconf 87' lang='lat' dir='ltr'>Frumentius</span> <span class='ocrx_word' id='word_1_636' title='bbox 1341 979 1387 1013; x_wconf 86' lang='lat' dir='ltr'>est</span> <span class='ocrx_word' id='word_1_637' title='bbox 1400 979 1731 1023; x_wconf 74' lang='lat' dir='ltr'>omninoilleidem‚</span> <span class='ocrx_word' id='word_1_638' title='bbox 1758 989 1857 1022; x_wconf 90' lang='lat' dir='ltr'>quem</span> <span class='ocrx_word' id='word_1_639' title='bbox 1877 979 2003 1011; x_wconf 72' lang='lat' dir='ltr'>sanstus</span> 
     </span>
     <span class='ocr_line' id='line_1_87' title="bbox 1124 1026 2005 1073; baseline 0 -14"><span class='ocrx_word' id='word_1_640' title='bbox 1124 1026 1319 1062; x_wconf 77' lang='lat' dir='ltr'>Athanasius</span> <span class='ocrx_word' id='word_1_641' title='bbox 1330 1029 1451 1073; x_wconf 89' lang='lat' dir='ltr'>legavit</span> <span class='ocrx_word' id='word_1_642' title='bbox 1463 1029 1504 1063; x_wconf 93' lang='lat' dir='ltr'>ad</span> <span class='ocrx_word' id='word_1_643' title='bbox 1516 1029 1626 1062; x_wconf 86' lang='lat' dir='ltr'>Indos.</span> <span class='ocrx_word' id='word_1_644' title='bbox 1663 1028 1836 1072; x_wconf 69' lang='lat' dir='ltr'>Perper-am</span> <span class='ocrx_word' id='word_1_645' title='bbox 1848 1028 1865 1060; x_wconf 73' lang='lat' dir='ltr'>a</span> <span class='ocrx_word' id='word_1_646' title='bbox 1873 1026 2005 1070; x_wconf 88' lang='lat' dir='ltr'>quibus-</span> 
     </span>
     <span class='ocr_line' id='line_1_88' title="bbox 1122 1075 2006 1121; baseline 0.001 -11"><span class='ocrx_word' id='word_1_647' title='bbox 1122 1076 1196 1111; x_wconf 87' lang='lat' dir='ltr'>dam</span> <span class='ocrx_word' id='word_1_648' title='bbox 1209 1079 1331 1113; x_wconf 84' lang='lat' dir='ltr'>secatur</span> <span class='ocrx_word' id='word_1_649' title='bbox 1343 1078 1377 1111; x_wconf 91' lang='lat' dir='ltr'>in</span> <span class='ocrx_word' id='word_1_650' title='bbox 1388 1078 1480 1113; x_wconf 91' lang='lat' dir='ltr'>duos.</span> <span class='ocrx_word' id='word_1_651' title='bbox 1493 1078 1602 1121; x_wconf 85' lang='lat' dir='ltr'>Ipsum</span> <span class='ocrx_word' id='word_1_652' title='bbox 1613 1077 1847 1113; x_wconf 83' lang='lat' dir='ltr'>Auxumitanae</span> <span class='ocrx_word' id='word_1_653' title='bbox 1858 1075 2006 1120; x_wconf 86' lang='lat' dir='ltr'>AEthyo-</span> 
     </span>
     <span class='ocr_line' id='line_1_89' title="bbox 1124 1127 2005 1172; baseline 0.001 -12"><span class='ocrx_word' id='word_1_654' title='bbox 1124 1137 1199 1169; x_wconf 88' lang='lat' dir='ltr'>pum</span> <span class='ocrx_word' id='word_1_655' title='bbox 1220 1128 1402 1172; x_wconf 87' lang='lat' dir='ltr'>Metropoli</span> <span class='ocrx_word' id='word_1_656' title='bbox 1424 1129 1627 1172; x_wconf 84' lang='lat' dir='ltr'>Episcopum</span> <span class='ocrx_word' id='word_1_657' title='bbox 1646 1151 1657 1167; x_wconf 88' lang='lat'>‚</span> <span class='ocrx_word' id='word_1_658' title='bbox 1675 1136 1678 1140; x_wconf 83' lang='lat'>&#39;</span> <span class='ocrx_word' id='word_1_659' title='bbox 1693 1128 1728 1163; x_wconf 84' lang='lat'>&amp;</span> <span class='ocrx_word' id='word_1_660' title='bbox 1750 1129 1815 1162; x_wconf 88' lang='lat' dir='ltr'>toti</span> <span class='ocrx_word' id='word_1_661' title='bbox 1837 1127 1890 1160; x_wconf 91' lang='lat' dir='ltr'>isti</span> <span class='ocrx_word' id='word_1_662' title='bbox 1912 1127 2005 1170; x_wconf 86' lang='lat' dir='ltr'>genti</span> 
     </span>
     <span class='ocr_line' id='line_1_90' title="bbox 1122 1175 2006 1214; baseline 0.001 -5"><span class='ocrx_word' id='word_1_663' title='bbox 1122 1175 1301 1211; x_wconf 89' lang='lat' dir='ltr'>Primatem</span> <span class='ocrx_word' id='word_1_664' title='bbox 1312 1179 1516 1212; x_wconf 84' lang='lat' dir='ltr'>consecravit</span> <span class='ocrx_word' id='word_1_665' title='bbox 1537 1178 1627 1214; x_wconf 90' lang='lat' dir='ltr'>idem</span> <span class='ocrx_word' id='word_1_666' title='bbox 1647 1175 1853 1212; x_wconf 84' lang='lat' dir='ltr'>Athanasius.</span> <span class='ocrx_word' id='word_1_667' title='bbox 1882 1177 1925 1210; x_wconf 91' lang='lat' dir='ltr'>Et</span> <span class='ocrx_word' id='word_1_668' title='bbox 1937 1188 2006 1210; x_wconf 87' lang='lat' dir='ltr'>om-</span> 
     </span>
     <span class='ocr_line' id='line_1_91' title="bbox 1125 1226 2006 1269; baseline 0.002 -10"><span class='ocrx_word' id='word_1_669' title='bbox 1125 1237 1178 1260; x_wconf 88' lang='lat' dir='ltr'>nes</span> <span class='ocrx_word' id='word_1_670' title='bbox 1187 1226 1254 1269; x_wconf 80' lang='lat' dir='ltr'>ejus</span> <span class='ocrx_word' id='word_1_671' title='bbox 1266 1228 1459 1263; x_wconf 68' lang='lat' dir='ltr'>successores</span> <span class='ocrx_word' id='word_1_672' title='bbox 1469 1229 1574 1264; x_wconf 82' lang='lat' dir='ltr'>sanxit</span> <span class='ocrx_word' id='word_1_673' title='bbox 1585 1228 1603 1261; x_wconf 76' lang='lat' dir='ltr'>a</span> <span class='ocrx_word' id='word_1_674' title='bbox 1611 1228 1675 1266; x_wconf 85' lang='lat' dir='ltr'>suis</span> <span class='ocrx_word' id='word_1_675' title='bbox 1683 1226 1919 1263; x_wconf 70' lang='lat' dir='ltr'>,successoribus</span> <span class='ocrx_word' id='word_1_676' title='bbox 1926 1228 2006 1261; x_wconf 90' lang='lat' dir='ltr'>sem-</span> 
     </span>
     <span class='ocr_line' id='line_1_92' title="bbox 1123 1276 2007 1322; baseline 0.003 -13"><span class='ocrx_word' id='word_1_677' title='bbox 1123 1287 1176 1318; x_wconf 86' lang='lat' dir='ltr'>per</span> <span class='ocrx_word' id='word_1_678' title='bbox 1186 1277 1432 1314; x_wconf 87' lang='lat' dir='ltr'>consecrandos.</span> <span class='ocrx_word' id='word_1_679' title='bbox 1447 1278 1542 1312; x_wconf 86' lang='lat' dir='ltr'>Hinc</span> <span class='ocrx_word' id='word_1_680' title='bbox 1553 1278 1649 1314; x_wconf 88' lang='lat' dir='ltr'>illum</span> <span class='ocrx_word' id='word_1_681' title='bbox 1659 1278 1677 1310; x_wconf 73' lang='lat' dir='ltr'>a</span> <span class='ocrx_word' id='word_1_682' title='bbox 1689 1277 1837 1322; x_wconf 90' lang='lat' dir='ltr'>Georgio</span> <span class='ocrx_word' id='word_1_683' title='bbox 1851 1278 1887 1313; x_wconf 88' lang='lat' dir='ltr'>in</span> <span class='ocrx_word' id='word_1_684' title='bbox 1899 1276 2007 1312; x_wconf 89' lang='lat' dir='ltr'>Atha-</span> 
     </span>
     <span class='ocr_line' id='line_1_93' title="bbox 1124 1326 2002 1373; baseline 0.003 -15"><span class='ocrx_word' id='word_1_685' title='bbox 1124 1326 1200 1359; x_wconf 82' lang='lat' dir='ltr'>nafii</span> <span class='ocrx_word' id='word_1_686' title='bbox 1212 1352 1221 1367; x_wconf 93' lang='lat'>,</span> <span class='ocrx_word' id='word_1_687' title='bbox 1236 1338 1290 1370; x_wconf 91' lang='lat' dir='ltr'>per</span> <span class='ocrx_word' id='word_1_688' title='bbox 1300 1327 1445 1369; x_wconf 83' lang='lat' dir='ltr'>Tyriam</span> <span class='ocrx_word' id='word_1_689' title='bbox 1456 1327 1627 1371; x_wconf 87' lang='lat' dir='ltr'>Synodum</span> <span class='ocrx_word' id='word_1_690' title='bbox 1640 1327 1784 1371; x_wconf 86' lang='lat' dir='ltr'>iniquiffi</span> <span class='ocrx_word' id='word_1_691' title='bbox 1790 1327 1840 1361; x_wconf 75' lang='lat' dir='ltr'>me</span> <span class='ocrx_word' id='word_1_692' title='bbox 1847 1327 2002 1373; x_wconf 86' lang='lat' dir='ltr'>degrada-</span> 
     </span>
     <span class='ocr_line' id='line_1_94' title="bbox 1123 1376 2004 1416; baseline 0.003 -9"><span class='ocrx_word' id='word_1_693' title='bbox 1123 1376 1146 1408; x_wconf 80' lang='lat' dir='ltr'>ti</span> <span class='ocrx_word' id='word_1_694' title='bbox 1169 1400 1179 1416; x_wconf 91' lang='lat'>,</span> <span class='ocrx_word' id='word_1_695' title='bbox 1206 1376 1387 1411; x_wconf 88' lang='lat' dir='ltr'>Thronum</span> <span class='ocrx_word' id='word_1_696' title='bbox 1406 1378 1569 1412; x_wconf 89' lang='lat' dir='ltr'>violenter</span> <span class='ocrx_word' id='word_1_697' title='bbox 1589 1378 1715 1411; x_wconf 89' lang='lat' dir='ltr'>intruso</span> <span class='ocrx_word' id='word_1_698' title='bbox 1737 1376 1941 1412; x_wconf 89' lang='lat' dir='ltr'>Catechizari</span> <span class='ocrx_word' id='word_1_699' title='bbox 1968 1379 2004 1411; x_wconf 88' lang='lat' dir='ltr'>in</span> 
     </span>
     <span class='ocr_line' id='line_1_95' title="bbox 1124 1424 2004 1470; baseline 0.003 -13"><span class='ocrx_word' id='word_1_700' title='bbox 1124 1424 1247 1460; x_wconf 85' lang='lat' dir='ltr'>Ariana</span> <span class='ocrx_word' id='word_1_701' title='bbox 1258 1426 1428 1470; x_wconf 87' lang='lat' dir='ltr'>Dogmata</span> <span class='ocrx_word' id='word_1_702' title='bbox 1441 1451 1450 1466; x_wconf 88' lang='lat'>‚</span> <span class='ocrx_word' id='word_1_703' title='bbox 1473 1425 1637 1462; x_wconf 84' lang='lat' dir='ltr'>Arianum</span> <span class='ocrx_word' id='word_1_704' title='bbox 1649 1426 1718 1459; x_wconf 89' lang='lat' dir='ltr'>fieri</span> <span class='ocrx_word' id='word_1_705' title='bbox 1731 1449 1742 1465; x_wconf 90' lang='lat'>‚</span> <span class='ocrx_word' id='word_1_706' title='bbox 1769 1428 1923 1468; x_wconf 28' lang='lat' dir='ltr'>atque-ita</span> <span class='ocrx_word' id='word_1_707' title='bbox 1936 1427 2004 1469; x_wconf 87' lang='lat' dir='ltr'>ejus</span> 
     </span>
     <span class='ocr_line' id='line_1_96' title="bbox 1122 1475 2004 1519; baseline 0.003 -12"><span class='ocrx_word' id='word_1_708' title='bbox 1122 1476 1402 1510; x_wconf 84' lang='lat' dir='ltr'>consecrationem</span> <span class='ocrx_word' id='word_1_709' title='bbox 1414 1476 1567 1511; x_wconf 88' lang='lat' dir='ltr'>ratificari</span> <span class='ocrx_word' id='word_1_710' title='bbox 1577 1477 1611 1510; x_wconf 71' lang='grc' dir='ltr'>ὅ(</span> <span class='ocrx_word' id='word_1_711' title='bbox 1632 1475 1752 1510; x_wconf 82' lang='lat' dir='ltr'>firmari</span> <span class='ocrx_word' id='word_1_712' title='bbox 1772 1476 1879 1509; x_wconf 86' lang='lat' dir='ltr'>voluit</span> <span class='ocrx_word' id='word_1_713' title='bbox 1901 1475 2004 1519; x_wconf 82' lang='lat' dir='ltr'>Impe-</span> 
     </span>
     <span class='ocr_line' id='line_1_97' title="bbox 1122 1524 2002 1563; baseline 0.003 -6"><span class='ocrx_word' id='word_1_714' title='bbox 1122 1536 1207 1563; x_wconf 80' lang='lat' dir='ltr'>rator</span> <span class='ocrx_word' id='word_1_715' title='bbox 1224 1525 1450 1561; x_wconf 87' lang='lat' dir='ltr'>Constantius.</span> <span class='ocrx_word' id='word_1_716' title='bbox 1479 1526 1522 1562; x_wconf 88' lang='lat' dir='ltr'>Et</span> <span class='ocrx_word' id='word_1_717' title='bbox 1543 1524 1629 1559; x_wconf 89' lang='lat' dir='ltr'>hanc</span> <span class='ocrx_word' id='word_1_718' title='bbox 1639 1525 1893 1560; x_wconf 87' lang='lat' dir='ltr'>ratificationem</span> <span class='ocrx_word' id='word_1_719' title='bbox 1906 1538 2002 1560; x_wconf 85' lang='lat' dir='ltr'>tanto</span> 
     </span>
     <span class='ocr_line' id='line_1_98' title="bbox 1122 1573 2004 1620; baseline 0.003 -13"><span class='ocrx_word' id='word_1_720' title='bbox 1122 1576 1243 1618; x_wconf 82' lang='lat' dir='ltr'>impetu</span> <span class='ocrx_word' id='word_1_721' title='bbox 1251 1588 1289 1611; x_wconf 82' lang='lat' dir='ltr'>ac</span> <span class='ocrx_word' id='word_1_722' title='bbox 1299 1575 1370 1612; x_wconf 78' lang='lat' dir='ltr'>zelo</span> <span class='ocrx_word' id='word_1_723' title='bbox 1381 1575 1539 1620; x_wconf 84' lang='lat' dir='ltr'>expetivit</span> <span class='ocrx_word' id='word_1_724' title='bbox 1550 1600 1560 1616; x_wconf 89' lang='lat'>,</span> <span class='ocrx_word' id='word_1_725' title='bbox 1573 1587 1610 1610; x_wconf 87' lang='lat' dir='ltr'>ut</span> <span class='ocrx_word' id='word_1_726' title='bbox 1623 1573 1860 1610; x_wconf 87' lang='lat' dir='ltr'>Auxumitanis</span> <span class='ocrx_word' id='word_1_727' title='bbox 1872 1577 2004 1619; x_wconf 89' lang='lat' dir='ltr'>Tyran-</span> 
     </span>
     <span class='ocr_line' id='line_1_99' title="bbox 1123 1625 2001 1670; baseline 0.001 -13"><span class='ocrx_word' id='word_1_728' title='bbox 1123 1626 1171 1657; x_wconf 84' lang='lat' dir='ltr'>nis</span> <span class='ocrx_word' id='word_1_729' title='bbox 1182 1650 1191 1664; x_wconf 93' lang='lat'>‚</span> <span class='ocrx_word' id='word_1_730' title='bbox 1219 1626 1277 1658; x_wconf 84' lang='lat' dir='ltr'>nifi</span> <span class='ocrx_word' id='word_1_731' title='bbox 1287 1625 1459 1661; x_wconf 86' lang='lat' dir='ltr'>obedirent</span> <span class='ocrx_word' id='word_1_732' title='bbox 1472 1651 1482 1666; x_wconf 93' lang='lat'>,</span> <span class='ocrx_word' id='word_1_733' title='bbox 1507 1625 1659 1670; x_wconf 88' lang='lat' dir='ltr'>generale</span> <span class='ocrx_word' id='word_1_734' title='bbox 1679 1625 1806 1660; x_wconf 91' lang='lat' dir='ltr'>bellum</span> <span class='ocrx_word' id='word_1_735' title='bbox 1832 1626 2001 1661; x_wconf 84' lang='lat' dir='ltr'>indiceret.</span> 
     </span>
     <span class='ocr_line' id='line_1_100' title="bbox 1120 1674 2008 1722; baseline 0.003 -14"><span class='ocrx_word' id='word_1_736' title='bbox 1120 1675 1221 1722; x_wconf 81' lang='lat' dir='ltr'>Qod</span> <span class='ocrx_word' id='word_1_737' title='bbox 1244 1676 1360 1719; x_wconf 75' lang='lat' dir='ltr'>nempe</span> <span class='ocrx_word' id='word_1_738' title='bbox 1383 1675 1445 1710; x_wconf 86' lang='lat' dir='ltr'>isto</span> <span class='ocrx_word' id='word_1_739' title='bbox 1467 1688 1521 1719; x_wconf 84' lang='lat' dir='ltr'>per</span> <span class='ocrx_word' id='word_1_740' title='bbox 1541 1674 1756 1711; x_wconf 75' lang='lat' dir='ltr'>Athanasium</span> <span class='ocrx_word' id='word_1_741' title='bbox 1784 1675 1917 1710; x_wconf 60' lang='lat' dir='ltr'>inducto</span> <span class='ocrx_word' id='word_1_742' title='bbox 1937 1676 2008 1720; x_wconf 83' lang='lat' dir='ltr'>jure</span> 
     </span>
     <span class='ocr_line' id='line_1_101' title="bbox 1121 1725 2005 1770; baseline 0.002 -12"><span class='ocrx_word' id='word_1_743' title='bbox 1121 1725 1223 1759; x_wconf 92' lang='lat' dir='ltr'>nollet</span> <span class='ocrx_word' id='word_1_744' title='bbox 1245 1726 1428 1770; x_wconf 88' lang='lat' dir='ltr'>Georgium</span> <span class='ocrx_word' id='word_1_745' title='bbox 1441 1737 1497 1761; x_wconf 85' lang='lat' dir='ltr'>aut</span> <span class='ocrx_word' id='word_1_746' title='bbox 1509 1726 1614 1762; x_wconf 87' lang='lat' dir='ltr'>ullum</span> <span class='ocrx_word' id='word_1_747' title='bbox 1634 1726 1703 1769; x_wconf 85' lang='lat' dir='ltr'>ejus</span> <span class='ocrx_word' id='word_1_748' title='bbox 1726 1727 1935 1760; x_wconf 82' lang='lat' dir='ltr'>successorem</span> <span class='ocrx_word' id='word_1_749' title='bbox 1943 1727 2005 1770; x_wconf 86' lang='lat' dir='ltr'>pri-</span> 
     </span>
     <span class='ocr_line' id='line_1_102' title="bbox 1120 1774 2000 1822; baseline 0.003 -15"><span class='ocrx_word' id='word_1_750' title='bbox 1120 1775 1194 1808; x_wconf 88' lang='lat' dir='ltr'>vari.</span> <span class='ocrx_word' id='word_1_751' title='bbox 1221 1776 1431 1810; x_wconf 87' lang='lat' dir='ltr'>Frumentius</span> <span class='ocrx_word' id='word_1_752' title='bbox 1451 1778 1485 1809; x_wconf 86' lang='lat' dir='ltr'>in</span> <span class='ocrx_word' id='word_1_753' title='bbox 1509 1777 1605 1810; x_wconf 87' lang='lat' dir='ltr'>omni</span> <span class='ocrx_word' id='word_1_754' title='bbox 1628 1775 1687 1810; x_wconf 87' lang='lat' dir='ltr'>ista</span> <span class='ocrx_word' id='word_1_755' title='bbox 1710 1774 1880 1820; x_wconf 86' lang='lat' dir='ltr'>neophyta</span> <span class='ocrx_word' id='word_1_756' title='bbox 1900 1787 2000 1822; x_wconf 89' lang='lat' dir='ltr'>gente</span> 
     </span>
     <span class='ocr_line' id='line_1_103' title="bbox 1118 1825 2002 1870; baseline 0.002 -13"><span class='ocrx_word' id='word_1_757' title='bbox 1118 1834 1184 1858; x_wconf 90' lang='lat' dir='ltr'>erat</span> <span class='ocrx_word' id='word_1_758' title='bbox 1195 1834 1275 1859; x_wconf 91' lang='lat' dir='ltr'>tunc</span> <span class='ocrx_word' id='word_1_759' title='bbox 1286 1825 1373 1860; x_wconf 85' lang='lat' dir='ltr'>solus</span> <span class='ocrx_word' id='word_1_760' title='bbox 1384 1827 1566 1870; x_wconf 89' lang='lat' dir='ltr'>Episcopus</span> <span class='ocrx_word' id='word_1_761' title='bbox 1580 1851 1590 1866; x_wconf 91' lang='lat'>‚</span> <span class='ocrx_word' id='word_1_762' title='bbox 1616 1825 1757 1869; x_wconf 67' lang='lat' dir='ltr'>ideoque</span> <span class='ocrx_word' id='word_1_763' title='bbox 1776 1826 1840 1860; x_wconf 86' lang='lat' dir='ltr'>alia</span> <span class='ocrx_word' id='word_1_764' title='bbox 1854 1837 1909 1868; x_wconf 88' lang='lat' dir='ltr'>per</span> <span class='ocrx_word' id='word_1_765' title='bbox 1921 1825 2002 1860; x_wconf 86' lang='lat' dir='ltr'>Ara-</span> 
     </span>
     <span class='ocr_line' id='line_1_104' title="bbox 1120 1873 2002 1919; baseline 0.005 -13"><span class='ocrx_word' id='word_1_766' title='bbox 1120 1873 1230 1907; x_wconf 87' lang='lat' dir='ltr'>bicum</span> <span class='ocrx_word' id='word_1_767' title='bbox 1242 1874 1418 1909; x_wconf 82' lang='lat' dir='ltr'>canonem</span> <span class='ocrx_word' id='word_1_768' title='bbox 1428 1876 1570 1910; x_wconf 66' lang='lat' dir='ltr'>adducta</span> <span class='ocrx_word' id='word_1_769' title='bbox 1578 1874 1799 1909; x_wconf 86' lang='lat' dir='ltr'>Alexandrini</span> <span class='ocrx_word' id='word_1_770' title='bbox 1812 1875 2002 1919; x_wconf 76' lang='lat' dir='ltr'>patriarche</span> 
     </span>
     <span class='ocr_line' id='line_1_105' title="bbox 1118 1922 2003 1968; baseline 0.006 -13"><span class='ocrx_word' id='word_1_771' title='bbox 1118 1923 1184 1964; x_wconf 83' lang='lat' dir='ltr'>jura</span> <span class='ocrx_word' id='word_1_772' title='bbox 1197 1922 1326 1957; x_wconf 89' lang='lat' dir='ltr'>videtur</span> <span class='ocrx_word' id='word_1_773' title='bbox 1337 1935 1406 1958; x_wconf 90' lang='lat' dir='ltr'>non</span> <span class='ocrx_word' id='word_1_774' title='bbox 1420 1923 1618 1959; x_wconf 77' lang='lat' dir='ltr'>Athanasius</span> <span class='ocrx_word' id='word_1_775' title='bbox 1632 1948 1641 1963; x_wconf 91' lang='lat'>‚</span> <span class='ocrx_word' id='word_1_776' title='bbox 1652 1925 1706 1958; x_wconf 90' lang='lat' dir='ltr'>sed</span> <span class='ocrx_word' id='word_1_777' title='bbox 1719 1926 1791 1968; x_wconf 89' lang='lat' dir='ltr'>quis</span> <span class='ocrx_word' id='word_1_778' title='bbox 1803 1925 1871 1967; x_wconf 84' lang='lat' dir='ltr'>ejus</span> <span class='ocrx_word' id='word_1_779' title='bbox 1881 1926 2003 1960; x_wconf 85' lang='lat' dir='ltr'>succes·</span> 
     </span>
     <span class='ocr_line' id='line_1_106' title="bbox 1122 1972 2004 2014; baseline 0.006 -8"><span class='ocrx_word' id='word_1_780' title='bbox 1122 1973 1171 2006; x_wconf 87' lang='lat' dir='ltr'>sot</span> <span class='ocrx_word' id='word_1_781' title='bbox 1181 1972 1350 2008; x_wconf 62' lang='lat' dir='ltr'>induxisse.</span> <span class='ocrx_word' id='word_1_782' title='bbox 1379 1974 1423 2008; x_wconf 83' lang='lat' dir='ltr'>Et</span> <span class='ocrx_word' id='word_1_783' title='bbox 1435 1974 1522 2009; x_wconf 73' lang='lat' dir='ltr'>certe</span> <span class='ocrx_word' id='word_1_784' title='bbox 1533 1975 1658 2008; x_wconf 72' lang='lat' dir='ltr'>sanstus</span> <span class='ocrx_word' id='word_1_785' title='bbox 1681 1975 1894 2009; x_wconf 82' lang='lat' dir='ltr'>Frumentius</span> <span class='ocrx_word' id='word_1_786' title='bbox 1906 2000 1916 2014; x_wconf 88' lang='lat'>,</span> <span class='ocrx_word' id='word_1_787' title='bbox 1943 1988 2004 2011; x_wconf 90' lang='lat' dir='ltr'>nec</span> 
     </span>
     <span class='ocr_line' id='line_1_107' title="bbox 1122 2021 2007 2068; baseline 0.007 -14"><span class='ocrx_word' id='word_1_788' title='bbox 1122 2021 1366 2059; x_wconf 83' lang='lat' dir='ltr'>Alexandrinus</span> <span class='ocrx_word' id='word_1_789' title='bbox 1379 2047 1389 2063; x_wconf 92' lang='lat'>‚</span> <span class='ocrx_word' id='word_1_790' title='bbox 1401 2035 1462 2058; x_wconf 90' lang='lat' dir='ltr'>nec</span> <span class='ocrx_word' id='word_1_791' title='bbox 1474 2022 1659 2068; x_wconf 87' lang='lat' dir='ltr'>AEgyptius</span> <span class='ocrx_word' id='word_1_792' title='bbox 1670 2024 1734 2057; x_wconf 88' lang='lat' dir='ltr'>fuit</span> <span class='ocrx_word' id='word_1_793' title='bbox 1747 2048 1758 2063; x_wconf 90' lang='lat'><strong><em>,</em></strong></span> <span class='ocrx_word' id='word_1_794' title='bbox 1770 2025 1824 2058; x_wconf 91' lang='lat' dir='ltr'>sed</span> <span class='ocrx_word' id='word_1_795' title='bbox 1837 2023 1961 2067; x_wconf 87' lang='lat' dir='ltr'>Tyrius</span> <span class='ocrx_word' id='word_1_796' title='bbox 1972 2027 2007 2060; x_wconf 75' lang='grc' dir='ltr'>ὅτ.</span> 
     </span>
     <span class='ocr_line' id='line_1_108' title="bbox 1121 2071 2006 2117; baseline 0.008 -14"><span class='ocrx_word' id='word_1_797' title='bbox 1121 2071 1218 2114; x_wconf 84' lang='lat' dir='ltr'>Syrus</span> <span class='ocrx_word' id='word_1_798' title='bbox 1242 2095 1252 2110; x_wconf 90' lang='lat'>‚</span> <span class='ocrx_word' id='word_1_799' title='bbox 1287 2071 1436 2117; x_wconf 78' lang='lat' dir='ltr'>adeoque</span> <span class='ocrx_word' id='word_1_800' title='bbox 1469 2072 1734 2107; x_wconf 86' lang='lat' dir='ltr'>Auxumitanum</span> <span class='ocrx_word' id='word_1_801' title='bbox 1769 2074 2006 2117; x_wconf 88' lang='lat' dir='ltr'>Episcopatum</span> 
     </span>
     <span class='ocr_line' id='line_1_109' title="bbox 1122 2119 2005 2169; baseline 0.002 -13"><span class='ocrx_word' id='word_1_802' title='bbox 1122 2119 1316 2157; x_wconf 72' lang='lat' dir='ltr'>Athanasius</span> <span class='ocrx_word' id='word_1_803' title='bbox 1328 2134 1397 2156; x_wconf 91' lang='lat' dir='ltr'>non</span> <span class='ocrx_word' id='word_1_804' title='bbox 1407 2123 1501 2166; x_wconf 85' lang='lat' dir='ltr'>poffit</span> <span class='ocrx_word' id='word_1_805' title='bbox 1510 2123 1586 2158; x_wconf 90' lang='lat' dir='ltr'>solis</span> <span class='ocrx_word' id='word_1_806' title='bbox 1598 2122 1832 2157; x_wconf 87' lang='lat' dir='ltr'>Alexandrinis</span> <span class='ocrx_word' id='word_1_807' title='bbox 1841 2124 2005 2169; x_wconf 81' lang='lat' dir='ltr'>adligasse.</span> 
     </span>
     <span class='ocr_line' id='line_1_110' title="bbox 1122 2171 2005 2217; baseline 0.007 -14"><span class='ocrx_word' id='word_1_808' title='bbox 1122 2171 1231 2214; x_wconf 87' lang='lat' dir='ltr'>Hujus</span> <span class='ocrx_word' id='word_1_809' title='bbox 1242 2171 1387 2205; x_wconf 78' lang='lat' dir='ltr'>instituti</span> <span class='ocrx_word' id='word_1_810' title='bbox 1399 2171 1576 2208; x_wconf 88' lang='lat' dir='ltr'>authorem</span> <span class='ocrx_word' id='word_1_811' title='bbox 1588 2173 1717 2217; x_wconf 86' lang='lat' dir='ltr'>ignoro.</span> <span class='ocrx_word' id='word_1_812' title='bbox 1733 2174 1848 2208; x_wconf 86' lang='lat' dir='ltr'>Etiam</span> <span class='ocrx_word' id='word_1_813' title='bbox 1860 2174 2005 2209; x_wconf 87' lang='lat' dir='ltr'>Potesta-</span> 
     </span>
     <span class='ocr_line' id='line_1_111' title="bbox 1122 2221 2003 2268; baseline 0.006 -14"><span class='ocrx_word' id='word_1_814' title='bbox 1122 2222 1162 2254; x_wconf 86' lang='lat' dir='ltr'>tis</span> <span class='ocrx_word' id='word_1_815' title='bbox 1175 2245 1186 2260; x_wconf 90' lang='lat'><em>‚</em></span> <span class='ocrx_word' id='word_1_816' title='bbox 1213 2232 1276 2263; x_wconf 88' lang='lat' dir='ltr'>qua</span> <span class='ocrx_word' id='word_1_817' title='bbox 1289 2221 1324 2254; x_wconf 91' lang='lat' dir='ltr'>in</span> <span class='ocrx_word' id='word_1_818' title='bbox 1335 2223 1564 2257; x_wconf 88' lang='lat' dir='ltr'>consecrandis</span> <span class='ocrx_word' id='word_1_819' title='bbox 1575 2222 1734 2257; x_wconf 87' lang='lat' dir='ltr'>Indorum</span> <span class='ocrx_word' id='word_1_820' title='bbox 1749 2224 1919 2268; x_wconf 86' lang='lat' dir='ltr'>Episcopis</span> <span class='ocrx_word' id='word_1_821' title='bbox 1928 2225 2003 2259; x_wconf 88' lang='lat' dir='ltr'>Ale-</span> 
     </span>
     <span class='ocr_line' id='line_1_112' title="bbox 1125 2270 1678 2308; baseline 0.005 -4"><span class='ocrx_word' id='word_1_822' title='bbox 1125 2270 1300 2305; x_wconf 81' lang='lat' dir='ltr'>xandrinus</span> <span class='ocrx_word' id='word_1_823' title='bbox 1314 2271 1502 2308; x_wconf 78' lang='lat' dir='ltr'>Patriarcha</span> <span class='ocrx_word' id='word_1_824' title='bbox 1513 2274 1577 2307; x_wconf 87' lang='lat' dir='ltr'>fuit</span> <span class='ocrx_word' id='word_1_825' title='bbox 1590 2274 1678 2307; x_wconf 84' lang='lat' dir='ltr'>usus.</span> 
     </span>
    </p>
   </div>
   <div class='ocr_carea' id='block_1_10' title="bbox 1131 2365 1991 2381">
    <p class='ocr_par' dir='ltr' id='par_1_14' title="bbox 1131 2365 1991 2381">
     <span class='ocr_line' id='line_1_113' title="bbox 1131 2365 1991 2381; baseline 0 1395"><span class='ocrx_word' id='word_1_826' title='bbox 1131 2365 1991 2381; x_wconf 95' lang='lat' dir='ltr'> </span> 
     </span>
    </p>
   </div>
   <div class='ocr_carea' id='block_1_11' title="bbox 1375 2405 1793 2445">
    <p class='ocr_par' dir='ltr' id='par_1_15' title="bbox 1375 2405 1793 2445">
     <span class='ocr_line' id='line_1_114' title="bbox 1375 2405 1793 2445; baseline 0.01 -4"><span class='ocrx_word' id='word_1_827' title='bbox 1375 2405 1650 2444; x_wconf 87' lang='lat' dir='ltr'>CAPUT</span> <span class='ocrx_word' id='word_1_828' title='bbox 1702 2408 1793 2445; x_wconf 68' lang='lat' dir='ltr'>V.⁴</span> 
     </span>
    </p>
   </div>
   <div class='ocr_carea' id='block_1_12' title="bbox 1121 2493 2006 2616">
    <p class='ocr_par' dir='ltr' id='par_1_16' title="bbox 1121 2493 2006 2616">
     <span class='ocr_line' id='line_1_115' title="bbox 1121 2493 2006 2565; baseline 0 -19"><span class='ocrx_word' id='word_1_829' title='bbox 1121 2502 1336 2565; x_wconf 75' lang='lat' dir='ltr'>Exponitur·</span> <span class='ocrx_word' id='word_1_830' title='bbox 1358 2493 1589 2563; x_wconf 77' lang='lat' dir='ltr'>Conftcratio</span> <span class='ocrx_word' id='word_1_831' title='bbox 1612 2497 1723 2564; x_wconf 77' lang='lat' dir='ltr'>ipſsus</span> <span class='ocrx_word' id='word_1_832' title='bbox 1758 2497 2006 2548; x_wconf 74' lang='lat' dir='ltr'>Alexandrini</span> 
     </span>
     <span class='ocr_line' id='line_1_116' title="bbox 1435 2565 1680 2616; baseline -0.004 0"><span class='ocrx_word' id='word_1_833' title='bbox 1435 2565 1680 2616; x_wconf 53' lang='lat' dir='ltr'>Patriae-clm.</span> 
     </span>
    </p>
   </div>
   <div class='ocr_carea' id='block_1_13' title="bbox 1114 2674 2005 3559">
    <p class='ocr_par' dir='ltr' id='par_1_17' title="bbox 1114 2674 2005 3518">
     <span class='ocr_line' id='line_1_117' title="bbox 1126 2674 2004 2761; baseline -0.001 -49"><span class='ocrx_word' id='word_1_834' title='bbox 1126 2674 1167 2761; x_wconf 83' lang='lat' dir='ltr'>I</span> <span class='ocrx_word' id='word_1_835' title='bbox 1178 2677 1214 2712; x_wconf 91' lang='lat' dir='ltr'>N</span> <span class='ocrx_word' id='word_1_836' title='bbox 1241 2678 1306 2712; x_wconf 87' lang='lat' dir='ltr'>suis</span> <span class='ocrx_word' id='word_1_837' title='bbox 1316 2675 1504 2711; x_wconf 86' lang='lat' dir='ltr'>Annalibus</span> <span class='ocrx_word' id='word_1_838' title='bbox 1515 2676 1704 2727; x_wconf 52' lang='lat' dir='ltr'>patriarcha</span> <span class='ocrx_word' id='word_1_839' title='bbox 1727 2675 1913 2721; x_wconf 87' lang='lat' dir='ltr'>Eutychius</span> <span class='ocrx_word' id='word_1_840' title='bbox 1925 2679 2004 2711; x_wconf 85' lang='lat' dir='ltr'>affir-</span> 
     </span>
     <span class='ocr_line' id='line_1_118' title="bbox 1196 2727 2005 2772; baseline -0.002 -9"><span class='ocrx_word' id='word_1_841' title='bbox 1196 2738 1264 2763; x_wconf 89' lang='lat' dir='ltr'>mat</span> <span class='ocrx_word' id='word_1_842' title='bbox 1278 2727 1451 2770; x_wconf 78' lang='lat' dir='ltr'>Anianum</span> <span class='ocrx_word' id='word_1_843' title='bbox 1462 2728 1563 2767; x_wconf 52' lang='lat' dir='ltr'>fuisses</span> <span class='ocrx_word' id='word_1_844' title='bbox 1574 2728 1716 2772; x_wconf 86' lang='lat' dir='ltr'>primurn</span> <span class='ocrx_word' id='word_1_845' title='bbox 1730 2727 1934 2761; x_wconf 78' lang='lat' dir='ltr'>Alexandriae</span> <span class='ocrx_word' id='word_1_846' title='bbox 1945 2728 2005 2762; x_wconf 90' lang='lat' dir='ltr'>Pa-</span> 
     </span>
     <span class='ocr_line' id='line_1_119' title="bbox 1123 2777 2004 2822; baseline 0 -11"><span class='ocrx_word' id='word_1_847' title='bbox 1123 2777 1296 2811; x_wconf 85' lang='lat' dir='ltr'>triarcham</span> <span class='ocrx_word' id='word_1_848' title='bbox 1309 2802 1318 2817; x_wconf 85' lang='lat'><strong>,</strong></span> <span class='ocrx_word' id='word_1_849' title='bbox 1330 2787 1426 2821; x_wconf 89' lang='lat' dir='ltr'>atque</span> <span class='ocrx_word' id='word_1_850' title='bbox 1438 2777 1587 2822; x_wconf 81' lang='lat' dir='ltr'>adjungit</span> <span class='ocrx_word' id='word_1_851' title='bbox 1600 2790 1606 2809; x_wconf 90' lang='lat'>:</span> <span class='ocrx_word' id='word_1_852' title='bbox 1621 2777 1777 2818; x_wconf 81' lang='lat' dir='ltr'>Constituit</span> <span class='ocrx_word' id='word_1_853' title='bbox 1788 2787 1886 2810; x_wconf 84' lang='lat' dir='ltr'>autem</span> <span class='ocrx_word' id='word_1_854' title='bbox 1894 2781 2004 2811; x_wconf 76' lang='lat' dir='ltr'>Evan-</span> 
     </span>
     <span class='ocr_line' id='line_1_120' title="bbox 1117 2826 2004 2871; baseline 0.001 -11"><span class='ocrx_word' id='word_1_855' title='bbox 1117 2827 1218 2871; x_wconf 77' lang='lat' dir='ltr'>gelista</span> <span class='ocrx_word' id='word_1_856' title='bbox 1239 2831 1360 2860; x_wconf 86' lang='lat' dir='ltr'>Marcus</span> <span class='ocrx_word' id='word_1_857' title='bbox 1384 2839 1444 2861; x_wconf 86' lang='lat' dir='ltr'>una</span> <span class='ocrx_word' id='word_1_858' title='bbox 1472 2839 1537 2861; x_wconf 88' lang='lat' dir='ltr'>cum</span> <span class='ocrx_word' id='word_1_859' title='bbox 1560 2831 1673 2860; x_wconf 79' lang='lat' dir='ltr'>Amano</span> <span class='ocrx_word' id='word_1_860' title='bbox 1700 2826 1879 2861; x_wconf 84' lang='lat' dir='ltr'>Patriarcha</span> <span class='ocrx_word' id='word_1_861' title='bbox 1898 2828 2004 2861; x_wconf 84' lang='lat' dir='ltr'>duode-</span> 
     </span>
     <span class='ocr_line' id='line_1_121' title="bbox 1120 2876 2004 2919; baseline 0 -9"><span class='ocrx_word' id='word_1_862' title='bbox 1120 2884 1176 2911; x_wconf 88' lang='lat' dir='ltr'>cim</span> <span class='ocrx_word' id='word_1_863' title='bbox 1197 2877 1390 2916; x_wconf 83' lang='lat' dir='ltr'>Presbyteros</span> <span class='ocrx_word' id='word_1_864' title='bbox 1412 2902 1422 2919; x_wconf 91' lang='lat'>,</span> <span class='ocrx_word' id='word_1_865' title='bbox 1460 2883 1512 2919; x_wconf 89' lang='lat' dir='ltr'>qui</span> <span class='ocrx_word' id='word_1_866' title='bbox 1534 2879 1638 2919; x_wconf 67' lang='lat' dir='ltr'>nempe</span> <span class='ocrx_word' id='word_1_867' title='bbox 1656 2889 1720 2910; x_wconf 90' lang='lat' dir='ltr'>cum</span> <span class='ocrx_word' id='word_1_868' title='bbox 1739 2876 1921 2911; x_wconf 71' lang='lat' dir='ltr'>patriarcha</span> <span class='ocrx_word' id='word_1_869' title='bbox 1942 2890 2004 2910; x_wconf 90' lang='lat' dir='ltr'>ma-</span> 
     </span>
     <span class='ocr_line' id='line_1_122' title="bbox 1122 2925 2003 2969; baseline 0.003 -10"><span class='ocrx_word' id='word_1_870' title='bbox 1122 2936 1224 2960; x_wconf 85' lang='lat' dir='ltr'>nerent</span> <span class='ocrx_word' id='word_1_871' title='bbox 1235 2952 1245 2969; x_wconf 91' lang='lat'>,</span> <span class='ocrx_word' id='word_1_872' title='bbox 1271 2929 1344 2961; x_wconf 86' lang='lat' dir='ltr'>adeo</span> <span class='ocrx_word' id='word_1_873' title='bbox 1363 2937 1397 2961; x_wconf 90' lang='lat' dir='ltr'>ut</span> <span class='ocrx_word' id='word_1_874' title='bbox 1418 2939 1483 2961; x_wconf 88' lang='lat' dir='ltr'>cum</span> <span class='ocrx_word' id='word_1_875' title='bbox 1493 2937 1616 2962; x_wconf 82' lang='lat' dir='ltr'>vacaret</span> <span class='ocrx_word' id='word_1_876' title='bbox 1634 2925 1862 2960; x_wconf 79' lang='lat' dir='ltr'>Patriarchatus</span> <span class='ocrx_word' id='word_1_877' title='bbox 1876 2950 1886 2966; x_wconf 89' lang='lat'>,</span> <span class='ocrx_word' id='word_1_878' title='bbox 1912 2938 2003 2962; x_wconf 86' lang='lat' dir='ltr'>unum</span> 
     </span>
     <span class='ocr_line' id='line_1_123' title="bbox 1120 2977 2003 3020; baseline 0.002 -11"><span class='ocrx_word' id='word_1_879' title='bbox 1120 2981 1134 3010; x_wconf 71' lang='grc' dir='ltr'><em>ἐ</em></span> <span class='ocrx_word' id='word_1_880' title='bbox 1147 2978 1297 3011; x_wconf 85' lang='lat' dir='ltr'>duodecim</span> <span class='ocrx_word' id='word_1_881' title='bbox 1321 2977 1503 3017; x_wconf 80' lang='lat' dir='ltr'>Presbyteris</span> <span class='ocrx_word' id='word_1_882' title='bbox 1523 2979 1662 3020; x_wconf 86' lang='lat' dir='ltr'>eligerent</span> <span class='ocrx_word' id='word_1_883' title='bbox 1683 3001 1694 3016; x_wconf 90' lang='lat'><em>‚</em></span> <span class='ocrx_word' id='word_1_884' title='bbox 1719 2977 1802 3016; x_wconf 88' lang='lat' dir='ltr'>cujus</span> <span class='ocrx_word' id='word_1_885' title='bbox 1823 2983 1915 3018; x_wconf 82' lang='lat' dir='ltr'>capiti</span> <span class='ocrx_word' id='word_1_886' title='bbox 1937 2980 2003 3011; x_wconf 87' lang='lat' dir='ltr'>reli-</span> 
     </span>
     <span class='ocr_line' id='line_1_124' title="bbox 1121 3024 2002 3069; baseline 0.001 -10"><span class='ocrx_word' id='word_1_887' title='bbox 1121 3034 1170 3069; x_wconf 87' lang='lat' dir='ltr'>qui</span> <span class='ocrx_word' id='word_1_888' title='bbox 1202 3029 1337 3060; x_wconf 85' lang='lat' dir='ltr'>undecim</span> <span class='ocrx_word' id='word_1_889' title='bbox 1358 3039 1465 3060; x_wconf 83' lang='lat' dir='ltr'>manus</span> <span class='ocrx_word' id='word_1_890' title='bbox 1487 3034 1670 3068; x_wconf 83' lang='lat' dir='ltr'>imponentes</span> <span class='ocrx_word' id='word_1_891' title='bbox 1692 3024 1749 3067; x_wconf 74' lang='lat' dir='ltr'>ipsi</span> <span class='ocrx_word' id='word_1_892' title='bbox 1773 3025 1978 3061; x_wconf 76' lang='lat' dir='ltr'>benedicerent</span> <span class='ocrx_word' id='word_1_893' title='bbox 1991 3053 2002 3068; x_wconf 87' lang='lat'>‚</span> 
     </span>
     <span class='ocr_line' id='line_1_125' title="bbox 1121 3076 2002 3120; baseline 0.002 -10"><span class='ocrx_word' id='word_1_894' title='bbox 1121 3079 1154 3110; x_wconf 60' lang='lat' dir='ltr'>&lt;ff</span> <span class='ocrx_word' id='word_1_895' title='bbox 1180 3077 1391 3111; x_wconf 84' lang='lat' dir='ltr'>Patriarcham</span> <span class='ocrx_word' id='word_1_896' title='bbox 1412 3085 1556 3112; x_wconf 78' lang='lat' dir='ltr'>crearent.</span> <span class='ocrx_word' id='word_1_897' title='bbox 1593 3076 1710 3110; x_wconf 84' lang='lat' dir='ltr'>Deinde</span> <span class='ocrx_word' id='word_1_898' title='bbox 1741 3081 1841 3110; x_wconf 80' lang='lat' dir='ltr'>virum</span> <span class='ocrx_word' id='word_1_899' title='bbox 1873 3078 2002 3120; x_wconf 82' lang='lat' dir='ltr'>aliquem</span> 
     </span>
     <span class='ocr_line' id='line_1_126' title="bbox 1121 3120 2003 3169; baseline 0.001 -10"><span class='ocrx_word' id='word_1_900' title='bbox 1121 3126 1256 3169; x_wconf 54' lang='lat' dir='ltr'>insignem</span> <span class='ocrx_word' id='word_1_901' title='bbox 1275 3129 1414 3169; x_wconf 87' lang='lat' dir='ltr'>eligerent</span> <span class='ocrx_word' id='word_1_902' title='bbox 1437 3150 1448 3168; x_wconf 86' lang='lat'>‚</span> <span class='ocrx_word' id='word_1_903' title='bbox 1484 3137 1571 3167; x_wconf 86' lang='lat' dir='ltr'>quem</span> <span class='ocrx_word' id='word_1_904' title='bbox 1585 3120 1684 3168; x_wconf 83' lang='lat' dir='ltr'>secum</span> <span class='ocrx_word' id='word_1_905' title='bbox 1706 3125 1915 3164; x_wconf 82' lang='lat' dir='ltr'>Presbyterum</span> <span class='ocrx_word' id='word_1_906' title='bbox 1937 3139 2003 3162; x_wconf 81' lang='lat' dir='ltr'>con-</span> 
     </span>
     <span class='ocr_line' id='line_1_127' title="bbox 1114 3174 2001 3217; baseline -0.001 -8"><span class='ocrx_word' id='word_1_907' title='bbox 1114 3178 1268 3217; x_wconf 83' lang='lat' dir='ltr'>stituerent</span> <span class='ocrx_word' id='word_1_908' title='bbox 1286 3178 1343 3210; x_wconf 82' lang='lat' dir='ltr'>loco</span> <span class='ocrx_word' id='word_1_909' title='bbox 1365 3178 1451 3216; x_wconf 84' lang='lat' dir='ltr'>ejus,</span> <span class='ocrx_word' id='word_1_910' title='bbox 1477 3182 1528 3217; x_wconf 83' lang='lat' dir='ltr'>qui</span> <span class='ocrx_word' id='word_1_911' title='bbox 1537 3174 1643 3215; x_wconf 57' lang='lat' dir='ltr'>fadus</span> <span class='ocrx_word' id='word_1_912' title='bbox 1663 3174 1701 3215; x_wconf 86' lang='lat' dir='ltr'>est</span> <span class='ocrx_word' id='word_1_913' title='bbox 1727 3175 1908 3210; x_wconf 72' lang='lat' dir='ltr'>patriarcha</span> <span class='ocrx_word' id='word_1_914' title='bbox 1932 3202 1942 3216; x_wconf 90' lang='lat'>‚</span> <span class='ocrx_word' id='word_1_915' title='bbox 1968 3187 2001 3213; x_wconf 82' lang='lat' dir='ltr'>ut</span> 
     </span>
     <span class='ocr_line' id='line_1_128' title="bbox 1120 3225 2003 3268; baseline 0.002 -9"><span class='ocrx_word' id='word_1_916' title='bbox 1120 3234 1163 3259; x_wconf 81' lang='lat' dir='ltr'>ita</span> <span class='ocrx_word' id='word_1_917' title='bbox 1171 3225 1286 3268; x_wconf 75' lang='lat' dir='ltr'>semper</span> <span class='ocrx_word' id='word_1_918' title='bbox 1305 3235 1445 3260; x_wconf 83' lang='lat' dir='ltr'>extarent</span> <span class='ocrx_word' id='word_1_919' title='bbox 1459 3227 1615 3259; x_wconf 85' lang='lat' dir='ltr'>duodecim.</span> <span class='ocrx_word' id='word_1_920' title='bbox 1642 3230 1751 3267; x_wconf 80' lang='lat' dir='ltr'>Neque</span> <span class='ocrx_word' id='word_1_921' title='bbox 1773 3225 1855 3267; x_wconf 81' lang='lat' dir='ltr'>desiit</span> <span class='ocrx_word' id='word_1_922' title='bbox 1868 3228 2003 3261; x_wconf 59' lang='lat' dir='ltr'>Alexam</span> 
     </span>
     <span class='ocr_line' id='line_1_129' title="bbox 1121 3274 2001 3318; baseline 0.001 -9"><span class='ocrx_word' id='word_1_923' title='bbox 1121 3278 1195 3309; x_wconf 77' lang='lat' dir='ltr'>driae</span> <span class='ocrx_word' id='word_1_924' title='bbox 1216 3275 1383 3314; x_wconf 70' lang='lat' dir='ltr'>institutum</span> <span class='ocrx_word' id='word_1_925' title='bbox 1403 3274 1455 3310; x_wconf 85' lang='lat' dir='ltr'>hoc</span> <span class='ocrx_word' id='word_1_926' title='bbox 1474 3277 1512 3309; x_wconf 89' lang='lat' dir='ltr'>de</span> <span class='ocrx_word' id='word_1_927' title='bbox 1525 3275 1707 3314; x_wconf 82' lang='lat' dir='ltr'>Presbyteris</span> <span class='ocrx_word' id='word_1_928' title='bbox 1721 3299 1731 3315; x_wconf 85' lang='lat'>‚</span> <span class='ocrx_word' id='word_1_929' title='bbox 1757 3285 1791 3308; x_wconf 84' lang='lat' dir='ltr'>ut</span> <span class='ocrx_word' id='word_1_930' title='bbox 1808 3274 1918 3318; x_wconf 73' lang='lat' dir='ltr'>fhilicet</span> <span class='ocrx_word' id='word_1_931' title='bbox 1942 3280 2001 3313; x_wconf 89' lang='lat' dir='ltr'>Pa-</span> 
     </span>
     <span class='ocr_line' id='line_1_130' title="bbox 1121 3325 2001 3369; baseline 0.001 -11"><span class='ocrx_word' id='word_1_932' title='bbox 1121 3325 1266 3359; x_wconf 80' lang='lat' dir='ltr'>triarcbas</span> <span class='ocrx_word' id='word_1_933' title='bbox 1289 3335 1421 3359; x_wconf 85' lang='lat' dir='ltr'>crearent</span> <span class='ocrx_word' id='word_1_934' title='bbox 1442 3336 1479 3359; x_wconf 83' lang='lat' dir='ltr'>ex</span> <span class='ocrx_word' id='word_1_935' title='bbox 1502 3325 1684 3364; x_wconf 81' lang='lat' dir='ltr'>Presbyteris</span> <span class='ocrx_word' id='word_1_936' title='bbox 1710 3327 1884 3366; x_wconf 84' lang='lat' dir='ltr'>duodecim,</span> <span class='ocrx_word' id='word_1_937' title='bbox 1911 3325 2001 3369; x_wconf 82' lang='lat' dir='ltr'>usque</span> 
     </span>
     <span class='ocr_line' id='line_1_131' title="bbox 1122 3374 2000 3418; baseline 0.003 -13"><span class='ocrx_word' id='word_1_938' title='bbox 1122 3378 1163 3408; x_wconf 68' lang='lat' dir='ltr'>ad</span> <span class='ocrx_word' id='word_1_939' title='bbox 1192 3383 1322 3416; x_wconf 85' lang='lat' dir='ltr'>tempora</span> <span class='ocrx_word' id='word_1_940' title='bbox 1351 3376 1516 3410; x_wconf 75' lang='lat' dir='ltr'>Alexandri</span> <span class='ocrx_word' id='word_1_941' title='bbox 1554 3374 1745 3410; x_wconf 82' lang='lat' dir='ltr'>Patriarchae</span> <span class='ocrx_word' id='word_1_942' title='bbox 1773 3377 2000 3418; x_wconf 81' lang='lat' dir='ltr'>Alexandrini,</span> 
     </span>
     <span class='ocr_line' id='line_1_132' title="bbox 1123 3424 1999 3467; baseline 0 -10"><span class='ocrx_word' id='word_1_943' title='bbox 1123 3432 1170 3467; x_wconf 74' lang='lat' dir='ltr'>qui</span> <span class='ocrx_word' id='word_1_944' title='bbox 1183 3424 1250 3466; x_wconf 87' lang='lat' dir='ltr'>fuit</span> <span class='ocrx_word' id='word_1_945' title='bbox 1270 3436 1308 3458; x_wconf 87' lang='lat' dir='ltr'>ex</span> <span class='ocrx_word' id='word_1_946' title='bbox 1328 3436 1447 3458; x_wconf 85' lang='lat' dir='ltr'>numero</span> <span class='ocrx_word' id='word_1_947' title='bbox 1475 3427 1523 3459; x_wconf 85' lang='lat' dir='ltr'>illo</span> <span class='ocrx_word' id='word_1_948' title='bbox 1555 3435 1749 3459; x_wconf 86' lang='lat' dir='ltr'>trecentorum</span> <span class='ocrx_word' id='word_1_949' title='bbox 1784 3427 1817 3458; x_wconf 54' lang='grc' dir='ltr'>(θ’</span> <span class='ocrx_word' id='word_1_950' title='bbox 1841 3426 1999 3462; x_wconf 55' lang='lat' dir='ltr'>octodecim,</span> 
     </span>
     <span class='ocr_line' id='line_1_133' title="bbox 1122 3474 2002 3518; baseline -0.002 -10"><span class='ocrx_word' id='word_1_951' title='bbox 1122 3480 1151 3509; x_wconf 88' lang='lat' dir='ltr'>Is</span> <span class='ocrx_word' id='word_1_952' title='bbox 1173 3485 1272 3510; x_wconf 82' lang='lat' dir='ltr'>autem</span> <span class='ocrx_word' id='word_1_953' title='bbox 1292 3481 1411 3515; x_wconf 74' lang='lat' dir='ltr'>vetuit,</span> <span class='ocrx_word' id='word_1_954' title='bbox 1444 3477 1481 3510; x_wconf 71' lang='lat' dir='ltr'>ne</span> <span class='ocrx_word' id='word_1_955' title='bbox 1501 3477 1638 3518; x_wconf 84' lang='lat' dir='ltr'>deinceps</span> <span class='ocrx_word' id='word_1_956' title='bbox 1660 3474 1871 3511; x_wconf 65' lang='lat' dir='ltr'>Patrsarcham</span> <span class='ocrx_word' id='word_1_957' title='bbox 1882 3476 2002 3515; x_wconf 71' lang='lat' dir='ltr'>Presby-</span> 
     </span>
    </p>

    <p class='ocr_par' dir='ltr' id='par_1_18' title="bbox 1946 3530 2001 3559">
     <span class='ocr_line' id='line_1_134' title="bbox 1946 3530 2001 3559; baseline 0.018 -1"><span class='ocrx_word' id='word_1_958' title='bbox 1946 3530 2001 3559; x_wconf 75' lang='lat' dir='ltr'>teri</span> 
     </span>
    </p>
   </div>
  </div>
 </body>
</html>
