2346 3776
535 107 563 146 ‚⁴5

226 220 356 294 ipfius
389 218 437 272 in
471 214 591 270 Urbe
625 213 816 267 nominis
849 211 1081 264 celebritas
1115 224 1274 275 magna
1307 206 1410 260 esset
1438 245 1452 260 .
1500 211 1664 278 Neque
1697 212 1806 263 vero
1839 215 2053 267 celebrem

227 291 533 357 vniverfitatem
567 287 662 358 spes
698 286 856 338 fefellit
890 321 904 334 .
954 287 1077 334 Nam
1110 284 1210 334 Viri
1246 279 1490 333 Doctiffimi
1525 319 1539 345 ‚
1586 298 1723 350 atque
1766 286 2060 338 Eminentiffi·

222 364 286 413 mi
332 365 482 411 Patres
519 397 534 422 ‚
580 376 695 427 quos
731 361 928 408 Summus
975 354 1178 405 Pontifex
1227 356 1500 416 Dogmatum
1513 390 1527 414 ‚
1562 371 1660 422 quae
1704 352 2011 405 deferebantur
2043 393 2059 419 ,

223 434 494 497 Cognitores
528 429 679 490 dedit,
715 427 986 478 authoritate
1018 427 1162 475 Patris
1198 423 1341 472 Lum
1375 423 1563 473 maxime
1599 427 1814 492 permoti,
1850 441 1900 475 ut
1923 423 2061 492 quam

218 505 316 555 cito
351 500 477 552 causa
511 501 705 551 finiretur
739 535 752 560 ‚
803 498 967 547 nullam
1002 514 1090 546 non
1136 493 1415 557 diligentiam
1450 493 1686 547 adhibuere
1718 533 1732 545 .
1792 498 1865 546 Bis
1898 499 2061 547 enim-0

220 578 269 626 in
302 571 579 623 hebdomade
612 572 900 621 Conventum
947 584 1000 617 ea
1031 565 1086 615 de
1134 584 1182 616 re
1217 563 1438 614 habebant
1474 601 1488 625 ‚
1536 569 1581 615 &
1614 583 1712 633 quae
1747 571 1843 616 asta
1877 564 2011 617 effent
2045 603 2061 628 ‚

219 643 428 697 Pontifici
463 643 698 705 diligenter
731 638 978 689 referebant
1013 657 1027 696 3
1064 653 1143 686 nec
1179 651 1373 702 unquam
1407 634 1467 684 ab
1499 637 1564 686 eis
1599 634 1805 686 cessatum
1842 637 1904 690 est
1930 675 1943 700 ‚
1978 636 2061 687 do..

219 733 302 767 nec
335 711 516 780 Pontifex
549 717 609 762 Ο.
647 716 712 761 M.
761 708 1178 775 sexagintaquinque
1223 705 1480 757 sinistrarum
1515 709 1794 775 Opinionum
1829 708 2062 757 monstra...

219 803 310 836 uno
345 786 432 834 istu
466 781 649 833 confixit
682 818 697 842 ,
745 779 935 829 multum
971 777 1151 845 quidem
1187 779 1390 826 attonitis
1424 813 1437 838 ‚
1488 779 1568 845 qui
1602 776 1722 827 secus
1757 776 2061 845 speraverant,

216 857 386 923 quique
432 852 605 903 causam
651 868 877 919 nunquam
923 854 1075 900 Romae
1120 846 1354 896 finiendam
1390 847 1555 915 ubique
1608 849 1806 898 locorum
1853 847 2061 917 praedica-

220 924 334 976 bant
370 961 384 974 .
434 927 496 974 Hi
530 923 710 972 Laudari
743 920 934 989 Magistri
979 918 1096 968 suam
1131 934 1310 986 quoque
1345 952 1359 976 ,
1379 944 1382 946 ·
1406 935 1542 984 quam
1577 917 1806 986 Theologica
1840 923 2062 967 Lovanien-
2090 939 2095 944 ·

206 998 265 1062 fis
297 999 342 1045 F
342 994 491 1043 acultas
524 1009 674 1055 tenet,
709 997 753 1042 &
787 991 919 1043 docet
954 991 1182 1056 antiquam
1217 986 1272 1036 de
1306 986 1439 1048 Fide,
1474 992 1518 1037 &
1541 995 1719 1042 Morum
1744 991 1940 1039 articulis
1963 994 2064 1041 Do·

216 1067 404 1117 &tinam
429 1102 443 1128 ‚
479 1064 628 1114 SanHae
665 1063 754 1112 Sedz'
787 1058 1120 1112 examinandam
1154 1057 1528 1126 revidendamque
1563 1057 1650 1109 una
1685 1059 1938 1108 obtulerunt
1951 1097 1964 1109 .
2000 1063 2063 1108 Et

216 1137 314 1206 post
347 1153 520 1186 matura
534 1172 548 1197 ,
585 1152 637 1184 ac
671 1132 822 1200 saepius
857 1135 1014 1182 iterata
1046 1148 1123 1198 per
1157 1127 1526 1180 Eminentiffnnos
1539 1165 1553 1191 ,
1591 1133 1765 1179 Sacram
1799 1132 1942 1179 Sanffl
1976 1129 2063 1178 Of-

216 1207 308 1257 ficii
344 1207 745 1269 Congregationem
779 1202 1095 1251 constituentes
1129 1212 1144 1262 ’,
1191 1203 1414 1250 Dominos
1456 1198 1606 1252 SaenHae
1654 1205 1838 1259 Romame
1889 1198 2063 1264 Ecclefiae

215 1274 438 1324 Cardinales
454 1311 468 1334 ‚
503 1290 583 1322 nec
619 1287 709 1321 non
743 1289 820 1340 per
854 1274 1095 1341 praecipuos
1130 1269 1320 1338 ejusdem
1354 1274 1492 1322 Sacrae
1526 1272 1898 1334 Congregationis
1933 1269 2063 1319 Theo-

212 1345 340 1414 logos,
374 1348 435 1392 (9⁴
467 1341 700 1410 Confhltores
723 1379 737 1404 ,
773 1340 900 1410 super
935 1341 1113 1408 Praefizrae
1146 1345 1190 1388 F
1190 1341 1369 1389 acultatis
1418 1343 1466 1390 in
1500 1340 1653 1390 oblata
1687 1340 1761 1392 sua
1807 1343 2065 1391 Doctrina..

214 1415 441 1467 Articulos
476 1414 631 1464 habita
664 1415 866 1464 examina
899 1449 914 1475 ,
949 1412 1088 1482 ipsam
1124 1418 1296 1473 Sanam,
1331 1415 1390 1458 (φ
1424 1415 1626 1459 immunem
1660 1413 1711 1459 ab
1762 1416 1862 1459 omni
1894 1415 2064 1476 Nora-2

214 1487 399 1555 reliquit
432 1484 684 1555 Apostolicum
719 1482 916 1541 Judicium
949 1519 962 1533 .
1010 1487 1070 1535 Et
1105 1481 1211 1531 dum
1260 1482 1307 1530 hi
1355 1483 1510 1532 eximii
1559 1480 1793 1550 Theologt'cae
1840 1484 1884 1530 F
1884 1480 2065 1530 multatis

214 1559 376 1621 Legati
411 1555 470 1606 ad
503 1557 682 1624 propria
716 1569 965 1605 remearunt
998 1590 1011 1615 ‚
1055 1553 1248 1622 impositi
1282 1552 1361 1602 fibi
1397 1552 1579 1613 Officii,
1614 1569 1667 1602 ac
1703 1555 1898 1603 Muneris
1932 1550 2065 1602 dede,

214 1642 319 1678 runt
352 1642 613 1695 computum
647 1624 1013 1675 Excellentiffimo
1048 1626 1275 1688 Belgarum
1310 1623 1610 1678 Gubernatori
1652 1627 1756 1672 Duci
1790 1623 1832 1672 de
1867 1621 2066 1672 Vz‘llahar-

214 1696 324 1764 mofiz
358 1734 373 1759 ‚
419 1696 711 1747 Illustriffimis
746 1698 906 1745 Patriae
941 1695 1145 1747 Patribus
1180 1724 1210 1755 ‚—
1242 1699 1360 1742 Leoni
1394 1700 1537 1748 Joanni
1572 1693 1615 1742 de
1650 1701 1754 1764 Pape
1788 1730 1802 1755 ,
1856 1698 2068 1762 Supremo

215 1767 388 1817 Praesidi
421 1803 436 1829 ‚
469 1773 529 1814 Φ
565 1772 711 1815 Simoni
742 1766 784 1814 de
819 1770 862 1813 F
861 1766 997 1816 ierlant
1030 1802 1044 1827 ‚
1080 1765 1324 1832 Brabantiae
1356 1766 1641 1815 Cancellario
1674 1801 1688 1813 .
1738 1768 1843 1814 Haec
1879 1763 1977 1815 sunt
2010 1762 2068 1817 de

215 1836 290 1886 die
329 1854 410 1892 29.
446 1835 653 1887 Octobris
698 1849 843 1899 1679.
879 1835 1084 1887 exhibitae
1119 1837 1327 1889 Bruxellis
1361 1872 1376 1896 ‚
1421 1840 1468 1885 δε
1501 1834 1559 1890 ad
1595 1834 1763 1891 Urbem
1815 1834 1944 1889 miffae
1979 1838 2068 1889 Re.

216 1906 396 1958 lationis
433 1910 591 1974 puncta
607 1941 620 1954 .

389 1979 531 2024 Drevl's
563 1973 717 2034 Relatio
750 1993 874 2029 eorum
907 2010 921 2036 ‚
956 1992 1036 2041 quae
1068 1977 1258 2042 Deputaeti
1289 1973 1523 2040 Theologt'cae
1557 1977 1602 2021 F
1600 1973 1783 2023 multatis
1815 1977 2068 2042 Lovaniensts

495 2060 644 2114 egerunt
659 2082 673 2107 ,
707 2049 768 2090 (9⁴
801 2045 1030 2092 obtinuerunt
1064 2043 1168 2112 apud
1203 2043 1335 2094 Sedem
1369 2042 1622 2112 Apostolicam
1636 2080 1650 2092 .
1724 2079 1727 2082 >

295 2136 336 2168 1.
374 2113 643 2181 Sanfliffimus
676 2119 861 2166 Dominus
891 2115 1009 2179 noster
1056 2114 1276 2164 Praefatos-
1302 2119 1556 2182 Deputatos
1606 2116 1780 2184 excepit
1815 2134 1917 2166 cum
1953 2115 2068 2165 sum-

216 2204 316 2248 ma,
351 2203 403 2236 ac
438 2189 655 2237 veraciter
690 2189 878 2240 Paterna
911 2187 1191 2248 Benignitate
1219 2221 1232 2235 .
1278 2183 1414 2253 Qod
1447 2184 1588 2254 ipsum
1627 2185 1823 2235 fecerunt
1858 2190 2067 2237 Eminenq

217 2257 369 2309 tiffimi
404 2259 591 2310 Domini
627 2255 847 2304 Cardinales
882 2292 895 2317 ‚
930 2255 1096 2322 aliique
1130 2273 1281 2304 omnes
1317 2256 1490 2306 Praelati
1524 2260 1733 2310 Romanae
1769 2258 1994 2308 Ecclefiae.

288 2330 437 2377 Etiam
474 2327 719 2396 propofitos
755 2325 782 2378 a
816 2324 943 2375 dietis
980 2329 1218 2394 Deputatis
1254 2327 1477 2375 Articulos
1512 2331 1595 2374 Sua
1631 2326 1826 2375 Sane't'itas
1875 2328 2066 2378 benevo-.

218 2399 261 2449 Ιὲ
297 2397 470 2448 admisit
504 2435 518 2460 ‚
570 2403 613 2448 &
649 2397 706 2449 ad
740 2395 855 2465 ipsos
889 2394 1186 2447 discutiendos
1236 2395 1470 2464 deputavit
1513 2395 1621 2446 duas
1657 2396 2070 2451 hebdomadatim-0⁴

222 2470 626 2532 Congregationes:
663 2469 866 2518 Alteram
900 2465 1199 2535 Theologorum‚
1234 2468 1419 2519 alteram
1454 2472 1701 2516 Dominorum
1735 2467 2001 2517 Cardinalium
2017 2505 2031 2517 .

285 2544 368 2588 Hae
414 2541 801 2603 Congregationes
849 2536 1022 2588 fuerunt
1056 2541 1324 2588 continuatae
1358 2536 1474 2591 ultra
1509 2555 1696 2600 annum,
1731 2543 1776 2588 δε
1809 2538 2069 2595 medium-‚4

222 2612 282 2660 Et
318 2627 480 2660 novem
493 2646 507 2672 ,
544 2611 617 2660 vel
651 2607 804 2660 decem
840 2607 961 2658 faotae
995 2607 1094 2664 sunt
1129 2606 1282 2660 coram
1317 2614 1398 2657 Sua
1433 2608 1669 2671 Sam‘litate,
1707 2610 1947 2678 aliquando
1983 2607 2064 2658 du-

220 2695 363 2730 rantes
397 2680 455 2730 ad
490 2696 578 2731 tres
614 2679 740 2730 horas
754 2715 767 2728 .

291 2750 366 2800 Ab
391 2753 459 2801 his
494 2749 925 2814 Congregationibus
961 2749 1159 2804 damnati
1194 2749 1291 2800 sunt
1328 2749 1553 2814 sexaginta
1587 2753 1786 2819 quinque
1820 2750 2013 2800 Articuli
2047 2785 2065 2811 „

220 2817 457 2888 speetantes
491 2821 550 2873 ad
584 2822 877 2885 Theologiam
912 2822 1127 2874 Moralem
1142 2857 1155 2872 .
1202 2821 1508 2896 Apostolicum
1544 2825 1785 2877 Decretum
1821 2821 1884 2871 est
1918 2823 2063 2871 omnia

220 2889 300 2940 bus
336 2892 597 2942 notissimum
613 2929 627 2942 .
1632 2892 1639 2898 ’

295 2979 340 3011 2.
394 2963 568 3025 Praefati
618 2961 839 3031 Deputati
889 2968 975 3011 Suae
1010 2962 1221 3011 Sanflitati
1266 2962 1539 3017 tradiderunt
1586 2966 1633 3015 in
1668 2963 1868 3032 proprias
1904 2979 2063 3014 manus

222 3030 446 3082 Libellum
483 3069 496 3093 ‚
531 3035 603 3082 cui
637 3035 794 3083 titulus
831 3054 843 3084 ε
879 3032 1137 3098 Jufltficatio,
1161 3032 1233 3100 fi’u
1268 3035 1438 3100 Definfio
1471 3035 1640 3098 Censurae
1673 3036 1715 3078 F
1715 3032 1897 3081 acultatz’s
1932 3038 2066 3088 Sacrae,

218 3100 432 3170 Theologiae
467 3102 679 3152 Academia
711 3105 960 3170 Lovam’ertfis
982 3140 996 3166 ,
1030 3109 1123 3154 &a
1173 3108 1234 3154 Et
1268 3103 1562 3174 supplicarunt
1611 3101 1752 3171 ipsum
1786 3106 2031 3158 examinari
2044 3140 2063 3170 ‚‚

216 3187 273 3222 ac
306 3172 516 3239 judicari.

289 3240 557 3308 Sanftzffimus
590 3246 772 3293 Dominus
805 3244 933 3295 istud
951 3262 1133 3295 examen
1166 3244 1390 3309 delegavit
1425 3259 1616 3313 quatuor
1650 3244 1896 3310 Theologis
1928 3281 1942 3307 ,
1978 3245 2060 3312 qui·

218 3315 490 3363 unanimiter
537 3313 794 3364 censuerunt
837 3314 980 3364 Libelli
1014 3318 1271 3366 Dostrinam
1307 3313 1388 3365 effe
1411 3320 1595 3382 sanam²
1620 3319 1679 3362 (9·
1714 3318 1764 3364 ab
1799 3322 1898 3367 omni
1931 3332 2060 3364 nota.)

219 3381 400 3446 liberam,
436 3382 628 3453 ideoque
650 3383 765 3453 posse
793 3388 932 3435 teneri
955 3403 1007 3436 ac
1032 3385 1173 3437 tradi.
1209 3390 1268 3435 Et
1292 3386 1376 3437 hoc
1411 3385 1606 3456 ipsorum
1626 3384 1840 3453 judicium
1866 3385 2059 3443 Domini

222 3453 467 3517 Cardincrles‚
502 3471 555 3505 ac
579 3454 660 3523 fisa
693 3458 831 3507 etiam
866 3457 1059 3506 Sanffltm
1093 3456 1400 3525 comprobavit
1414 3493 1427 3506 .

1842 3543 1881 3589 3.
1908 3525 1992 3574 Sua
