2346 3776
643 118 1077 167 DissERTATIO
1128 116 1554 170 PRotffiMIAtrs.
1951 150 1994 186 51

191 202 301 245 ¹taeem'ffe
317 200 440 245 censent.
463 200 555 233 'solos
575 199 611 243 se
626 202 783 241 Sapientes
796 200 922 240 jac‘lant
945 224 955 239 ,
986 200 1061 243 solos

192 249 528 296 Egestatemsecqantes
541 273 550 288 ,
572 248 649 293 Jblos
661 253 841 298 Dogmatum
863 255 1036 283 Inventores
1050 277 1060 292 ,

188 300 300 344 fibique
302 299 375 343 solis
381 298 543 340 patef'acqa
553 300 605 342 esse
614 302 684 340 illa,
697 306 794 341 quein
806 302 915 334 nullius
929 311 1060 342 unquam

187 349 245 393 fieb
252 351 314 382 Sole
321 354 526 392 cogitationem
536 356 641 384 venire
645 356 801 391 potuerint
809 375 816 381 .
845 355 869 383 Ο
882 355 1004 391 impiam
1015 364 1061 383 ar-

192 400 380 443 rogantiam!
409 397 567 442 vesaniam
578 399 774 443 immensam,
799 407 921 433 inanem
935 401 1061 443 gloriam

55 458 119 493 nb,
132 462 158 492 1.'
191 459 257 482 cum
259 447 366 488 furore
374 449 567 489 conjunctam.
603 451 706 485 Extat
726 448 873 492 Epistola
894 450 980 493 apud
1003 452 1064 485 Ec-

15 496 17 498 ’
53 507 120 538 cap.
129 508 157 536 3.
189 496 399 533 olefiasticam
410 496 581 534 historiam
590 499 808 535 Theodoreti.
822 500 979 534 Notanda
991 502 1064 535 sunt

188 546 303 582 verba:
332 551 409 581 Cum
412 548 520 589 furore
529 550 722 591 conJ'um‘lamL
751 546 917 584 Alludunt
936 550 976 584 ad
990 550 1063 585 Arii

7 610 11 617 ¹
48 617 174 648 Orat-20
187 607 314 632 nomen
326 622 337 638 ,
362 598 404 632 de
415 610 481 642 quo
494 601 620 634 sanetus
627 599 804 644 Gregorius
817 600 1043 635 Nazianzenus
1057 614 1063 632 :

188 650 279 681 Arius
289 647 421 689 &furore
432 661 536 684 nomen
546 649 643 683 babet.
674 648 776 698 Qod
798 649 903 693 ipsum
922 651 1065 685 inculcat

185 697 225 732 in
234 697 382 741 pluribus
395 698 484 733 locis.
511 700 600 734 Etin
609 700 714 743 prima
734 700 789 734 sua
810 701 973 735 Oratione
993 701 1067 734 scri-

184 746 238 782 bit
250 759 258 779 t
272 748 396 788 Libycus
408 749 553 784 sabellius
565 763 577 790 ¹,
593 751 628 784 (9
640 751 867 783 Alexandrinus
879 754 979 783 Arius.
1008 750 1067 784 Vi-

184 797 282 831 detur
302 796 393 832 hunc
413 810 483 833 non
506 799 672 843 Libycum
695 824 707 840 ‚
743 800 797 834 sed
825 800 969 835 adserere
989 798 1067 834 Ale-

184 845 393 882 xandrinum.
421 847 470 881 At
490 849 586 892 poffit
607 850 675 893 ejus
694 862 764 884 non
786 850 932 885 nativam
945 851 1067 895 Regio-

184 907 265 931 nem
275 921 287 937 ,
312 897 367 931 sed
377 898 608 934 Ecclefiasticae
625 899 858 935 Ordinationis
878 900 1065 935 Titularem

183 945 300 981 urbem
309 948 472 990 respicere.

234 998 290 1032 De
301 996 385 1031 Ario
398 998 509 1033 scribit
518 1001 619 1035 etiam
629 1001 666 1035 in
677 1001 776 1035 sandi
789 1000 956 1035 Athanasii
978 1002 1067 1035 fune-

45 1042 165 1081 Οἴει-ιι
184 1046 236 1083 bri
246 1048 371 1092 Elogio
384 1059 390 1079 t
420 1052 496 1083 Fuit
507 1053 656 1092 quondam
668 1061 785 1095 tempus
798 1075 807 1091 ,
827 1064 892 1085 cum
903 1064 951 1085 res
964 1050 1066 1092 mstrae

178 1099 321 1141 florerent
331 1123 344 1139 ‚
370 1102 557 1141 acpraeclare‘
562 1101 599 1144 se
610 1102 752 1135 haberent
763 1127 773 1142 ‚
799 1114 864 1134 cum
872 1102 1009 1134 nimirum
1013 1098 1064 1143 fii-

176 1149 298 1192 perflua
307 1148 372 1182 haec
383 1175 394 1191 ‚
421 1151 456 1182 ἐν
475 1151 634 1184 verborum
654 1154 750 1194 lepore
772 1161 862 1194 atque
883 1160 950 1184 arte
953 1150 1063 1192 fucata

179 1199 354 1234 trao‘landae
366 1199 526 1242 Theologiae
535 1208 613 1234 ratio
623 1203 667 1234 ad
678 1205 812 1234 Divinas
823 1203 916 1233 Aulas
935 1203 973 1235 ne*
996 1201 1063 1233 adi-

179 1258 248 1283 tum
258 1250 378 1292 quidem
387 1248 518 1283 haberet.
547 1252 655 1283 Verum
665 1252 745 1281 idem
763 1259 831 1282 erat
852 1251 968 1286 calculis
981 1251 1062 1284 lude-

116 1305 121 1312 *
178 1310 216 1333 re
227 1323 238 1339 ,
265 1298 436 1339 inverfionis
446 1299 595 1331 celeritate
619 1300 764 1331 oculorum
779 1298 1061 1340 *obtutumfallenti-

178 1348 238 1381 bus
249 1371 261 1387 ‚
287 1356 343 1380 aut
351 1353 513 1390 omnigenis
526 1349 560 1381 Θ
571 1346 833 1390 lascivis.corporis
859 1348 983 1385 flexibus
993 1349 1061 1393 spe-

178 1397 309 1430 &lateres
319 1397 465 1439 ludificari
478 1421 489 1439 ‚
516 1399 596 1439 quod
603 1404 674 1431 novt·
686 1400 721 1432 &
732 1397 834 1439 curiosi*
839 1400 998 1441 quidpiam
1022 1401 1060 1433 de

176 1447 244 1480 Deo
254 1448 308 1481 vel
313 1448 412 1480 dicere
424 1448 478 1480 vel
482 1449 589 1480 audire
601 1460 610 1490 3
629 1447 756 1490 simplex
765 1458 868 1482 contra
887 1453 920 1484 (ς’
931 1456 1061 1493 ingenua

178 1500 285 1529 Oratio
295 1508 386 1539 atque
397 1497 541 1530 Doc‘lrina
552 1497 776 1537 existimabatur
783 1505 895 1540 pietas.
924 1503 963 1531 At
981 1500 1056 1541 post-

176 1556 271 1588 quam
290 1548 377 1580 Sexti
395 1548 429 1580 (¹5
445 1546 608 1586 Pyrrhones
620 1572 631 1588 ,
658 1549 924 1582 &contradicendi
933 1548 1058 1584 libidine

174 1602 306 1630 incitata
327 1598 431 1641 lingua
443 1614 461 1636 ⁸,
496 1598 579 1631 velut
592 1603 704 1642 gravis
725 1600 851 1641 quidam
864 1601 897 1633 &
908 1601 1058 1644 malignus

176 1647 296 1680 morbus
307 1671 318 1686 ,
343 1653 376 1680 in
398 1650 429 1679 E
431 1646 541 1689 cclefias
563 1648 675 1689 nostras
698 1660 804 1693 magno
825 1650 915 1690 nostro
927 1652 1004 1682 malo
1018 1657 1055 1683 ir-

173 1696 334 1741 repserunt
345 1721 356 1737 ,
384 1698 420 1731 6·
429 1698 572 1731 doetrinae
583 1704 742 1742 nugacitas
753 1700 929 1732 eruditionis
951 1706 1058 1742 opinio-

175 1755 247 1780 nem
257 1749 328 1781 tulit
341 1771 352 1787 ,
379 1749 459 1789 quod
469 1748 560 1782 Liber
573 1749 708 1782 Actorum
719 1759 829 1782 narrat
838 1751 876 1783 de
898 1749 1057 1784 Athenien·

171 1796 254 1839 fibus
266 1822 277 1837 ,
303 1798 347 1829 ad
356 1796 433 1828 nibil
451 1798 538 1829 aliud
558 1810 702 1831 vacamus
714 1823 724 1838 ‚
751 1795 842 1841 quam
864 1810 898 1838 ut
910 1806 982 1833 novi
1003 1802 1056 1834 ali-

174 1848 256 1890 quid
262 1847 397 1880 dieamus
407 1847 461 1879 vel
469 1849 641 1882 actitamus.
670 1853 695 1881 ο
717 1855 786 1890 quis
787 1852 820 1893 J
822 1856 948 1882 eremitis
958 1850 1058 1891 confu-

168 1895 280 1940 fionem
291 1895 417 1935 ›roffi-am
428 1896 626 1939 &sanginem
636 1898 802 1940 deplorabu
812 1922 823 1938 ,
850 1905 900 1940 qui
915 1897 995 1941 fhlus
1014 1901 1057 1932 la-

173 1952 376 1981 mutationes
386 1946 610 1980 calamitatibus
622 1958 781 1989 exaequare
791 1955 876 1981 novit
889 1949 906 1980 ἒ
926 1953 1001 1982 Huic
1004 1949 1055 1991 fu—

173 2002 238 2031 rori
247 1999 336 2029 Arius
348 1997 467 2038 quidem
478 1996 526 2028 ille
540 2020 550 2036 ‚
577 1998 597 2028 ἆ
600 1995 710 2037 furore
719 2007 823 2031 nomen
837 1996 952 2030 babens
965 2022 975 2038 ‚
1001 2005 1056 2032 ini-

173 2052 253 2081 tium
264 2047 357 2080 dedit.
385 2047 452 2089 ,Qui
463 2052 554 2079 etiam
560 2048 730 2088 petulantis
742 2049 776 2081 Θ
797 2047 929 2087 effiaenis
946 2049 1056 2092 linguae

169 2104 281 2139 poenas
293 2097 439 2139 expendit
452 2120 463 2136 ,
488 2102 521 2129 in
532 2095 672 2139 obscaenis
682 2109 718 2131 ac
727 2103 854 2139 impuris
877 2099 945 2130 locis
958 2106 1055 2132 extin-

172 2146 252 2180 aas.
279 2145 477 2190 Sophisticas
489 2146 677 2182 Dialesticae
697 2149 794 2181 tricas
807 2172 817 2188 ‚
843 2159 881 2181 ac
898 2148 978 2182 alias
1000 2148 1056 2182 hu-

173 2204 280 2232 manae
296 2194 520 2240 Philosophia:
538 2197 732 2233 subtilitates
751 2222 762 2238 ‚
788 2209 850 2231 nec
872 2199 983 2233 non&
1009 2200 1056 2233 ni-

172 2247 263 2283 mios
274 2245 406 2280 dicendi
417 2248 511 2281 fucos
521 2247 638 2282 dile-xit
651 2273 662 2288 ‚
689 2250 721 2283 δε
734 2246 926 2282 Christianae
944 2247 1056 2284 Philo-

173 2294 297 2340 sophiae
316 2297 448 2331 miscuit
457 2321 468 2337 ,
495 2307 595 2342 atque
617 2298 663 2333 ita
684 2298 830 2341 explevit
850 2298 1016 2333 laudatam
1038 2301 1054 2333 ὲ

173 2344 390 2381 Tertulliano
400 2347 612 2382 Paraemiam:
640 2354 853 2383 Haereticorum
867 2349 1054 2383 Patriarcbae

169 2395 288 2440 semper
300 2395 475 2440 Philosophi.
503 2398 543 2431 In
557 2398 705 2442 Epistola
717 2425 727 2440 ,
753 2410 816 2442 qua
839 2401 984 2433 sanetum
995 2399 1055 2433 Pa-

172 2445 351 2480 triarcham
371 2446 599 2482 Alexandrum
620 2450 654 2483 &
678 2447 914 2484 haereflarcham
934 2450 1052 2483 Arium

174 2495 354 2530 conciliare
364 2496 400 2529 in
413 2495 623 2533 Catholicam
635 2511 750 2543 pacem
763 2524 773 2539 ‚
799 2499 832 2532 &
844 2510 932 2533 ortas
942 2498 1055 2533 verbo-

174 2556 249 2580 rum
256 2544 467 2580 diffenfiones
478 2546 512 2579 in
525 2547 594 2590 ipso
605 2558 680 2583 ortu
691 2550 887 2593 extinguere
899 2550 943 2583 est
957 2561 1053 2583 cona-

135 2606 139 2614 ·
174 2605 230 2630 tus
240 2619 251 2635 ,
272 2595 451 2639 Imperator
461 2596 700 2632 Constantinus
713 2598 829 2633 harum
841 2599 1053 2642 quaestionum

175 2644 414 2680 sublimitatem
424 2657 603 2692 exaggerat
615 2649 787 2694 insigniter
797 2673 808 2687 ,
835 2659 933 2692 atque
945 2650 1054 2693 adjun-

174 2696 227 2739 git
241 2707 248 2726 ε
276 2697 381 2738 ,Quare
390 2701 423 2729 in
434 2697 547 2730 talibus
557 2698 645 2732 rebus
658 2701 823 2741 loquacitas
833 2702 994 2734 coercenda
1005 2700 1051 2741 est.

174 2745 222 2778 Et
234 2745 372 2779 iterum:
398 2747 486 2780 Tales
498 2747 668 2790 qua-stiones
680 2774 690 2789 ‚
716 2750 784 2783 licet
800 2751 847 2783 ad
853 2755 967 2794 ingenii
989 2746 1054 2783 acu-

174 2806 244 2828 men
264 2797 458 2829 exercendum
474 2797 667 2837 instituantur
680 2824 690 2839 ‚
717 2802 775 2834 &c-
805 2799 887 2833 Non
911 2798 1054 2834 Alexan-

171 2844 272 2878 drum
285 2869 295 2884 ,
313 2844 366 2878 sed
377 2847 517 2880 omnino
530 2846 648 2882 Arium
660 2851 768 2894 arguit
779 2848 821 2883 de
830 2848 995 2884 ostentato
1007 2851 1055 2884 in»

173 2894 268 2939 genii
279 2893 431 2928 acumine
442 2921 452 2936 ‚
479 2906 574 2940 atque
587 2898 665 2933 inde
677 2909 752 2933 nata
763 2899 962 2942 loquacitate
976 2901 1054 2933 Dia-

172 2944 300 2978 lestica.
329 2943 449 2979 Arium
462 2946 695 2983 Dissertatoriae
718 2950 795 2991 artis
815 2961 852 2983 ac
865 2949 1053 2984 subtilitatis

36 3001 100 3033 ’,ιὼς
121 3012 148 3033 1.
173 2994 447 3039 fiiiffeinfigniter
456 2998 595 3039 peritum
607 3022 618 3038 ‚
627 2998 744 3033 diserte
753 2999 884 3034 testatur
896 3001 1052 3034 Hermias

36 3050 96 3081 cap·
111 3053 154 3082 η·
168 3043 395 3079 Zozomenus.

225 3094 265 3128 In
276 3094 415 3129 secunda
426 3094 636 3141 Theologica
644 3100 806 3133 Oratione
816 3099 964 3133 laudatus
973 3100 1053 3134 Gre-

171 3145 289 3190 gorius
302 3144 392 3189 large
400 3148 524 3186 tractat,
540 3146 594 3181 An
610 3148 733 3182 Divina
744 3150 898 3192 Majestas
909 3149 944 3183 fit
956 3150 990 3182 in
1003 3160 1053 3183 to-

173 3203 212 3228 to
225 3194 417 3229 Universo?
444 3195 501 3230 An
513 3198 551 3230 sit
565 3198 598 3229 in
614 3197 682 3240 ipso
694 3198 782 3237 solo,
795 3211 836 3232 an
849 3200 949 3233 etiam
961 3199 1051 3233 extr&

174 3243 280 3286 ipsum
300 3245 335 3278 in
359 3245 470 3288 spatiis
489 3247 694 3292 imaginariis
716 3249 728 3281 ,2
762 3248 978 3282 Demonstrat
995 3248 1052 3283 has

174 3292 376 3339 Qaestiones
387 3306 427 3329 ex
439 3297 533 3330 omni
552 3296 651 3331 latere
672 3297 735 3330 esse
755 3298 1051 3339 periculofiffimas,

175 3341 410 3379 obscuriffimas
426 3370 436 3386 ,
464 3345 673 3380 honorandas
696 3347 823 3381 silentio
835 3348 869 3381 ὃς
881 3347 1048 3393 adjungit:

175 3393 327 3433 ,Quorsum
347 3394 409 3429 haec
429 3397 546 3439 differas·
556 3421 567 3437 ,
594 3398 629 3431 ό*
639 3397 762 3440 fortasse
780 3396 911 3438 curiosius
921 3422 931 3438 ,
959 3401 1050 3440 quam

175 3442 260 3483 vulgi
279 3453 364 3476 aures
374 3444 483 3485 ferant
495 3471 505 3487 ,
532 3455 629 3488 erepto
651 3459 704 3488 ea,
731 3459 797 3489 quae
807 3447 862 3479 hac
881 3447 1048 3489 tempestate

177 3498 260 3536 viget
270 3514 280 3530 ,
307 3491 481 3533 disputandi
494 3500 608 3529 ratione
623 3521 634 3537 ,
659 3508 726 3540 quae
729 3497 854 3541 simplici
866 3506 957 3541 atque
966 3504 1047 3543 inge-

276 3541 391 3585 Dt‘ffert.
405 3546 528 3579 Prooem.
541 3550 619 3580 Toni
626 3552 656 3582 Ι.

1123 214 1182 235 nua
1193 207 1377 237 Divinarum
1388 216 1487 238 rerum
1492 203 1726 245 pertradatione
1744 215 1908 249 contempta
1920 231 1931 247 ‚
1956 208 1992 241 ὁ*

1121 254 1155 286 (9·
1161 261 1219 294 pro
1229 254 1318 287 nihilo
1329 253 1433 287 habita
1445 279 1454 294 ,
1475 252 1632 297 subdolum
1651 263 1743 296 atque
1767 250 1999 289 involutum'“di--

1121 305 1206 336 cendi
1210 316 1307 347 genus
1317 310 1437 337 invexit
1448 328 1458 343 ,
1485 314 1519 337 ut
1531 307 1669 338 m'mirum
1681 303 1877 345 exfruc‘libus
1888 306 1975 338 arbor
1986 330 1997 346 ,

1123 352 1172 385 hoc
1182 353 1220 392 cst
1232 378 1243 393 ‚
1268 363 1334 387 ater
1345 355 1394 387 ille
1403 366 1439 386 ac
1461 353 1629 397 tenebrosus
1648 356 1779 396 Spiritus
1794 377 1804 393 ‚
1829 352 1996 396 hujusmodi

1120 405 1303 448 ‘Dogmatum
1324 403 1451 444 adflator
1474 429 1483 443 ,
1509 416 1547 437 ex
1565 404 1620 438 bac
1641 403 1852 448 disputationis
1873 405 1997 447 caligine

1125 450 1298 496 agnoscatur
1319 454 1336 485 ?
1373 457 1445 486 Non
1468 460 1545 486 enim
1566 454 1617 487 hoc
1627 457 1658 488 εὸ
1670 457 1689 487 ἅ
1700 465 1747 487 me
1749 453 1870 495 facium
1880 452 1917 492 est
1926 478 1938 494 ‚
1964 463 1999 487 ut

1125 500 1185 545 ipse
1193 513 1304 544 quoque
1315 514 1410 544 nova,
1437 505 1470 536 (tr
1482 503 1519 536 ab
1529 503 1679 537 hominum
1685 502 1814 546 sensibus
1824 505 1924 537 aliena
1930 510 2001 545 pro-

1119 551 1204 593 ferre
1215 577 1226 593 ,
1252 561 1344 594 atque
1355 558 1467 586 eximia
1478 555 1612 595 quadam
1631 555 1666 588 (9⁶
1689 552 2001 597 excellentisapientiae

1126 612 1249 635 ornatus
1260 602 1312 645 effe
1322 604 1431 636 videar
1444 627 1454 642 ,
1481 604 1570 635 nodos
1581 603 1700 637 net‘lens
1712 628 1722 643 ‚
1750 613 1840 645 atque
1862 603 2002 644 adstric‘la

1127 653 1307 696 diffi>lvens3
1332 654 1436 686 verum
1445 661 1480 685 ut
1490 652 1637 692 ostendam
1649 656 1745 687 Deum
1766 662 1855 686 extra
1878 653 2001 687 humani

1128 709 1237 746 ingenii
1245 710 1366 745 captum
1375 703 1433 746 effi.
1461 700 1565 751 Qod
1576 701 1642 737 hoc
1655 703 1856 746 postremum
1873 704 2003 739 utinam

1129 751 1262 794 quidam
1271 750 1370 787 hodie
1381 752 1551 787 attendant
1563 777 1573 795 ,
1600 753 1657 797 qui
1678 752 1718 787 de
1730 752 1864 788 Divinis
1876 753 1960 787 intra
1970 754 2002 787 &

1127 802 1218 835 extra
1228 802 1388 836 mundum
1401 803 1481 835 mira
1493 802 1683 838 fabulantur
1704 804 1797 845 supra
1817 803 1911 836 suum
1930 815 2004 849 cap-

1127 862 1197 885 tum
1212 874 1221 890 ‚
1247 852 1498 886 &infirmorum
1518 852 1619 887 fidem
1640 865 1678 887 ac
1695 853 1852 897 pietatem
1865 877 1876 892 ,
1902 863 2001 897 quam

1127 900 1267 935 stabilire
1276 900 1456 936 debuerant
1469 927 1480 942 ,
1491 905 1689 938 concutiunt
1699 912 1795 948 atque
1805 903 2006 946 inquietant:

1127 952 1259 984 Sanetus
1271 950 1452 995 Gregorius
1465 951 1610 987 Arianos
1629 953 1736 999 arguit
1759 953 1801 988 de
1819 953 1938 988 doloso
1964 966 2001 988 ac

1124 1001 1280 1034 involuto
1290 1000 1424 1035 dicendi
1436 1012 1554 1046 genere
1564 1026 1575 1042 ‚
1602 1003 1643 1037 de
1654 1013 1740 1038 nova
1758 1003 1944 1046 disputandi
1957 1006 2002 1038 af-

1126 1051 1242 1085 sectata
1253 1048 1414 1085 methodo
1424 1075 1434 1090 ‚
1462 1050 1503 1084 de
1515 1051 1642 1087 incursa
1654 1053 1700 1088 ob
1721 1053 1863 1087 nimium
1879 1054 2003 1088 subtili-

1126 1101 1201 1135 tatis
1212 1098 1357 1134 studium
1370 1099 1514 1144 caligine
1525 1126 1535 1141 ,
1562 1112 1601 1135 ac
1620 1101 1662 1136 de
1671 1103 1834 1142 vanitate,
1860 1114 1924 1146 qua
1935 1116 2003 1137 am-

1125 1149 1231 1185 birent
1245 1162 1333 1185 nova
1345 1151 1543 1185 acinaudita
1562 1152 1703 1195 proferre
1722 1176 1733 1193 ‚
1759 1153 1792 1186 &
1811 1151 2003 1189 hominibus

1122 1200 1248 1243 placere
1258 1201 1304 1235 ob
1311 1201 1470 1235 eximiam
1482 1199 1681 1246 sapientiam.
1709 1202 1794 1251 Qae
1802 1204 1916 1238 omnia
1928 1205 2003 1239 sunt

1123 1251 1202 1285 vitia
1212 1251 1339 1285 cunetis
1352 1250 1463 1294 passim
1476 1252 1646 1286 Haereticis
1659 1253 1861 1287 communia.
1890 1254 2002 1289 Etiam

1123 1302 1157 1334 in
1169 1301 1311 1337 Maximi
1323 1301 1446 1343 Cynici
1458 1301 1570 1345 elogio
1584 1301 1765 1347 Gregorius
1787 1302 1905 1337 Arium
1923 1315 2004 1338 one·
2017 1317 2136 1351 0311,ss

1123 1362 1169 1385 rat
1180 1350 1269 1385 duris
1279 1364 1316 1385 ac
1329 1349 1440 1395 dignis
1452 1351 1573 1385 titulis:
1603 1353 1706 1385 Altera
1725 1353 1879 1394 tempestas
1892 1356 2002 1389 adver·
2058 1368 2062 1372 ·

1116 1401 1169 1444 sus
1188 1401 1347 1443 Ecclesiam
1360 1407 1509 1434 excitatur
1522 1424 1533 1440 ,
1558 1402 1607 1434 ille
1626 1402 1779 1442 injustitia⁵
1791 1403 1876 1435 turbo
1887 1428 1898 1443 ,
1924 1405 2003 1437 illud

1120 1458 1286 1494 impietatis
1307 1451 1549 1492 supplementum
1570 1475 1581 1490 ,
1617 1453 1672 1484 illa
1704 1454 1869 1492 spirituum
1893 1454 1965 1497 legio
1989 1478 1999 1494 ,

1119 1504 1171 1536 illa
1194 1501 1308 1541 christo
1328 1499 1510 1543 adversaria
1529 1501 1652 1544 lingua,
1678 1502 1731 1533 illa
1753 1507 1944 1543 iniquitatem
1967 1510 2000 1537 in

1121 1550 1280 1595 Excelsum
1289 1553 1384 1584 locuta
1394 1561 1500 1591 mens,
1526 1551 1575 1582 ille
1598 1554 1785 1583 Divinitatis
1805 1553 1926 1593 seffor,
1951 1565 2000 1587 cu-

1113 1605 1168 1644 jus
1187 1608 1298 1647 gravis
1316 1602 1438 1643 quidem
1459 1602 1493 1634 Co·
1509 1599 1674 1634 horrendus
1695 1612 1817 1635 conatus
1839 1626 1850 1641 ,
1871 1610 1999 1646 gravior

1118 1663 1218 1686 autem
1229 1654 1262 1686 (9
1272 1657 1368 1695 magis
1377 1651 1544 1684 horrendus
1567 1656 1643 1684 vitae
1659 1651 1733 1693 finis
1745 1676 1754 1691 ,
1783 1653 1817 1685 1&
1819 1655 1852 1696 J
1854 1654 1922 1686 udae
1928 1661 1999 1695 pro-

1118 1705 1230 1736 ditione
1240 1704 1351 1746 dignus
1361 1725 1371 1740 ‚
1398 1713 1488 1743 quam
1498 1702 1547 1733 ille
1553 1701 1703 1734 adversus
1712 1701 1814 1741 nostrae
1820 1700 1933 1744 salutt‘s
1945 1715 1999 1737 au-

1117 1753 1224 1786 aorem
1243 1753 1338 1785 moliri
1361 1763 1395 1784 ac
1413 1759 1590 1794 perpetrare
1612 1762 1668 1783 non
1690 1751 1855 1785 dubitavit.
1884 1757 1974 1786 Arius
1987 1778 1999 1793 ‚

1117 1810 1243 1845 inquam
1254 1827 1264 1842 ,
1285 1801 1413 1845 pulchre
1425 1800 1559 1842 afui-ore
1569 1812 1673 1834 nomen
1684 1800 1806 1834 babens.
1836 1801 1918 1836 Non
1928 1804 1998 1837 fine

1118 1852 1334 1886 fundamento
1354 1851 1436 1885 dicit
1461 1863 1469 1882 ε
1505 1854 1670 1893 spirituum
1693 1853 1773 1895 legio.
1801 1853 1936 1887 Etenim
1960 1854 1996 1886 in

1119 1902 1255 1944 septima
1268 1902 1404 1943 Ioannis
1416 1899 1560 1934 Caffiani
1572 1901 1766 1935 Collarione
1777 1902 1914 1937 Serenus
1929 1902 1999 1937 Ab·

1118 1952 1174 1986 bas
1192 1952 1330 1985 affirmat
1348 1960 1446 1995 atque
1467 1949 1669 1984 demonstrat
1681 1951 1745 1985 effe
1765 1953 1850 1995 varia
1869 1953 1999 1988 Daemo-

1119 2013 1199 2035 num
1221 1999 1327 2035 studia
1345 2012 1383 2034 ac
1404 2011 1523 2045 genera
1543 2026 1553 2041 ,
1592 2009 1691 2044 atque
1708 2000 1858 2047 adjungit
1881 2016 1888 2035 :
1915 2005 1997 2037 Alios
2015 2022 2139 2060 Cum..-

1117 2057 1279 2093 reperimus
1302 2061 1359 2082 non
1374 2049 1469 2093 solum
1482 2049 1602 2089 studere
1624 2052 1807 2091 mendaciis,
1827 2051 1887 2094 sed
1905 2060 1999 2087 etiam
2111 2042 2123 2059 ³

1117 2099 1316 2144 blasphemias
1343 2100 1509 2132 hominibus
1526 2098 1682 2142 inspirare.
1721 2103 1819 2142 Cujus
1842 2109 1886 2135 rei
1904 2110 1997 2137 etiam

1117 2156 1169 2184 nbs
1191 2151 1276 2191 testes
1293 2148 1398 2193 firmus
1423 2175 1432 2190 ‚
1461 2155 1512 2192 qui
1534 2151 1710 2183 audivimus
1735 2153 1906 2192 apertiffnne
1928 2157 1999 2187 Dae-

1117 2212 1229 2234 monem
1250 2200 1431 2242 confitentem
1452 2225 1461 2239 ‚
1494 2208 1549 2241 per
1573 2204 1676 2234 Arium
1707 2202 1741 2234 &
1766 2205 1947 2235 Eunomium
1964 2202 1998 2247 se

1115 2257 1299 2293 impietatem
1319 2249 1458 2293 sacrilegi
1482 2253 1638 2293 Dogmatis
1665 2252 1793 2294 edidisse.
1843 2252 1998 2287 Affirmat

1117 2300 1205 2335 hunc
1218 2301 1408 2342 Demonem
1420 2300 1513 2332 fuiffe
1525 2311 1566 2333 ex
1578 2300 1636 2333 ista
1647 2300 1743 2334 classe
1757 2325 1766 2340 ,
1791 2313 1830 2334 ex
1846 2314 1909 2345 qua
1923 2303 1997 2345 quis

1114 2351 1261 2387 etiamin
1275 2352 1373 2385 tertio
1398 2351 1527 2394 Regum
1551 2349 1636 2383 libro
1654 2350 1761 2383 dixit:
1789 2355 1852 2384 Ero
1867 2350 1997 2394 spiritus
2018 2369 2139 2407 0294„

1115 2403 1249 2435 mendax
1269 2402 1302 2432 in
1323 2413 1372 2434 ore
1393 2405 1522 2432 omnium
1542 2399 1761 2441 Prophetarum
1789 2403 1864 2441 ejus.
1905 2403 1998 2436 Nam

1114 2451 1148 2486 &
1159 2450 1342 2494 Apostolus
1353 2451 1497 2484 Haereses
1507 2449 1646 2493 appellat
1658 2450 1810 2482 doc‘lrinas
1832 2454 1997 2485 Daemonio-

1114 2513 1188 2534 rum.

1163 2549 1289 2584 Eadem
1309 2550 1446 2583 affirmat
1469 2548 1505 2582 in
1527 2549 1742 2584 Nicaenorum
1771 2550 1906 2585 Parrum
1931 2552 1999 2586 En-

1114 2601 1226 2634 comio
1247 2599 1461 2634 Venerabilis
1486 2599 1668 2644 Gregorius
1688 2623 1697 2639 ,
1728 2599 1935 2635 Caesaraeenfis
1962 2602 1997 2635 in

1115 2650 1323 2694 Cappadocia
1348 2650 1496 2684 Ecclefiae
1518 2649 1703 2692 Presbyter.
1731 2650 1824 2683 Datae
1845 2651 1996 2686 Ecclefiis

1114 2712 1169 2745 per
1179 2701 1344 2745 Magnum
1358 2700 1617 2735 Constantinum
1627 2700 1714 2743 pacis
1736 2701 1856 2743 gaudia
1877 2701 1910 2734 &
1932 2702 1998 2734 fru-

1113 2753 1181 2785 &us
1192 2761 1381 2791 enumerat,
1408 2760 1506 2793 atque
1518 2750 1740 2793 prosequitur:
1768 2752 1906 2782 Ceterum
1927 2750 1995 2783 boni

1112 2800 1172 2843 osor
1180 2801 1266 2840 hostis
1289 2812 1354 2833 eam
1377 2799 1525 2832 bominum
1540 2800 1764 2840 provet‘lionem
1784 2801 1829 2831 ad
1845 2801 1993 2833 meliorem

1112 2857 1303 2894 cognitionem
1317 2850 1405 2891 ferre
1427 2861 1483 2882 non
1500 2855 1608 2891 potuit.
1636 2850 1723 2891 ,Quin
1745 2851 1803 2880 imi
1821 2850 1904 2882 velut
1925 2852 1994 2884 olim

1109 2902 1239 2942 primum
1260 2901 1374 2933 condito
1395 2899 1505 2932 bomini
1526 2904 1624 2932 vitam
1638 2898 1770 2930 laborum
1783 2906 1940 2933 vacuitate
1943 2899 1994 2942 fh-

1112 2953 1193 2984 licem
1218 2952 1334 2983 invidit
1346 2974 1356 2989 ,
1382 2948 1501 2992 ejusque
1519 2957 1576 2990 per
1597 2951 1767 2988 serpentem
1780 2971 1790 2987 ,
1815 2957 1850 2981 ut
1861 2951 1898 2982 ne
1909 2952 1994 2983 Prae-

1111 3009 1192 3042 cepto
1210 2999 1342 3033 obediret
1356 3024 1366 3039 ,
1393 2998 1517 3032 auribus
1537 2996 1648 3041 insevit
1669 3021 1679 3037 ‚
1699 2994 1737 3039 se
1757 3008 1868 3039 quoque
1878 3007 1938 3040 per
1959 3001 1998 3033 id

1111 3059 1229 3091 tempus
1242 3074 1252 3090 ‚
1278 3050 1500 3082 idololatrarum
1523 3049 1568 3079 ad
1585 3051 1681 3079 Deum
1703 3046 1883 3088 conversione
1910 3051 1993 3083 exul-

1111 3109 1228 3132 ceratus
1241 3123 1250 3138 ‚
1273 3097 1399 3141 ficscitat
1408 3101 1552 3139 spiritum
1576 3095 1723 3134 Pythonis.
1753 3101 1828 3130 Fuit
1849 3104 1875 3130 is
1888 3103 1988 3133 Arius.

1111 3149 1297 3189 Christianus
1321 3149 1440 3190 quidem
1458 3152 1592 3186 nomine,
1618 3158 1652 3178 ac
1662 3147 1877 3181 Alexandrinae
1890 3150 1992 3183 Eccle-

1104 3199 1155 3241 fiae
1164 3198 1320 3236 Presbyter
1332 3198 1452 3230 allecslus
1467 3221 1476 3235 ‚
1503 3202 1550 3229 cui
1577 3199 1758 3229 Divinarum
1768 3200 1992 3235 scripturarum

1110 3254 1318 3290 interpretatio
1322 3246 1389 3287 fuit
1398 3247 1594 3278 demandata.
1618 3250 1713 3288 Atque
1723 3253 1840 3287 utinam
1852 3248 1992 3292 nonfuisl

1106 3298 1161 3342 set.
1190 3301 1281 3331 Homo
1290 3302 1374 3329 inani
1383 3297 1499 3339 gloria3
1527 3307 1562 3328 ac
1573 3302 1711 3329 avaritia
1722 3321 1732 3335 ,
1740 3304 1843 3338 patris
1854 3296 1903 3340 fiii
1917 3302 1989 3330 Dia-

1109 3349 1164 3381 boli
1176 3354 1270 3380 armis
1283 3371 1293 3386 ,
1314 3345 1456 3388 posJbffus.
1485 3346 1666 3390 Gregorius
1678 3346 1744 3380 haec
1759 3346 1862 3380 hausit
1874 3360 1914 3380 ex
1928 3348 1988 3381 Ec-
2011 3359 2069 3389 1⁴31„
2082 3370 2107 3390 1,

1085 3396 1087 3398 ’
1109 3398 1281 3432 cleliastiCa
1300 3394 1507 3429 Theodoreti
1520 3396 1676 3428 Historia.
1705 3397 1794 3430 Nam
1814 3398 1847 3430 δε
1861 3397 1991 3431 haeciis<
2010 3409 2071 3437 cas.
2097 3409 2121 3429 ι.

1108 3448 1182 3481 dem
1196 3445 1261 3479 fere
1283 3444 1388 3480 verbis
1404 3445 1541 3478 affirmat
1560 3445 1679 3478 Arium
1702 3447 1794 3479 fnisse
1818 3447 1991 3488 Presbyte-

1107 3507 1179 3533 rum
1191 3495 1424 3532 Alexandrinae
1437 3495 1582 3531 Ecclesia·-
1594 3520 1603 3534 ,
1625 3496 1792 3529 Sacrarum
1807 3493 1991 3530 Literarum

1609 3546 1641 3578 G
1694 3557 1716 3582 2
1893 3546 1991 3580 inter-
