2346 3776
627 99 1074 150 DissERTATm

174 202 215 225 ra
229 190 399 232 nowffimas
424 183 581 218 Trttbeitae
600 182 673 213 verb
684 178 759 223 ficut
776 189 840 214 tres
863 175 1010 220 Personas
1026 183 1063 212 tn

175 243 350 279 vintrau,
375 244 421 270 ita
443 244 556 277 quoque
573 241 637 266 tres
656 229 814 273 adstruunt
825 231 903 263 Deos
929 227 988 270 effe.
1011 228 1059 262 At

164 287 165 291 ’
176 289 298 325 veroin
310 287 427 323 Litetis
438 283 479 319 ad
491 283 643 328 Sergium
652 277 877 315 patriarcham
900 276 1061 313 Constan-

177 338 438 386 tinopolitanum
472 335 600 369 sandius
634 329 839 376 Sophronius
873 326 1061 365 Patriarcha

178 386 507 430 Hierosolymitanus
536 379 784 417 Tritheitarum
813 379 959 413 auster-es
980 379 1063 412 affir-

178 449 248 475 mat
264 437 357 475 fuisse
378 437 540 483 Joannem
549 431 801 477 Philoponum,
827 427 1062 472 Eugenium&

178 489 380 529 Cononem3
405 495 504 531 atque
522 483 675 528 adjungit
697 494 705 513 ε
741 477 916 522 Themistius
940 502 951 519 ‚
986 477 1064 512 Ale-

177 532 342 576 xandrinae
361 536 509 578 ‚Ecclefiae
519 534 693 570 Diaconus
703 555 719 574 ,Ἴ
733 530 802 573 fuit
812 534 990 572 ignorantia»
1003 531 1064 563 Pa-

176 597 224 623 ter
244 589 279 624 ό·
298 593 437 633 genitor,
463 595 555 629 atque
571 582 733 627 seminator
742 579 985 626 nffandifflmus,
1011 584 1063 620 qut

178 637 329 678 Christum
349 649 456 671 verum
479 640 575 671 Deum
609 632 733 675 nastrum
765 629 915 663 delirabat
947 626 1061 672 nescisse

177 689 259 724 diem
263 689 396 730 judicii,
423 684 553 730 nestiens
575 695 643 727 quae
660 680 742 725 φρ,
760 682 833 722 jam
856 681 877 712 ἃ
897 680 1063 720 Βσορνρίε-

180 738 247 772 eius
259 763 270 779 ‚
295 738 432 781 affereret
447 762 459 780 ,
485 738 521 771 6·
540 746 599 768 non
617 728 818 779 recognoftens
838 741 907 772 quae
927 735 1065 772 ignoran-

178 790 217 823 do
235 788 417 831 loquebatur.
452 785 526 827 Nifi
541 790 619 819 enim
639 781 794 827 ignoraffet
819 779 979 814 verborum
997 776 1065 821 suo-

179 849 248 872 rum
269 843 416 874 virtutem
437 860 448 877 ‚
484 848 543 870 non
559 839 661 877 utique
681 830 847 880 laetfferam
865 834 1066 872 ignorantiam

171 888 329 933 pepcrtffi’t
338 912 348 928 ‚
374 888 409 921 (θ’
429 890 606 931 ignorantiae
610 883 786 924 faeditatem
790 880 953 923 ferventer
965 877 1066 919 defen·

175 939 285 977 deret,
304 927 440 981 ignoran’
451 935 601 976 Christum
610 945 668 966 non
674 931 837 975 secundum
848 931 886 963 id
893 930 973 972 quod
983 932 1064 961 Deus

177 996 248 1023 erat
262 985 464 1030 sempiternus
476 1010 488 1026 ,
508 984 570 1029 sea'
579 982 743 1027 secundum
763 983 844 1024 quod
862 984 1009 1014 veraciter
1019 976 1066 1010 ho-

176 1048 225 1073 mo
235 1036 343 1078 fatias
356 1062 367 1077 ,
394 1039 476 1070 diem
493 1034 754 1078 consummationis
771 1041 863 1074 atque
866 1031 979 1071 judicii
989 1052 1002 1068 ,
1026 1038 1064 1062 ex

177 1085 346 1129 insipientia
367 1092 479 1121 mentis
501 1086 658 1126 eructans,
684 1084 719 1117 &
733 1092 847 1127 purum
866 1091 932 1113 eum
941 1079 1062 1126 efficiens

176 1136 324 1174 hominem
335 1161 346 1177 ,
372 1139 408 1172 &⁵
423 1136 474 1189 poc
492 1134 750 1175 monstruofitatem
767 1131 819 1173 fibi·
829 1130 992 1175 defamans
1001 1137 1064 1160 ace-

172 1187 326 1233 phalam0
353 1188 388 1220 &¹
406 1196 550 1220 naturam
571 1195 664 1218 unam
684 1181 818 1226 ejusdem
835 1178 1061 1220 cbristiscdva-

177 1243 253 1273 toris
275 1236 362 1276 nostri
382 1235 563 1281 compositam
583 1240 767 1279 imaginans.
797 1230 954 1265 Affirmat
975 1225 1065 1271 quod

179 1285 408 1326 Themistius‚
433 1298 510 1319 non·
525 1284 582 1327 ipsi
603 1283 681 1316 Deo
696 1279 813 1328 Verbo
835 1303 846 1319 ‚
873 1276 929 1313 sed
952 1278 1065 1312 assum-

178 1348 239 1381 pto
257 1335 389 1372 homini
410 1333 611 1376 adscripserit
630 1330 876 1377 ignorantiam,
901 1337 1000 1372 atque
1020 1328 1066 1363 ita

178 1383 331 1429 se-ipsum
353 1384 468 1419 fecerit
491 1380 687 1427 acephalum
708 1392 749 1415 ex
767 1378 925 1415 Nestorio
946 1379 983 1412 ἀ·
1004 1378 1067 1411 Eu·-

178 1433 303 1470 tichete
325 1434 507 1470 conflatum
526 1432 726 1467 Monstrum.
761 1430 898 1465 Etenim
920 1427 1066 1472 quisquis

179 1486 342 1532 assumpto
353 1484 484 1520 homini
495 1482 716 1528 ignorantiam
727 1477 881 1514 adscribit
891 1503 902 1520 ,
928 1490 998 1512 non
1010 1489 1067 1520 po-

180 1536 241 1572 test
264 1546 334 1570 non
354 1535 418 1570 effe
436 1534 662 1571 Nestorianus.
698 1530 845 1567 Proinde
857 1526 1066 1562 Themistius

179 1583 374 1627 EutichetI,
400 1595 499 1631 quem
523 1596 592 1618 non
608 1581 778 1628 deposuit,
804 1576 979 1616 admiscuit
996 1578 1066 1623 'Ne-

178 1636 317 1670 storium
339 1661 351 1676 ‚
377 1645 475 1678 atque
496 1636 543 1668 ita
559 1632 656 1667 nobis
678 1630 815 1676 protulit
840 1628 1066 1672 chymericum

180 1686 375 1724 monstrum.
402 1686 447 1719 Et
466 1683 545 1718 hinc
573 1695 642 1719 non
666 1683 753 1717 solus
776 1682 905 1725 *san6tus
926 1675 1069 1722 Sophro-

184 1737 281 1777 nius,
307 1736 362 1770 sed
381 1736 482 1770 etiam
494 1733 728 1770 Tonnonenfis
740 1730 879 1770 Victor,
904 1728 982 1763 licet
991 1739 1068 1762 con-

183 1787 280 1822 traria
291 1786 432 1821 scribant
445 1809 455 1824 ,
480 1784 626 1821 scribunt
636 1784 678 1818 de
687 1781 880 1822 Themistio
892 1790 976 1813 vera,
1000 1778 1068 1811 Suo

185 1835 263 1875 loco
285 1833 353 1870 haec
368 1833 632 1869 elucidabuntur.
668 1831 806 1866 Interim
825 1829 900 1864 vide
920 1827 1067 1863 Liberati

185 1883 453 1929 Carthaginenfis
465 1884 616 1926 Diaconi
630 1880 834 1916 Breviarium
847 1902 857 1918 ‚
882 1889 919 1911 ac
932 1876 1077 1913 Leontii*

184 1934 378 1972 scholastici
403 1932 540 1968 Librum
560 1932 603 1966 de
621 1932 731 1974 Sestis.
757 1926 946 1963 Istiusmodi
968 1926 1071 1961 Mon-

184 1985 249 2020 stra
268 1996 311 2019 ex
331 1983 522 2019 Arianismo
555 1981 754 2025 prodierunt.
791 1976 946 2012 Addusta
968 1976 1069 2010 fausti

183 2033 365 2079 sophronii
378 2032 525 2079 Epistola
544 2031 646 2067 exstat
667 2031 705 2075 in
725 2027 902 2075 undecima
923 2024 1069 2060 Aetione

184 2085 269 2120 sexti
280 2084 441 2120 concilii.

234 2133 450 2179 Blasphemus
462 2131 564 2169 Arius
574 2133 652 2167 Deo
664 2129 789 2174 Verbo*
800 2141 871 2164 non
891 2127 993 2163 solius
1016 2138 1071 2161 ex-

184 2186 282 2221 tremi
299 2185 366 2220 diei
389 2210 400 2226 ‚
435 2183 493 2219 sed
512 2185 548 2218 δε
566 2182 708 2217 aliorum
736 2181 884 2225 plurium
908 2177 1070 2221 adscripsit

184 2236 418 2281 ignorantiam.
448 2235 527 2269 Hoc
540 2233 658 2268 diserte
668 2232 809 2267 affirmat
822 2231 857 2264 in
869 2239 983 2274 quarta
993 2239 1072 2262 con-

186 2295 236 2321 tra
247 2284 391 2319 Arianos
412 2285 574 2320 Oratione
592 2279 959 2331 Magnus'Athanafius.
998 2278 1072 2311 Ma-

186 2336 287 2371 litiofi
305 2334 570 2380 Haereticilajunt
595 2347 601 2367 :
633 2333 665 2377 fi
682 2344 761 2380 vera
775 2334 932 2374 Sapientia
955 2329 989 2362 (9⁶
1002 2336 1073 2370 pro-

181 2393 259 2430 pria
278 2387 434 2429 Sapientia
452 2394 520 2419 erat
533 2388 664 2424 Patris,
690 2395 742 2418 cur
752 2379 1002 2429 quaesbs‘csiptum
1013 2376 1051 2417 est
1059 2402 1071 2418 ,

182 2440 214 2483 J
226 2439 256 2468 E
263 2438 284 2469 5
289 2431 351 2469 ¹US
369 2435 546 2478 proficiebat
562 2433 766 2479 sapiensne&
769 2436 948 2475 proceritate
958 2429 993 2462 (θ’
1000 2439 1072 2472 gra-

190 2492 242 2520 tia
258 2487 343 2527 apud
360 2488 458 2530 Deum
476 2487 510 2520 ό*
533 2485 664 2519 homines
685 2485 698 2517 ?
733 2486 780 2515 Et
800 2479 966 2526 progressus
987 2484 1020 2510 in
1035 2476 1081 2520 fi-·

189 2529 245 2570 nes
265 2533 414 2578 Caesarcae
435 2534 569 2577 Philippi
588 2560 598 2576 ,
633 2533 846 2576 percunctatus
866 2529 903 2570 est
923 2541 961 2562 ex
979 2525 1073 2580 Disci-

184 2587 269 2630 pulis
282 2610 292 2627 ,
318 2596 477 2628 quemnam
488 2583 584 2628 ipsum
604 2582 910 2629 hominesdicerent?
938 2575 1072 2622 Progres-

187 2635 243 2682 sus
263 2641 337 2669 item
357 2641 390 2668 in
409 2634 596 2668 Bethaniam
614 2638 834 2677 interrogavit,
859 2630 909 2676 ubi
931 2632 1070 2666 ,Lazarus

183 2684 262 2729 fitus
283 2688 355 2729 effie.
383 2684 534 2728 ,Quaefivit
554 2686 659 2717 itidem
669 2696 708 2717 ex
721 2680 881 2725 Discipulis
895 2704 906 2720 ,
931 2689 1074 2729 quosnam

186 2745 286 2778 panes
308 2734 457 2769 haberent.
486 2736 641 2779 ,Quomodo
652 2740 745 2779 igitur
762 2756 773 2774 ‚
810 2734 900 2772 ajunt
918 2754 929 2771 ,
956 2727 1004 2762 hic
1022 2730 1073 2761 Sa-

187 2791 308 2828 pientia
319 2784 443 2826 fuerit,
467 2791 517 2829 qui
537 2791 570 2818 in
591 2787 746 2827 Sapientia
767 2780 868 2825 crescit
889 2781 923 2814 &
938 2775 1072 2825 progres-

187 2834 242 2880 sus
255 2834 338 2876 facit
357 2836 369 2868 ?
395 2829 573 2869 Sceleratus
595 2835 695 2869 Arius
721 2835 834 2868 Deum
857 2829 1006 2866 Verbum
1028 2829 1074 2862 in-

191 2887 241 2920 tra
262 2890 474 2919 communem
496 2885 666 2919 Mentium
685 2885 741 2918 seu
758 2883 943 2918 animarum
954 2881 1074 2914 sortem

191 2935 438 2981 circumscripfit
450 2958 460 2974 ,
486 2933 627 2978 ideoque
645 2935 678 2969 &
688 2935 744 2978 ipsi
756 2931 842 2980 nihil
852 2926 1016 2978 adscripsit
1028 2930 1075 2980 su-

192 2997 250 3029 pra
270 2983 463 3019 humanum.
493 2984 535 3017 Et
557 2984 693 3027 quidem
702 2985 849 3029 Magnus
859 2979 1074 3018 Athanasius,

192 3035 342 3080 Magnus
352 3035 506 3074 Basslius,
532 3034 710 3079 Gregorius
729 3034 981 3070 Nazianzenus,
1007 3029 1075 3063 alii-

194 3097 258 3129 que
274 3096 346 3119 tum
369 3085 558 3118 Graecomm
582 3083 693 3118 Patres
712 3083 947 3127 responderunt
959 3082 1075 3114 cuneta

193 3135 255 3169 ista
277 3135 472 3180 ignorantiae
490 3134 599 3178 elogia
619 3134 682 3167 effe
700 3134 741 3168 ad
753 3134 931 3169 humanam
941 3131 1077 3175 referen-

196 3183 237 3222 da
245 3195 392 3231 naturam
401 3209 411 3225 ,
425 3197 493 3219 non
503 3184 544 3218 ad
555 3183 725 3219 Divinam.
736 3183 946 3229 Compendio
954 3181 1076 3218 Arium

196 3235 406 3270 exufflatunt.
434 3234 561 3269 Verum
583 3233 760 3278 postmodo
780 3246 940 3279 exurgens
959 3231 1078 3268 Nesto-

198 3283 264 3318 rius
283 3284 329 3319 est
349 3284 466 3319 abusus
475 3285 538 3318 isto
549 3284 762 3328 compendio-A
782 3285 929 3318 -Garrivit
940 3293 1083 3321 omnem*

197 3333 292 3368 istam
313 3335 535 3380 ignorantiam
555 3337 717 3378 affumptae
738 3335 774 3367 in
797 3335 909 3368 Deum
930 3335 1077 3370 Verbum

199 3392 319 3417 naturae
338 3384 475 3421 adscribi
494 3386 513 3419 a
528 3386 630 3419 tantis
648 3384 799 3420 Patribus
820 3409 835 3425 ‚
866 3382 1006 3429 ideoque
1025 3386 1086 3426 Fi-;

199 3433 284 3467 lium
303 3433 474 3479 dignitatis
490 3436 525 3469 ὅ(
542 3436 706 3469 societatis
727 3460 738 3476 ,
774 3446 844 3468 non
865 3445 976 3470 autern
998 3437 1086 3482 verezss

200 3483 424 3528 Hypostaseos
444 3486 538 3520 fuiffe
557 3485 599 3520 ab
618 3486 690 3530 ipsis
710 3484 867 3521 creditam
885 3486 919 3520 δε
930 3485 1085 3530 Ρττάἰσει-’

1124 95 1545 148 promimus.
1957 109 2006 159 ες

1124 188 1193 214 tam
1211 178 1399 214 Unionem.
1425 178 1598 223 Infigniter
1618 174 1680 210 hac
1704 175 1747 211 de
1766 188 1800 213 re
1816 177 1927 218 scribit
1944 182 2005 218 Fa-

1124 229 1251 264 cundus
1268 228 1513 265 Hermianenfis
1534 228 1734 273 Episcopus:
1761 230 1878 263 Beatus
1899 227 2005 274 Basta·
2020 228 2078 260 Lib.
2091 239 2136 261 η.

1124 279 1208 314 chius
1229 278 1426 314 Antiochenus
1447 277 1612 321 Episcopus
1624 302 1635 318 ‚
1659 283 1712 319 qui
1723 284 1845 319 primus
1855 287 1887 315 in
1898 287 2002 318 Ntcae-
2016 279 2078 309 ΜΡ·
2091 282 2116 309 1:

1126 341 1161 363 no
1181 331 1308 364 Concilio
1318 330 1387 371 fuit
1399 353 1411 371 ‚
1430 328 1518 372 sexto
1537 326 1702 372 adevrficm
1723 331 1849 362 Arianos
1863 332 1953 365 Libro
1965 335 2002 366 de

1124 391 1156 413 eo
1176 381 1257 422 quod
1273 386 1318 419 ait
1338 383 1506 420 Dominus,
1533 390 1616 413 nemo
1632 377 1691 422 scit
1703 380 1785 412 diem
1793 379 1900 421 illum,
1926 384 2003 415 dica-

1125 440 1192 462 mus
1203 454 1214 470 ‚
1241 436 1339 473 inquit
1349 454 1361 470 ,
1385 431 1471 471 cujus
1492 435 1535 462 rei
1549 436 1655 473 gratia
1672 430 1772 462 Filius
1784 429 1911 465 bominis
1926 432 2006 465 diem

1145 485 1237 520 roprii
1257 481 1411 514 adventus
1428 486 1554 523 ignorat.
1582 484 1691 522 Neque
1712 486 1792 513 enim
1811 481 1934 522 dubium
1946 482 2006 523 est,

1125 536 1195 572 quia
1213 531 1247 564 δ’
1267 529 1320 564 boc
1340 530 1436 574 caussa
1457 531 1599 570 utilitatis
1621 529 1770 563 bominum
1776 533 1943 573 providens
1954 534 2009 566 ad-

1126 586 1244 614 invenit
1263 586 1394 614 omnium
1414 585 1541 614 creator
1568 580 1603 613 (ft
1626 586 1746 622 generis
1778 581 1891 622 opifex
1912 587 2006 617 Deus.

1126 633 1206 663 sicut
1224 637 1303 664 enim
1324 630 1470 663 hominem
1490 628 1596 672 caussa
1614 628 1726 671 sahttis
1748 629 1899 664 hominum
1913 633 2007 670 Verbo

1125 687 1290 722 co-aptavit
1316 682 1350 714 (ν
1375 684 1438 714 Deo
1463 694 1475 715 :
1505 679 1546 722 fic
1572 681 1606 713 (τ
1631 678 1769 722 infignem
1783 684 1815 725 J
1818 683 1908 715 udicii
1928 684 2009 720 diem

1126 731 1220 773 caussa
1239 734 1350 765 Divini
1366 730 1498 773 beneficii
1513 729 1623 762 homini
1658 738 1854 771 competenter
1890 731 2008 776 abfton-

1127 782 1173 812 dit
1186 804 1195 820 ‚
1222 783 1259 814 ne
1274 782 1359 824 forte
1379 780 1543 822 ineffabilia
1554 778 1686 820 mysteria
1700 779 1807 823 fimilis
1822 788 1943 824 generis
1955 781 2005 814 bo-

1127 830 1257 863 minibus
1274 830 1355 865 bomo
1375 832 1513 865 indicans
1525 855 1536 870 ,
1561 832 1596 864 (2⁸
1614 831 1693 863 diem
1705 828 1830 873 ftcundi
1849 832 2005 867 adventus

1127 878 1292 919 ostenderet.
1320 881 1495 918 Facundus
1513 880 1594 922 τεᾶἐ
1616 879 1756 915 advertit
1766 882 1830 916 effe
1840 881 1937 916 verba
1947 881 2007 916 du-

1128 929 1219 963 riora.
1259 930 1313 965 Ex
1331 931 1406 974 ipsis
1429 943 1508 976 ergo
1524 931 1557 965 ὅ(
1581 930 1739 964 similibus
1760 930 1901 965 aliorum
1927 942 2008 966 tunc

1127 979 1262 1012 Parrum
1279 979 1352 1014 aliis
1373 1004 1384 1020 ,
1420 981 1536 1015 erroris
1563 982 1611 1014 sui
1638 982 1786 1015 fomenta
1807 991 1944 1018 venatus
1963 982 2010 1016 est

1098 1028 1100 1032 ’
1127 1029 1318 1064 Nestorius:
1345 1029 1455 1063 Immo
1476 1029 1727 1065 &Themistius
1739 1030 2011 1074 EutychianistQ

1126 1079 1222 1113 Pater
1242 1079 1485 1124 Agnoitarum„
1516 1078 1564 1114 At
1585 1091 1710 1116 certum
1729 1081 1775 1116 est
1796 1093 1866 1117 non
1889 1082 2012 1117 solum-

1126 1128 1229 1163 modo
1239 1129 1407 1175 Magnum
1420 1128 1635 1169 Athanasium
1647 1155 1658 1170 ,
1686 1129 1740 1165 sed
1750 1132 1850 1165 etiam
1862 1131 2009 1168 faustum

1129 1177 1338 1214 Eustathium
1350 1204 1360 1222 ,
1389 1192 1427 1215 ac
1447 1182 1582 1219 cunstos
1602 1179 1678 1214 Arii
1697 1191 1939 1226 expugnatores
1950 1182 2010 1216 Pa-

1126 1239 1189 1263 tres
1209 1231 1293 1264 resta
1311 1230 1445 1265 sensisse.
1484 1230 1718 1275 Artemonistis
1742 1231 1776 1264 ὅ(
1803 1231 2011 1266 paulianistis

1127 1279 1224 1323 plene
1245 1290 1326 1314 tunc
1348 1281 1535 1324 suppreffis‚
1556 1282 1591 1315 δε
1604 1280 1808 1315 Nestorianis
1821 1282 1962 1316 necdum
1974 1282 2012 1316 li-

1128 1330 1332 1374 tigantibus‚
1358 1332 1500 1366 securius
1522 1332 1555 1365 ὅτ.
1578 1331 1712 1368 liberius
1721 1333 1795 1366 sunt
1806 1331 1920 1367 locuti.
1949 1333 2014 1369 Eo-

1128 1392 1200 1414 rum
1212 1380 1323 1415 Verba
1334 1381 1369 1416 &
1382 1382 1471 1415 sensa
1486 1383 1546 1415 suo
1557 1381 1633 1415 loco
1644 1392 1860 1426 exponentur.

1180 1429 1327 1478 Qaestio
1349 1430 1395 1464 est
1414 1443 1457 1465 an
1480 1431 1681 1475 Evangelica
1703 1431 1818 1466 verba:
1845 1433 1923 1465 diem
1932 1433 2017 1465 illum

1130 1492 1180 1514 nec
1200 1482 1300 1514 Filius
1322 1486 1429 1521 novit,
1455 1480 1633 1515 necessario
1656 1482 1717 1516 {int
1726 1481 1769 1516 de
1781 1481 1944 1525 assumpto
1957 1481 2017 1516 ho-

1130 1532 1220 1566 mine
1240 1530 1455 1575 intelligenda
1467 1555 1478 1570 ,
1503 1542 1564 1565 nec
1584 1531 1731 1576 intelligi
1754 1532 1874 1574 possint
1886 1532 1927 1566 de
1939 1534 2017 1570 Deo

1132 1581 1268 1619 Verbo?
1297 1581 1495 1624 Respondeo
1506 1580 1648 1626 intelligi
1668 1584 1757 1625 posse
1778 1583 1878 1616 etiam
1890 1583 1932 1616 de
1944 1583 2020 1616 Deo

1132 1630 1253 1665 Verbo.
1281 1631 1351 1674 Ipsa
1364 1632 1407 1665 fic
1419 1631 1584 1666 intellexit
1596 1633 1723 1666 sanstus
1733 1632 1872 1667 Irenaeus
1885 1658 1896 1673 ‚
1906 1633 2019 1667 adver-

1130 1681 1202 1715 sum
1213 1681 1452 1719 Gnosticorum
1466 1683 1751 1725 praesumptionem
1765 1684 1799 1717 δε
1816 1683 1892 1717 vani
1911 1684 2019 1717 nomi-
2037 1691 2097 1721 [ὼ.
2129 1703 2152 1719 2.

1134 1731 1183 1765 nis
1205 1732 1378 1767 scientiam
1398 1731 1562 1767 scribens:
1589 1732 1663 1766 Vos
1672 1733 1920 1769 irrationabiliter
1932 1734 2018 1773 infla·
2036 1740 2094 1768 0³91
2108 1736 2154 1766 48·

1131 1788 1180 1822 ti,
1216 1784 1370 1815 audaciter
1389 1781 1621 1816 in-enariahilia
1641 1787 1699 1816 Dei
1721 1784 1852 1824 mysteria
1867 1783 1946 1827 fiire
1962 1796 2016 1817 vos

1132 1833 1233 1866 dicitis
1246 1856 1257 1871 ,
1283 1834 1523 1875 quandoquidem
1544 1835 1578 1867 (9⁶
1600 1836 1746 1866 Dominus
1768 1832 1831 1877 ipse
1841 1836 1942 1867 Filius
1964 1838 2020 1871 Det·

1133 1880 1229 1924 ipsum
1245 1883 1356 1922 judicii
1377 1883 1455 1915 diem
1477 1884 1512 1916 (Ὺ
1543 1882 1648 1915 horam
1678 1886 1800 1924 conctffit
1829 1883 1905 1926 scire
1924 1883 2020 1926 solum

1135 1934 1279 1972 Patrem,
1305 1931 1459 1972 manifeste
1479 1933 1578 1965 dicens
1599 1958 1609 1971 ,
1637 1932 1678 1968 de
1701 1933 1755 1967 die
1777 1944 1886 1968 autem
1907 1934 1964 1969 illa
1986 1935 2021 1970 δε

1134 1980 1214 2016 hora
1236 1993 1336 2016 nemo
1358 1982 1440 2021 scit,
1467 1993 1573 2025 neque
1583 1983 1712 2024 Filius,
1739 1984 1798 2019 nisi
1812 1984 1910 2019 Pater
1921 1984 2016 2020 solus.

1132 2034 1164 2064 51
1178 2038 1268 2075 igliur
1282 2030 1442 2074 scientiam
1454 2033 1515 2064 diei
1531 2033 1611 2065 illius
1622 2057 1633 2072 ‚
1658 2035 1760 2067 Filius
1774 2046 1833 2066 non
1844 2034 1961 2070 erubuit
1973 2047 2019 2068 re-

1127 2080 1212 2123 ferre
1232 2083 1277 2114 ad
1290 2090 1434 2123 patrem,
1455 2080 1515 2125 fi'd
1530 2083 1612 2115 dixit
1623 2085 1705 2125 quod
1714 2095 1821 2118 verum
1841 2084 1899 2126 cst;
1926 2096 2019 2126 neque

1135 2144 1187 2165 nos
1207 2130 1401 2175 erubescimus
1423 2143 1491 2174 quae
1511 2130 1587 2174 sunt
1611 2133 1875 2176 in,quaestionibus
1902 2137 2020 2175 maiora

1131 2181 1294 2226 secundum
1315 2194 1391 2223 nos,
1416 2180 1573 2225 refirvate
1596 2186 1664 2217 Deo.
1693 2184 1963 2229 Nequaquamde
1975 2181 2022 2221 as-

1137 2235 1267 2277 sumpto
1289 2231 1428 2268 homine
1448 2234 1519 2277 agit
1532 2258 1544 2273 ,
1570 2233 1624 2269 sed
1645 2234 1839 2274 omninode
1852 2236 1927 2272 Deo
1941 2234 2022 2270 Ver-

1131 2285 1189 2319 bo.
1228 2284 1302 2318 Nec
1323 2284 1380 2327 ipsi
1400 2282 1554 2318 adscribit
1576 2283 1667 2318 istius
1687 2285 1754 2320 diei
1774 2286 2020 2330 ignorantiam,

1107 2373 1109 2376 Α
1137 2335 1191 2369 sed
1214 2336 1354 2369 affirmat
1373 2332 1470 2376 hujus
1491 2334 1660 2369 scientiam
1679 2335 1772 2369 fuisse
1798 2334 1840 2369 ab
1863 2335 1923 2370 illo
1939 2335 2021 2372 rela-

1137 2395 1204 2421 tam
1226 2385 1266 2420 ad
1288 2384 1420 2418 Patrem
1433 2407 1444 2423 ,
1469 2395 1507 2418 ac
1529 2384 1621 2418 Patri
1639 2385 1837 2420 reservatam.
1867 2385 2022 2421 Elucidat

1137 2436 1289 2478 se-ipsum
1311 2435 1347 2468 in
1367 2434 1516 2478 sequenti
1534 2435 1665 2478 capite:
1689 2438 1816 2471 Etenim
1829 2434 1861 2477 st
1872 2442 1948 2478 ‘quis
1971 2447 2023 2472 ex-

1136 2492 1237 2528 quirat
1257 2486 1384 2529 caussam
1407 2508 1418 2524 ‚
1449 2493 1574 2527 propter
1600 2496 1692 2527 quam
1712 2492 1744 2518 in
1763 2485 1899 2522 omnibus
1922 2488 2017 2519 Pater

1135 2543 1351 2570 communicans
1373 2537 1454 2569 Filio
1472 2559 1482 2574 ‚
1505 2533 1584 2576 solus
1599 2533 1677 2577 scire
1697 2537 1733 2569 Θ
1750 2534 1858 2569 boram
1879 2537 1913 2569 <a
1939 2538 2020 2572 diem

1135 2589 1154 2618 ἃ
1178 2590 1304 2619 Domino
1313 2583 1521 2625 manifestatus
1541 2584 1600 2625 est,
1629 2586 1896 2628 nequeaptabilem
1906 2593 2020 2629 magis,

1136 2648 1227 2679 aeque
1246 2638 1439 2674 decentiorem
1450 2660 1460 2676 ,
1487 2634 1605 2676 necfine
1613 2637 1745 2676 periculo
1755 2639 1882 2669 alteram
1894 2661 1903 2674 ‚
1931 2648 2022 2677 quam

1134 2686 1211 2720 banc
1231 2693 1370 2723 inveniat
1393 2691 1425 2718 in
1437 2684 1583 2728 praesenti
1595 2709 1606 2726 ‚
1631 2692 1773 2728 quoniam
1793 2687 1856 2718 cum
1874 2684 1956 2727 solta
1969 2697 2022 2719 ve-

1134 2749 1192 2770 rax
1211 2736 1351 2780 Magister
1366 2736 1404 2776 est
1424 2739 1570 2768 Dominus
1581 2760 1592 2776 ‚
1617 2745 1652 2768 ut
1667 2734 1816 2778 distamus
1833 2734 2021 2778 peripsum,

1132 2786 1226 2830 supra
1249 2794 1349 2820 omnia
1371 2787 1422 2830 effe
1447 2789 1578 2818 Patrem.
1606 2788 1734 2819 Etenim
1753 2792 1819 2818 ait:
1849 2788 1941 2819 Pater
1950 2788 2022 2819 Ma-

1110 2863 1113 2867 .
1129 2840 1179 2878 jor
1202 2848 1249 2870 me
1268 2837 1305 2877 est
1318 2862 1327 2877 ‚
1353 2838 1387 2870 <a
1401 2835 1563 2880 strandum
1586 2842 1766 2879 agnitionem
1783 2842 1884 2875 itaque
1902 2844 2020 2877 praepo-

1129 2887 1203 2929 situs
1224 2887 1276 2930 effe
1300 2890 1393 2920 Pater
1411 2892 1613 2924 annunciatus
1644 2885 1683 2925 est
1713 2888 1733 2917 ἁ
1760 2888 1885 2918 Domino
1904 2885 2017 2926 nffro,

1110 2969 1113 2977 ,
1135 2939 1178 2970 ad
1189 2937 1240 2970 hoc
1258 2947 1292 2970 ut
1309 2939 1345 2971 Θ
1365 2948 1416 2969 nos
1430 2962 1440 2977 ,
1465 2943 1498 2969 in
1517 2945 1665 2978 quantum
1677 2941 1710 2967 in
1718 2934 1817 2978 figura
1827 2933 1919 2975 hujus
1931 2939 2020 2974 Mim-

1136 2989 1168 3020 di
1183 2986 1289 3030 sumus
1301 3011 1312 3027 ,
1333 2985 1500 3028 perfidam
1506 2985 1683 3029 scientiam,
1709 2985 1833 3018 &tales
1846 2984 2018 3027 quaestiones

1136 3039 1328 3070 concedamus
1350 3040 1418 3070 Deo.
1455 3036 1624 3070 Dominus
1643 3034 1728 3069 dixit
1753 3035 1790 3069 in
1811 3034 1997 3080 Evangelio
2005 3050 2018 3068 ·:

1138 3088 1280 3120 Dollrina
1300 3099 1366 3120 mea
1386 3099 1446 3119 non
1464 3085 1502 3126 est
1520 3096 1594 3118 mett.
1622 3088 1669 3118 Et
1690 3094 1793 3119 tamen
1808 3084 1870 3128 ipse
1892 3085 1931 3124 est
1952 3084 2021 3129 ipsa

1137 3138 1278 3170 doc‘lrina.
1306 3138 1350 3170 Et
1372 3137 1401 3169 S.
1424 3135 1632 3179 Augustinus
1653 3136 1833 3180 interrogat
1857 3148 1862 3167 :
1890 3137 1922 3168 Si
1943 3146 2022 3176 tua,

1137 3189 1278 3230 quomodo
1297 3198 1354 3218 non
1373 3188 1449 3218 tua?
1474 3188 1506 3218 51·
1526 3197 1586 3218 non
1603 3194 1658 3219 tua
1669 3210 1679 3225 ,
1706 3187 1843 3228 quomodo
1853 3194 1907 3219 tua
1926 3188 1938 3219 ?
1965 3190 1993 3218 E
1990 3185 2020 3225 st

1137 3240 1203 3278 ejus
1216 3262 1225 3277 ‚
1253 3238 1287 3270 &⁸
1301 3247 1361 3269 non
1376 3235 1418 3276 est
1428 3260 1439 3276 ,
1466 3242 1538 3278 quia
1555 3234 1593 3275 est
1611 3238 1717 3268 Patris
1741 3237 1806 3270 &a
1818 3238 1920 3270 Patre.
1950 3236 2019 3272 Uti

1138 3288 1242 3321 Filius
1257 3286 1302 3320 est
1322 3285 1426 3319 Patris
1449 3285 1598 3320 Verbum
1610 3311 1620 3327 ‚
1647 3286 1788 3329 ideoque
1802 3287 1835 3320 ὃ(
1847 3284 1953 3320 Patris
1963 3286 2020 3319 do-

1138 3338 1238 3371 ‹strina
1260 3349 1269 3378 ;
1297 3336 1391 3369 Hinc
1410 3336 1445 3370 ὅ(
1467 3337 1544 3376 sua,
1569 3336 1603 3369 &
1623 3347 1693 3370 non
1715 3337 1770 3372 sua
1797 3350 1807 3369 .-
1834 3337 1924 3383 Quia
1948 3346 2019 3370 non

1136 3387 1181 3421 est
1205 3388 1223 3420 a
1245 3388 1301 3427 se,
1323 3385 1376 3420 sed
1389 3384 1407 3419 a
1428 3384 1532 3421 Patre.
1561 3385 1691 3424 Eodem
1713 3386 1816 3421 modo
1828 3385 1894 3429 ipse
1915 3394 2020 3423 extre-

1137 3448 1229 3470 mum
1246 3436 1336 3470 diem
1357 3436 1417 3470 scit
1428 3460 1439 3476 ,
1465 3437 1499 3471 &
1510 3449 1576 3471 non
1589 3437 1670 3478 scit,
1695 3437 1771 3481 quia
1785 3448 1854 3470 non
1866 3435 1925 3469 scit
1938 3435 1957 3468 a
1968 3436 1999 3468 se
2009 3457 2020 3473 ‚

1138 3487 1190 3522 sed
1201 3488 1218 3522 a
1229 3486 1332 3522 Patre.
1360 3487 1454 3522 Licet
1465 3486 1555 3523 Patri
1567 3488 1605 3524 in
1614 3487 1711 3522 omni
1723 3486 1859 3522 scientia
1870 3495 2019 3540 commu-

1911 3542 2024 3573 meet,
