2346 3776
424 110 470 126 ,ι
530 105 582 133 -τῐ
611 81 883 130 -ὃοιιοιη
905 95 941 137 s,
978 93 1040 123 Er
1075 89 1252 123 Norls
1288 91 1657 126 ricus-rnam-

228 167 440 209 munitates,
462 165 662 206 accusato95'
677 163 780 210 vulgo
789 173 944 205 notatos,
970 173 1113 202 necnon

229 220 376 260 &illos·‚
400 218 459 260 qui
470 218 586 255 sanam*
601 215 702 253 fidem
726 216 1005 259 profitentessese
1027 215 1114 258 sepa·

230 281 305 307 rant
316 268 585 306 &canonicorum
595 266 836 311 Episcoporum
852 265 1092 301 communione
1103 287 1114 304 ‚

231 319 267 354 &
284 316 573 359 *advenumjilos-
588 316 716 354 faciunt
733 315 1019 361 congregationes,
1044 324 1116 358 pro-

232 369 456 413 priasi,g,q2uas
476 367 611 402 sanstus
622 366 760 403 Basilius
775 366 822 400 in·
836 366 952 400 litteris
967 364 1115 403 Canoni⁴

231 417 348 459 cis-ad
372 417 534 455 sanctum,
554 415 834 461 Amphilochium
856 438 869 456 ,
904 414 1111 451 Iconiensem

232 467 437 510 Episcopum
459 490 470 507 ‚
503 476 602 501 vocat
624 465 868 510 Paraefinagogas
889 467 923 500 ὁ·
939 466 1110 509 illegitimos

231 525 396 551 conventus
416 542 424 550 .
460 516 591 562 Tangit
612 517 690 552 illos
707 516 861 561 germane
879 514 1089 550 orthodoxos
1102 538 1113 554 ,

232 578 317 611 quos
327 567 459 605 Sanstus
478 567 668 601 Ambrosius
676 567 710 600 δε
720 565 876 609 synodus
888 564 1110 609 Aquilejensis

232 616 358 657 vetusta
368 623 581 651 communionis
593 615 688 660 sotios
699 639 711 656 ‚
737 617 871 650 Sanctus
882 626 994 651 autem
1010 613 1115 650 Atha-

233 667 339 705 nasius
359 668 393 701 δι
413 667 568 710 Synodus
589 665 820 702 Alexandrina
833 689 843 706 ,
870 666 906 698 in
932 665 1049 700 littoris
1070 664 1111 698 ad

232 717 412 753 Ecclesiam
439 714 703 752 Antiochensem
728 739 740 756 ‚
777 714 918 759 appellat
945 726 993 749 eos
1018 739 1029 756 ‚
1063 720 1115 757 qui

226 767 357 807 fuerunt
376 773 410 800 in
425 772 541 804 veteris
552 763 688 807 Sci-laco
707 770 905 799 communione
918 788 930 805 ,
955 766 990 799 &
1001 763 1111 799 adver-

233 816 305 851 sum
326 828 412 861 quos
431 816 578 851 statuunt
600 815 761 850 secundus
779 816 813 851 ὃ(
830 815 945 849 tertius
957 814 1113 849 Canones

236 865 464 901 Antiocheni.
492 866 643 902 Ecclefiae
654 863 878 902 Antiochenae
897 863 1112 900 Eustathiana

232 928 326 961 pars,
353 915 388 951 id
409 915 479 956 est,
497 913 703 957 orthodoxi,
727 915 846 950 Sansto
858 913 1033 950 Eustathio
1056 925 1111 957 per

232 966 442 1002 Eusebianos
464 966 667 1007 iniquiffime
692 966 819 1009 dejectio
841 989 859 1007 ,
893 963 1114 1004 adhaerentes,

232 1014 406 1061 quomodo
426 1014 567 1051 Placido
587 1040 600 1059 ,
625 1014 795 1060 Stephano
813 1040 824 1056 ,
850 1014 1021 1056 Leontio,
1047 1013 1112 1047 Eu-

233 1066 331 1107 aoio,
359 1065 496 1111 aliisque
504 1065 675 1110 Episcopis
686 1066 794 1110 palam
805 1065 939 1099 Arianis
949 1089 959 1105 ‚
987 1064 1032 1098 ita
1045 1064 1115 1097 Me-

233 1116 336 1157 letio‚
362 1115 440 1151 licet
458 1115 526 1159 jam
545 1114 740 1151 orthodoxo
756 1141 767 1158 ,
792 1115 878 1151 olim
899 1124 1009 1149 tamen
1022 1111 1115 1150 Aria-

233 1177 281 1200 no
294 1190 305 1206 ,
329 1166 363 1200 &
383 1177 439 1209 per
452 1165 599 1201 Arianos
620 1166 778 1202 ordinato
794 1190 805 1207 ,
831 1176 1002 1211 nunquam
1022 1175 1111 1198 com-

232 1216 404 1250 municare
415 1216 614 1257 voluerunt,
641 1216 784 1261 ideoque
807 1225 980 1251 erexerunt
1002 1212 1113 1250 sibial-

231 1274 304 1300 tare
334 1266 514 1309 separatum
534 1291 546 1307 ,
573 1266 806 1311 propriumque
824 1265 960 1300 tandem
983 1262 1116 1308 Episco-

232 1326 311 1360 pum
321 1338 332 1354 ,
344 1314 521 1350 Paulinum
533 1339 541 1347 .
566 1316 688 1363 Qalis
711 1317 798 1351 inter
809 1314 1017 1350 orthodoxos
1036 1313 1116 1347 divi-

232 1365 280 1408 sio
290 1389 301 1406 ,
310 1365 412 1399 etiam
423 1365 458 1400 in
471 1365 544 1400 aliis
556 1365 710 1400 Ecclefiis
720 1365 928 1411 grassabatur.
958 1365 1025 1398 Eos
1037 1362 1117 1409 ergo

233 1423 394 1458 tanquam
432 1415 603 1463 canonicis
629 1415 801 1462 Episcopis
834 1415 969 1450 rebelles
995 1413 1117 1448 Canon

230 1464 349 1507 abjicit
359 1465 446 1509 quafi
460 1465 502 1499 ad
519 1463 746 1499 schismaticos
761 1489 772 1505 ,
797 1463 1046 1508 privatquejure
1069 1473 1122 1495 ac·

233 1514 394 1554 cusandi,
420 1524 457 1548 ut
477 1515 523 1548 ita
544 1515 582 1548 in
605 1513 729 1549 throno
741 1513 883 1552 stabiliat
904 1513 999 1545 suum
1012 1511 1117 1545 Mele-

233 1565 320 1597 tium
341 1574 399 1597 aut
410 1564 606 1597 Flavianum
619 1587 626 1594 .
655 1562 700 1596 Et
711 1561 781 1600 haec
791 1562 837 1598 est
859 1573 924 1598 una
935 1573 976 1596 ex
987 1561 1090 1595 causis
1103 1585 1114 1602 ,

230 1612 282 1647 ob
293 1623 373 1655 quas
395 1611 437 1647 de
459 1612 524 1646 hoc
548 1611 691 1646 Canone
712 1611 753 1647 ad
776 1610 981 1645 Michaelem
1007 1609 1120 1654 Augu-

233 1662 322 1696 stum
334 1662 446 1696 scribit
459 1663 492 1695 N
497 1662 622 1695 icolaus
641 1662 765 1704 primus
783 1673 790 1692 :
818 1660 1120 1701 Constantinopolita-

236 1724 287 1747 ηε
306 1713 412 1750 synodi·
439 1709 560 1754 sextum
582 1712 761 1753 Capitulum
782 1734 793 1750 ‚
826 1711 910 1752 quod
931 1718 1035 1743 tamen
1063 1720 1122 1743 non

232 1763 323 1804 apud
343 1773 397 1794 nos
418 1766 601 1801 inventum,
627 1762 712 1802 apud
732 1756 786 1794 ves
804 1759 910 1793 baberi
925 1758 1101 1802 perhibetur
1113 1784 1120 1792 .

236 1813 343 1846 Hunc
367 1835 378 1852 ‚
417 1812 551 1854 inquam
574 1805 601 1851 ,²
615 1810 803 1845 'Canonem
825 1810 951 1854 semper
969 1806 1122 1845 refutavit

234 1861 383 1897 Ecclesia
394 1861 548 1895 Romana
559 1885 566 1892 .

288 1911 415 1949 Eadem
428 1910 579 1945 Canonis
589 1921 662 1954 pars
683 1909 841 1952 mandat,
866 1918 904 1943 ut
916 1909 1122 1945 accusaturus

237 1962 353 2004 aequale
371 1960 428 2002 fibi
443 1961 609 2004 periculum
625 1959 746 2002 statuat
765 1984 779 2004 ‚
794 1959 827 2004 «fi
844 1961 964 2003 quidem
983 1966 1017 1993 in
1035 1958 1123 1993 rebus

233 2010 454 2046 examinandis
464 2009 637 2054 accusatum
649 2009 829 2054 Episcopum
850 2010 1029 2044 calunniari
1059 2020 1123 2042 con·

236 2061 339 2096 vinus
343 2060 443 2103 fuerit
453 2086 460 2094 .
487 2061 562 2095 Sese
585 2060 762 2095 inscribere
770 2060 806 2095 ἀ
815 2059 963 2106 obligare
972 2058 1071 2094 debet
1081 2059 1121 2093 ad

235 2112 399 2146 talionem
420 2134 429 2141 -
460 2109 543 2145 Non
565 2109 698 2158 tantum
718 2121 787 2146 non
805 2109 953 2150 secreto,
979 2108 1034 2144 sed
1061 2119 1123 2143 nec

237 2160 284 2195 ab
294 2161 427 2195 absente
438 2171 493 2204 per
505 2157 752 2205 prosternerem
777 2165 835 2194 aut
856 2159 1044 2203 scripturam
1067 2169 1124 2202 po-

233 2210 300 2248 test
311 2210 456 2245 accusari
467 2235 475 2242 .
503 2209 714 2245 inscribendi
727 2209 775 2244 sui
789 2208 927 2244 modum
939 2209 974 2243 in
984 2208 1122 2251 Synodo

234 2259 499 2296 chalcedonensi
526 2260 671 2304 exponit
695 2258 899 2294 Theodorus
916 2283 927 2300 ,
963 2258 1117 2294 Ecclesiae

236 2309 477 2345 Alexandrinae
486 2309 664 2345 Diaconus
675 2334 688 2350 ,
714 2309 917 2353 Episcopum
929 2308 1023 2343 suurn
1037 2308 1124 2342 Dio-

232 2362 369 2395 {corum
379 2360 536 2395 accusans
550 2374 562 2394 :
589 2363 637 2393 Et
657 2357 721 2402 ips}
742 2370 792 2404 ego
810 2357 889 2392 banc
908 2357 1122 2402 accusationem

230 2416 364 2454 propria
368 2407 525 2454 subscripfi
533 2421 643 2444 manu:
670 2409 861 2450 Theodorus,
888 2412 1040 2442 Diaconus
1048 2406 1119 2451 san-

239 2461 297 2493 ‹¹1ae
317 2461 351 2493 Θ
374 2458 537 2495 catholicae
556 2457 693 2501 Ecclefiae
721 2470 839 2503 magnae
857 2459 1075 2492 Alexandrinae
1085 2463 1120 2492 ci-

240 2514 353 2542 vitatis
369 2506 596 2552 suprascriptus
618 2532 630 2549 ,
654 2508 807 2542 samo&
829 2507 996 2552 universali
1016 2512 1120 2541 Conci·

242 2560 282 2593 lio
293 2558 346 2591 hos
367 2558 479 2591 libellos
497 2558 612 2592 obtuli.
639 2557 754 2599 Etpost
778 2557 828 2591 boc
847 2559 929 2592 idem
951 2558 1120 2592 Theodorus

37 2628 60 2653 a,
238 2610 325 2642 dixit
350 2621 358 2641 :
386 2611 523 2642 Paratus
539 2606 611 2651 sum
634 2632 645 2648 ,
671 2609 850 2649 adveniente
871 2609 1121 2650 Reverendiffimo

241 2656 387 2701 Episcopo
398 2655 530 2701 Dioscoro
540 2663 572 2691 in
580 2655 632 2691 boc
637 2655 776 2701 sandi'um
788 2657 918 2700 vestrum
929 2660 1096 2691 Concilium
1111 2682 1121 2698 ,

241 2714 315 2741 meis
337 2708 432 2751 adesse
445 2707 680 2752 accusationibus
692 2733 699 2740 .
728 2708 858 2743 Eodem
879 2708 982 2742 modo
1006 2709 1042 2742 in
1063 2708 1120 2751 Sy·

241 2757 334 2792 nodo
345 2757 453 2801 Tyria
473 2758 552 2792 fecit
572 2757 721 2802 ischyras
741 2758 776 2792 in
798 2759 948 2794 Sannum
972 2756 1123 2793 Athana-

241 2808 321 2841 sium
335 2831 345 2847 ,
371 2807 413 2840 de
424 2818 492 2850 quo
504 2807 655 2842 adversus
667 2808 911 2842 accusationem
931 2808 1121 2850 excipiente

242 2859 412 2891 Socrates:
439 2856 695 2899 Ostendipoflulat
707 2856 883 2900 Athanasius
895 2881 906 2898 ,
933 2866 967 2891 ut
985 2856 1118 2901 Isi-hyras

242 2905 392 2951 accusator
415 2906 580 2945 Presbyteri
594 2907 726 2950 gradum
746 2908 781 2940 (¹7
809 2909 990 2952 dignitatem
1010 2931 1022 2948 ‚
1044 2919 1116 2941 nam

242 2964 289 2991 ita
301 2964 334 2990 in
351 2955 531 3000 accusatione
545 2954 692 3000 scriptum
708 2965 775 2991 erat
786 2981 797 2997 ,
823 2958 989 3001 obtinuisset
1002 2982 1010 2989 .
1039 2957 1119 2992 Gra·

241 3007 306 3042 dus
315 3008 369 3041 seu
380 3005 496 3040 titulos
506 3006 580 3040 suos
589 3006 691 3041 etiam
712 3006 885 3042 inscribere
904 3006 1045 3042 debebat
1068 3019 1118 3042 ac·

56 1641 175 1681 Epist-9.

61 2329 124 2361 Ast.
147 2334 177 2368 34

66 2858 202 2890 1.2.e.2x.

241 3058 391 3097 cusator,
417 3067 582 3100 omneque
593 3054 648 3090 hic
668 3057 879 3091 mendacium
896 3057 1037 3092 faciebat
1060 3058 1119 3092 cri·
1138 3090 1140 3093 .

243 3108 412 3142 minosum
436 3130 448 3146 ‚
472 3115 572 3150 atque
590 3105 638 3140 ita
658 3107 901 3142 accusationem
913 3107 1114 3142 exusflabat.

243 3155 387 3192 Addidit
410 3154 606 3190 Athanasius
626 3160 763 3197 iniquum
781 3158 832 3199 effe
855 3181 865 3197 ‚
902 3166 936 3190 ut
964 3160 1118 3190 Macarius

246 3206 402 3245 Presbyter
426 3212 459 3239 in
479 3206 609 3239 vinculis
637 3213 783 3239 teneretur
808 3205 978 3247 constricIus
1004 3229 1016 3247 ‚
1049 3209 1116 3250 ejtcs

244 3265 344 3289 autem
364 3253 512 3299 accusator
533 3255 609 3289 liber
628 3257 799 3297 versaretur
820 3282 828 3289 .
855 3256 1024 3304 roirca
1048 3269 1118 3292 non

245 3305 598 3341 tantumadtalionem
617 3304 748 3339 inscribi
770 3305 909 3340 debebat
928 3309 1096 3341 accusator
1108 3331 1118 3347 ,

246 3355 439 3398 sed&poni
462 3357 498 3390 in
522 3356 592 3399 ipso
602 3355 742 3389 accusati
754 3354 857 3389 statu.
882 3356 925 3389 Et
948 3355 1023 3390 licet
1048 3369 1120 3399 prae-

246 3405 321 3439 sens
331 3404 450 3439 Canon
461 3406 503 3441 de
520 3406 591 3440 solo
603 3406 775 3448 praesertim
786 3406 951 3450 Episcopo
972 3408 1116 3442 accusan-

242 3454 296 3490 vlo
317 3453 473 3495 definiat,
499 3455 603 3499 liquet
626 3465 734 3498 tamen
755 3456 839 3491 olim
858 3456 959 3491 etiam
978 3455 1019 3491 de
1031 3456 1122 3491 Pres-

343 3507 481 3537 Canones
492 3506 786 3547 Conc.const.T0m.1.

1892 99 1989 144 339

1186 162 1337 206 byteti&
1347 163 1488 207 cujusvis
1499 163 1628 199 Clerici
1638 172 1695 200 aut
1717 165 1790 201 laici
1803 167 1850 203 ita
1871 171 2060 206 accusatore

1185 214 1344 250 servatum
1356 238 1368 255 ,
1383 213 1494 259 ⁴idque
1513 225 1554 249 ex
1566 214 1731 249 Romanis
1751 217 1900 262 legibus,
1926 220 2061 263 quibus,

1184 263 1242 299 ubi
1264 264 1442 299 deficerent
1463 265 1643 304 Canones,
1671 265 1813 300 Ecclesia
1836 268 1869 301 in
1892 269 1955 303 suis
1972 269 2059 311 judi·

1183 314 1244 348 ciis
1254 314 1318 348 fuit
1335 314 1451 358 passim
1476 315 1530 348 usa
1542 339 1550 346 .
1578 314 1675 349 Hinc.
1694 313 1845 351 adversus
1856 317 2029 361 Syagrium
2044 341 2058 358 ,

1182 363 1410 399 Veronensem
1436 364 1638 408 Episcopum
1665 388 1678 406 ‚
1711 363 1938 401 admittentem
1965 368 2058 401 sacrae

1181 413 1335 458 Virginis
1354 416 1556 449 accusatores
1577 438 1588 454 ‚
1623 416 1783 448 delationis
1805 425 1885 448 nexu
1901 413 1965 458 sese
1989 415 2057 448 obli-

1174 471 1251 507 gare
1273 475 1332 497 non
1355 463 1444 507 aufhs
1465 488 1476 504 ,
1501 464 1665 500 exclamat
1689 466 1824 499 Sanetus
1844 463 2055 498 Ambrosius:

1180 513 1236 547 Ubi
1245 512 1310 547 haec
1334 519 1507 558 cognitionis
1513 513 1688 557 solemnitas
1701 539 1711 554 ‚
1737 514 1788 548 ubi
1814 515 1887 547 talis
1893 515 2058 556 ‚iudicandi
2075 509 2156 549 Epist·
2177 511 2226 547 ‘46.

1174 563 1332 605 formula?
1357 566 1390 599 si
1412 565 1491 607 leges
1507 564 1648 606 publicas
1675 570 1916 609 interrogemus,
1941 562 2057 607 accusa-

1178 622 1270 649 torem
1280 618 1405 657 exigunt
1418 639 1425 645 .
1592 642 1634 664 4&

1226 663 1363 700 Infamis
1373 673 1486 699 tamen
1497 674 1555 699 aut
1575 664 1648 701 lest
1660 666 1818 710 persona,
1844 663 1921 700 licet
1930 665 2056 699 accusa⁴

1179 725 1212 748 re
1223 724 1361 758 nequeat
1372 738 1384 755 ‚
1411 725 1545 759 gravare
1556 715 1660 759 potest
1672 738 1684 755 ,
1695 725 1877 759 cogereque
1887 715 1928 750 ad
1942 725 2059 759 purga·

1178 764 1306 801 tionem
1317 789 1325 799 .
1352 764 1486 799 Etenim
1497 764 1538 799 de
1550 764 1703 799 adultera
1713 765 1875 808 complice
1887 774 1944 799 aut
1968 764 2060 798 leno·

1181 826 1222 848 ne
1232 812 1343 848 scribit
1364 815 1502 849 Sanctus
1513 816 1571 849 lvo
1585 813 1795 851 Carnotensis
1818 814 2000 856 Episcopus
2014 812 2057 847 ad
2119 850 2124 855 ,
2226 853 2230 861 Ι

1179 864 1369 899 Girbertum
1383 888 1394 904 ,
1420 864 1732 900 Archi-Diaconum
1753 863 1983 898 Parisiensem:
2011 865 2058 895 De
2075 847 2231 888 Ep¹st·249·

1174 911 1207 956 se
1226 914 1354 956 confeffi's
1378 920 1435 948 non
1468 914 1508 956 est
1528 917 1711 950 credendum
1726 912 1820 958 super
1843 919 1956 947 crimen
1985 912 2058 946 alie-

1179 975 1249 997 num
1271 987 1282 1003 ‚
1301 963 1332 1005 fi
1349 972 1451 999 tamen
1471 966 1553 999 alias
1577 964 1683 1006 honesti
1696 963 1772 1009 sunt
1794 988 1806 1004 ,
1843 965 1878 998 &⁵
1897 974 1935 997 ex
1957 972 2061 996 eorum

1173 1011 1462 1057 ,accusationefama
1483 1013 1661 1058 crebrescit,
1686 1015 1831 1056 &fndus
1850 1024 1950 1047 rumor
1970 1011 2057 1055 infir-

1179 1075 1291 1096 morum
1311 1062 1501 1107 conscientias
1517 1071 1672 1108 percutit,
1698 1065 1827 1108 cogenda
1852 1063 1893 1102 est
1915 1063 2023 1098 mlier
2044 1086 2056 1103 ,

1179 1122 1212 1148 ut
1230 1111 1295 1156 sese
1318 1122 1460 1159 expurget
1472 1138 1483 1155 ‚
1509 1121 1604 1149 etiem
1622 1120 1759 1150 examine
1771 1113 1854 1155 ferri
1873 1114 2034 1147 candentis
2045 1136 2053 1146 .

1180 1163 1371 1197 Nefandum
1393 1166 1517 1198 crimen
1528 1176 1584 1208 per
1604 1164 1748 1199 violatos
1757 1162 1857 1197 etiam
1871 1172 1985 1206 pueros
2006 1172 2058 1194 ac-

1180 1212 1282 1247 cusari
1295 1213 1329 1247 &
1342 1213 1470 1257 probari
1485 1213 1596 1251 statuit
1607 1215 1788 1259 Gregorius
1798 1223 1938 1256 magnus
1959 1211 1994 1245 in
2007 1210 2059 1243 lit-

1181 1263 1256 1297 teris
1275 1262 1316 1297 ad
1328 1262 1548 1299 Anthemium
1574 1263 1765 1307 Campaniae
1786 1262 2035 1297 subdiaconum
2047 1284 2058 1301 ,
2077 1265 2230 1304 L.8.Epist.

1181 1314 1215 1346 δε
1228 1314 1446 1348 Fortunatum
1460 1315 1662 1358 Episcopum
1688 1313 1951 1357 Neapolitanum
1964 1336 1971 1342 -
1999 1311 2061 1344 Le·
2079 1316 2124 1344 ²5·
2141 1311 2188 1336 ²⁶·

1182 1363 1291 1408 genda
1311 1386 1324 1403 ,
1348 1373 1419 1408 quae
1441 1365 1574 1400 Sanetus
1595 1365 1656 1398 lvo
1676 1363 1787 1398 scribit
1809 1363 1851 1397 ad
1873 1363 2062 1406 Hugonem

1183 1412 1362 1447 primatem
1376 1413 1631 1458 Lugdunensem
1642 1413 1683 1447 de
1694 1414 1788 1447 causa
1800 1411 1965 1449 foediffimi
1976 1411 2064 1453 juve-

1186 1462 1235 1495 nis
1259 1463 1417 1504 joannis,
1444 1463 1538 1497 elesii
1564 1463 1599 1496 in
1621 1462 1824 1505 Episcopum
1846 1459 2066 1494 Aurelianen-

1184 1512 1249 1545 sem
1263 1537 1270 1546 .
1299 1509 1404 1551 Addit
1416 1512 1450 1545 in
1465 1512 1583 1546 litteris
1595 1512 1636 1546 ad
1650 1510 1825 1547 Eudonem
1849 1508 2066 1545 NormandIae

1185 1562 1380 1606 Dapiserum
1404 1575 1415 1595 .-
1452 1563 1615 1598 Secundum
1651 1559 1887 1604 consuetudinem
1921 1564 2067 1595 Romana
2086 1571 2217 1613 Epist*

1189 1609 1322 1652 Ecclefiae
1352 1611 1440 1643 aliter
1459 1617 1560 1655 agitur
1582 1619 1686 1644 contra
1714 1610 1908 1652 fimoniacam
1928 1611 1962 1644 ό·
1988 1614 2067 1642 Neo·

1182 1659 1339 1702 phytorum
1358 1659 1491 1702 baerefim
1513 1684 1525 1700 ,
1550 1663 1642 1703 quein·
1663 1661 1814 1694 adversus
1839 1668 1949 1693 caetera
1969 1665 2068 1692 crImi-

1186 1722 1243 1742 na.
1270 1714 1358 1743 Nam
1384 1711 1493 1743 cumin
1512 1711 1583 1744 aliis
1606 1709 1843 1753 accusationibus
1866 1707 2066 1752 accusatorum

1186 1759 1346 1800 &testium
1371 1764 1539 1793 innocentia
1564 1769 1740 1803 quaeratur,
1769 1761 1813 1792 ad
1820 1758 2067 1801 insimulationem

1186 1810 1293 1843 talium
1314 1814 1407 1843 etiam
1428 1803 1560 1850 infames
1578 1808 1714 1853 persbnae
1737 1810 1941 1843 admittuntur
1962 1835 1969 1841 .
2008 1807 2066 1842 Ad

1186 1859 1345 1903 ejusmodi
1369 1859 1471 1903 pestes
1493 1860 1714 1904 profligandas
1739 1859 1781 1894 de
1808 1859 1966 1896 naturalis
1986 1858 2067 1901 juris

1187 1910 1287 1953 plano
1299 1909 1333 1942 &1
1346 1908 1483 1952 simplici
1508 1919 1638 1953 oportet
1651 1908 1805 1953 procedi,
1830 1909 1949 1944 omisso
1969 1908 2066 1942 omni

1187 1960 1367 1993 Canonum
1380 1958 1536 2003 &legum
1547 1959 1773 1994 additamento
1785 1983 1793 1991 .
1819 1960 1954 1994 Summa
1962 1959 2066 2003 pietas

1189 2008 1233 2042 est
1247 2006 1303 2042 hic
1310 2010 1372 2043 effe
1383 2009 1547 2044 crudelem
1559 2033 1567 2041 .
1595 2008 1805 2053 Westphalos
1815 2010 1855 2044 ad
1869 2011 2003 2045 secretas
2012 2008 2066 2043 de·

1190 2058 1328 2095 lationes
1350 2059 1604 2103 &probationes
1615 2061 1715 2094 etiam
1733 2059 1938 2102 capitaliter,
1964 2058 2065 2101 idque

1188 2119 1312 2153 magno
1333 2109 1443 2154 gentis
1465 2109 1567 2142 fructu
1582 2134 1592 2149 ‚
1618 2108 1766 2143 damnari
1790 2108 1918 2152 jussos&
1940 2108 2065 2143 Carolo

1187 2170 1312 2203 magno
1337 2157 1446 2192 scribit
1469 2158 1598 2192 AEneas
1622 2158 1752 2201 Sylvius
1773 2158 1806 2192 in
1820 2158 1906 2193 libro
1925 2157 1967 2193 de
1978 2158 2064 2193 statu

1189 2208 1328 2253 Europae
1337 2207 1397 2244 sub
1410 2208 1583 2244 Frederico
1595 2209 1692 2243 tertio
1713 2208 1890 2254 Augusto,
1915 2207 1994 2253 qui,
2020 2218 2066 2243 te-

1189 2258 1235 2293 ste
1246 2256 1422 2293 Gunthero
1448 2258 1483 2292 in
1498 2269 1597 2303 opere
1609 2258 1650 2293 de
1660 2258 1759 2303 gestis
1768 2258 1930 2294 Frederici
1943 2258 2038 2303 primi
2052 2283 2064 2300 ,
2083 2263 2142 2292 L.1.
2158 2271 2216 2297 e.7·

1187 2309 1311 2353 primus
1322 2307 1449 2342 sustulit
1461 2309 1600 2343 formam
1613 2308 1704 2342 illam
1725 2308 1892 2351 judicandi
1905 2335 1913 2342 .

1236 2358 1353 2392 Altera
1364 2357 1515 2392 Canonis
1526 2369 1597 2402 pars
1607 2357 1719 2393 denuo
1736 2358 1871 2393 damnat
1882 2359 2064 2403 Episcopo·

1187 2419 1259 2442 rum
1282 2408 1484 2452 synodaliter
1510 2408 1740 2443 damnatorum
1752 2410 1897 2444 recursus
1906 2409 1948 2444 ad
1959 2410 2062 2445 laicos

1186 2458 1377 2501 Principes,
1404 2459 1458 2491 sua
1471 2458 1609 2500 jussione
1621 2459 1827 2503 suspensuros
1846 2456 2063 2501 sententiam,

1186 2519 1241 2542 aut
1252 2508 1342 2542 alteri
1355 2507 1543 2552 Episcopali
1554 2507 1679 2551 judicio
1692 2508 1925 2543 retractandam
1936 2508 2064 2554 delega-

1187 2570 1295 2594 turos:
1322 2557 1525 2601 Hujusmodi
1541 2568 1683 2601 namque
1703 2559 1848 2592 recursus
1858 2558 1923 2601 jam
1937 2559 2062 2602 pridem

1185 2608 1355 2643 damnarat
1382 2606 1597 2642 Antiochena
1622 2607 1777 2651 Synodus
1809 2609 2060 2643 Encaeniorum.

1185 2660 1280 2698 Has,
1307 2658 1466 2701 inquam,
1493 2657 1790 2692 Ecclefiasticarum
1816 2659 1982 2692 causarum
2005 2669 2061 2701 per

2081 2146 2118 2176 C.
2131 2149 2180 2184 295

1185 2707 1372 2752 Principem
1385 2709 1482 2742 facias
1493 2707 1718 2751 delegationes
1731 2733 1742 2748 ,
1768 2709 1803 2741 ὅ(
1817 2708 1943 2750 quasvis
1962 2719 2062 2752 gene·

1184 2759 1280 2793 ratim
1306 2759 1408 2793 sacras
1432 2756 1584 2801 jussiones
1609 2781 1620 2798 ‚
1645 2756 1830 2791 dummodo
1862 2757 2060 2793 Canonibus

1183 2810 1394 2849 conformes,
1421 2807 1619 2851 quandoque
1631 2806 1781 2842 toleravit
1792 2806 1932 2841 Ecclesia
1945 2833 1955 2848 ‚
1983 2809 2061 2842 sem·

1185 2872 1240 2904 per
1251 2869 1359 2894 tamen
1385 2857 1430 2891 est
1444 2856 1621 2891 detestata.
1649 2856 1812 2890 Adversus
1839 2857 2059 2899 Flavianum,

1184 2907 1372 2944 Antiochiae
1383 2907 1581 2951 Episcopum
1590 2930 1600 2946 ,
1622 2906 1791 2941 nolentem
1803 2918 1839 2950 pa
1845 2919 1911 2941 rere
1921 2906 2058 2942 decretis

1183 2958 1308 3003 Synodi
1322 2958 1509 3001 Capuanae,
1534 2965 1769 2999 remeantemque
1779 2958 1825 2989 ad
1841 2965 1961 2999 precum
1971 2964 2057 2991 auxi-

1182 3011 1224 3043 lia
1246 3010 1279 3042 <5
1300 3008 1498 3050 imperialium
1520 3005 1738 3049 Rescriptorum
1756 3005 1903 3051 suffiagia
1917 3032 1927 3047 ‚
1952 3008 2058 3042 excla-

1183 3069 1250 3093 mat
1272 3058 1405 3092 Sanetus
1419 3056 1611 3090 Ambrosius
1631 3057 1665 3090 in
1677 3057 1795 3091 litteris
1818 3059 1857 3091 ad
1870 3057 2058 3102 Theopby-
2075 3062 2190 3102 Episly.

1183 3109 1252 3142 lum
1274 3106 1480 3142 Alexandria
1502 3106 1700 3150 Episcopum
1731 3119 1739 3139 :
1769 3110 1881 3140 Iterum
1902 3108 1946 3140 ad
1963 3107 2055 3149 hujus

1178 3157 1280 3201 saeculi
1295 3158 1414 3199 judicia
1433 3157 1640 3190 recurrendum
1661 3180 1671 3196 ,
1695 3162 1803 3190 iterum
1814 3158 1858 3189 ad
1878 3156 2056 3200 Rescripta?

1184 3209 1302 3242 Sancto
1312 3207 1526 3249 Hieronymo
1536 3206 1622 3250 quasi
1632 3206 1758 3240 facinus
1771 3207 1964 3250 improperat
1981 3209 2056 3243 kuf-

1184 3258 1269 3290 finus
1280 3280 1291 3297 ,
1301 3255 1390 3298 quod
1401 3255 1542 3290 Paulum
1556 3256 1784 3300 Episcopum&
1795 3256 1928 3291 laudato
1940 3256 2057 3292 Theo·
2074 3253 2133 3288 1⁶0⁸·
2150 3260 2206 3288 c·5·

1184 3306 1288 3351 phylo
1309 3303 1645 3350 deJetiurfxinstigarit
1670 3317 1726 3351 per
1745 3307 1913 3351 imperiale
1933 3307 2057 3341 Rescri-

1185 3367 1277 3400 ptum
1304 3365 1447 3400 repetere
1469 3356 1693 3393 Sacerdotium
1717 3381 1728 3397 ‚
1755 3367 1815 3391 nec
1853 3356 1942 3391 aliud
1963 3368 2057 3401 repo-

1188 3418 1261 3441 nere
1272 3407 1365 3441 scivit
1386 3405 1615 3449 Hieronymus
1627 3406 1745 3440 rubore
1765 3408 1931 3450 perfusus,
1956 3407 2055 3449 quam

1186 3468 1254 3492 non
1277 3455 1502 3493 insultandum
1520 3456 1639 3493 alienis
1661 3456 1799 3492 miseriis
1818 3481 1830 3498 ,
1866 3467 1927 3492 nec
1948 3456 2057 3492 aliena

1589 3506 1623 3541 V
1648 3518 1670 3542 u
1720 3518 1743 3544 2
1941 3504 2008 3539 vul-
