2346 3776
357 122 449 171 400
706 106 996 151 CANONES
1029 105 1651 153 ‚Concnn‘Emr-asmi

284 193 501 257 chi-ninius
540 180 872 260 Heracleopolis
909 226 923 251 ,
972 187 1203 243 Eutherius
1251 187 1544 259 Tyanenfium
1574 227 1588 251 ‚
1638 191 1844 245 Meletius
1894 186 2124 245 Neocaesa-

232 290 238 296 κ
287 262 429 322 rienfis
456 298 470 323 ‚
507 261 814 319 Theodoretus
848 260 964 327 Cyri
991 295 1007 319 0
1053 260 1291 325 Apringius
1326 257 1553 314 Chalcidis
1581 297 1596 322 ‚
1647 266 1864 316 Macarius
1899 263 2126 316 Laodjoeae

284 348 450 396 magnae,
477 331 662 401 ‚ZosyS
697 329 905 379 Esbuntis
932 366 946 396 2
982 329 1199 383 Sallustius
1234 332 1401 402 Coryci
1437 331 1607 379 Ciliciae
1634 368 1648 391 ‚
1696 331 1938 400 Hesychius
1973 336 2127 385 Casta..

283 405 392 458 balae
414 403 597 462 ¹(Jilirkiaz
624 439 638 462 ,
674 401 934 456 Valentinus
972 399 1256 455 Mutloblacae
1284 437 1298 460 ,
1336 399 1590 454 Eustachius
1627 402 1813 457 Parnasli
1848 440 1861 463 ‚
1896 406 2127 475 Philippus

283 472 648 540 Theodosiopolis
676 507 690 535 ,
725 471 889 520 Daniel
918 507 931 532 ‚
957 475 1011 519 ’δε
1047 473 1271 520 Dexianus
1299 507 1313 532 ,
1363 475 1406 520 δε
1431 472 1636 536 Julianus
1665 509 1678 533 ‚
1726 478 1769 523 δε
1805 475 2003 541 Cyrillus
2031 514 2044 538 ,
2081 482 2126 527 &2

282 545 524 613 Olympius
551 579 565 603 ‚
616 546 660 591 &
709 544 935 605 Diogenes
964 579 978 606 ,
1027 546 1070 598 &
1121 540 1339 596 Palladius
1366 577 1380 601 ,
1432 541 1722 611 Theophanes
1772 544 2083 615 Philadelphiae
2111 584 2125 608 ‚

283 616 498 665 Tarianus
533 612 735 676 Augustae
765 649 778 675 ,
826 613 1028 665 Aurelius
1064 613 1416 680 Irenopolitanus
1447 649 1461 674 ‚
1513 611 1694 666 Musaeus
1746 613 1882 664 Aradi
1912 652 1925 676 ‚
1975 618 2125 668 Hella-

283 684 381 733 dius
432 682 721 738 Ptolemaidis
758 719 771 732 .
823 686 884 733 Hi
934 683 1098 739 nullam
1133 683 1316 734 omnino
1352 682 1656 734 Ecclefiasticae
1706 689 2026 736 communionis
2063 687 2128 736 fa-

283 748 495 809 cultatem
531 754 744 810 habentes
772 792 786 817 9
822 771 871 804 ut
899 761 961 808 ex
996 757 1256 816 auetoritate
1291 752 1548 802 sacerdotali
1581 759 1789 823 cuiquam
1823 774 1980 807 nocere
2005 795 2020 820 ‚
2055 759 2127 809 vel

282 823 479 896 prodesse
511 825 668 893 possint
698 863 711 886 ‚
747 841 979 893 propterea
1014 824 1136 892 quod
1170 826 1304 872 etiam
1342 823 1524 890 quidam
1560 840 1613 874 ex
1648 826 1746 893 ipsis
1783 825 1878 876 sunt
1913 826 2127 895 depositi,

283 914 386 950 cum
421 897 574 965 primis
609 896 802 952 Nestorii
832 896 923 956 ’,ἃ
958 895 1135 951 Celestii
1170 893 1292 961 sequi
1328 892 1560 946 sententias
1595 896 1817 946 manifeste
1853 915 1904 946 ex
1939 915 1993 950 eo
2029 897 2127 951 sunt

284 965 540 1034 deprehensi
568 1002 581 1026 ‚
627 965 754 1034 quod
801 965 1059 1016 Nestorium
1094 963 1319 1018 nobiscum
1368 964 1659 1016 condemnare
1694 960 1923 1017 noluerunt
1954 988 1968 1019 ι
2015 986 2128 1036 quos

283 1036 428 1086 saneta
462 1035 662 1105 Synodus
698 1039 921 1091 communi
956 1035 1136 1085 decreto
1185 1035 1242 1084 ab
1277 1038 1398 1084 omni
1446 1036 1741 1086 Ecclesiastica
1789 1040 2130 1093 communione„

284 1110 450 1165 alienos
484 1105 566 1163 esse
601 1107 750 1163 statuit
781 1145 794 1168 ,
844 1112 887 1159 δε
922 1125 1097 1161 omnem
1132 1105 1360 1160 sacerdotii
1399 1105 1637 1160 efficaciam
1673 1109 1761 1162 illis
1797 1107 1962 1162 ademit
1990 1145 2004 1171 ‚
2051 1126 2130 1179 per

284 1196 421 1256 quam
457 1178 677 1246 aliquibus
713 1179 784 1234 vel
818 1196 974 1228 nocere
1002 1214 1015 1240 ,
1064 1179 1134 1228 vel
1169 1174 1361 1251 prodesse
1396 1192 1601 1250 poterant
1628 1214 1641 1232 .
2085 1174 2114 1213 ἶ

1222 1340 1288 1410 'cis
1313 1339 1355 1376 ad
1382 1339 1447 1376 haec
1457 1341 1584 1377 dissidia
1611 1342 1844 1387 componenda
1866 1343 1998 1388 Legatis
2020 1342 2131 1379 noluit

1244 1402 1352 1435 patere
1374 1416 1386 1432 ,
1412 1393 1464 1428 sed
1490 1393 1622 1427 nemine
1648 1393 1788 1428 salutato
1810 1394 1851 1428 ad
1878 1394 2006 1437 proptia
2031 1392 2131 1428 rediit

1242 1453 1318 1475 cum
1333 1442 1395 1476 suis
1414 1442 1607 1486 Episcopis,
1634 1444 1774 1478 fasturus
1794 1443 1902 1487 pejora
1914 1454 1969 1487 pet
1994 1454 2133 1478 omnem

1243 1494 1336 1525 suurn
1363 1492 1623 1527 Patriarchatum
1645 1519 1651 1527 .
1678 1494 1763 1541 Qae
1785 1493 1988 1537 praevidens,
2013 1494 2049 1528 &
2074 1492 2132 1529 ho-

1243 1542 1293 1575 sce
1305 1541 1370 1583 jam
1393 1553 1461 1574 non
1484 1542 1684 1585 Episcopos‚
1710 1543 1766 1576 sed
1787 1544 1823 1578 in
1836 1544 2068 1580 ferocissimam
2081 1554 2132 1577 ra-

1243 1590 1331 1623 biem
1355 1592 1442 1623 astos
1466 1589 1648 1624 orthodoxi
1671 1591 1780 1635 gregis
1801 1592 1899 1635 lupos
1919 1592 2130 1627 exarmare&

1245 1638 1398 1673 dentibus
1422 1648 1571 1673 truncate
1584 1640 1699 1672 volens
1723 1640 2021 1683 sanctasynodus,
2046 1639 2132 1676 chri-

1245 1689 1347 1722 stiana
1366 1688 1606 1722 communione
1626 1688 1789 1732 privavit,
1815 1689 2008 1732 addiditque
2019 1690 2133 1727 Cano-

524 1344 946 1395 SCHOLION.

329 1496 466 1529 Oannes
479 1490 667 1527 patriarcha
681 1492 920 1528 Antiochenus
931 1516 943 1533 ‚
970 1502 1038 1525 non
1053 1491 1155 1524 eausae
1170 1514 1180 1530 ‚

291 1491 325 1606 J
357 1542 410 1576 sed
440 1544 583 1586 personae
606 1542 813 1576 Nestorianae
837 1545 948 1575 fautor
969 1565 980 1581 ‚
1010 1541 1109 1574 serius
1132 1551 1180 1573 ve-

302 1609 307 1611 ·
353 1594 402 1627 nit
422 1593 463 1626 ad
476 1592 677 1636 synodum,
701 1589 962 1626 comitatus'non
975 1590 1106 1624 tantum
1121 1591 1181 1622 suae

290 1643 482 1677 Dioeceseos
506 1642 700 1684 Epffcopis,
727 1641 779 1673 sed
802 1639 1045 1682 &quibusdam
1069 1638 1183 1671 latinis

291 1692 486 1737 I‘elagianis
500 1716 510 1732 ,
538 1702 595 1735 per
616 1690 820 1725 Celestinum
847 1689 1048 1723 Pontificem
1071 1686 1089 1721 ὲ
1109 1686 1183 1721 sede

291 1744 347 1777 sua
376 1743 496 1776 &toto
507 1740 694 1776 Occidente
707 1739 835 1783 ejeffls,
861 1738 948 1773 &ab
961 1737 1012 1772 his
1035 1737 1184 1772 seductus

292 1794 362 1839 egit
376 1792 464 1826 varia
480 1802 580 1825 >tanto
594 1791 759 1834 Episcopo
785 1790 925 1834 indigna
939 1814 946 1821 .
964 1788 1185 1839 *Nestorianae

292 1844 395 1878 causae
418 1843 451 1876 &
465 1844 606 1885 persona:
627 1840 840 1875 damnatione
863 1838 1024 1873 canonice
1047 1839 1183 1881 aSyno-

295 1894 341 1928 do
365 1894 483 1925 factam
512 1892 630 1935 sprevit
651 1916 663 1931 ,
690 1891 800 1925 Sancti
828 1889 952 1933 cyrilli
979 1888 1122 1932 capitula
1144 1887 1185 1922 de

298 1942 621 1987 Apollinariihaerefi
639 1940 830 1981 damnavit,
856 1940 1045 1974 confirmati
1071 1938 1183 1983 permi-

293 1996 333 2027 lit
358 2004 500 2027 errorem
522 1992 762 2037 Pelagianum,
789 1991 942 2024 Sanstum
966 1989 1137 2033 cyrillum
1152 1989 1186 2023 δε

295 2044 519 2078 Memnonem
544 2041 758 2086 Ephesiorum
781 2041 980 2084 Episcopum
1003 2039 1121 2083 abjecit
1145 2038 1185 2076 ad

1248 1750 1302 1772 nes
1315 1739 1482 1782 sequentes
1495 1764 1502 1772 .
1530 1738 1586 1772 Ad
1599 1737 1663 1772 hoc
1675 1737 1877 1773 Prooemium
1891 1739 2043 1773 alludunt
2055 1739 2133 1774 Mo·

1250 1787 1344 1823 nachi
1359 1789 1548 1823 Orientales
1574 1790 1608 1822 in
1633 1788 1755 1824 libellis
1775 1789 1839 1825 suis
1863 1788 2023 1826 exhibitis
2043 1787 2134 1834 Aga·

1248 1850 1323 1882 peto
1340 1838 1435 1882 Papoe
1457 1840 1492 1874 &
1514 1837 1698 1882 Iustiniano
1722 1839 1890 1884 principi,
1920 1839 2074 1884 lectisque
2096 1841 2137 1875 in.

1248 1888 1387 1932 Synodo
1401 1888 1774 1933 constantinopolitana
1788 1889 1846 1929 sub
1857 1890 1984 1924 Menna
1996 1889 2132 1925 Patriu-

1247 1938 1309 1973 cha
1325 1964 1334 1979 ‚
1362 1938 1481 1983 quibus
1506 1939 1717 1982 Anthymum
1733 1963 1743 1979 ,
1770 1940 1948 1981 Severum,
1974 1939 2132 1980 Petrum,

1248 1990 1389 2026 Zoaram
1415 2014 1425 2030 ,
1452 1988 1700 2033 Acephalotum
1726 1990 1896 2034 Principes
1925 2015 1936 2031 ‚
1961 1991 1995 2025 &
2019 1989 2134 2025 ortho-

1249 2041 1412 2082 doxorum
1435 2039 1582 2077 crudeles
1604 2042 1822 2084 persecutores
1838 2065 1849 2081 ,
1876 2050 1995 2086 rogant
2016 2040 2133 2077 nudari

295 2095 399 2129 laicos
422 2119 432 2135 ,
459 2093 611 2136 jussitque
637 2091 790 2126 carcerari
817 2092 835 2125 ὲ,
859 2091 987 2134 Joanne
1015 2089 1186 2123 Sacrarum

1250 2090 1413 2135 dignitate
1450 2091 1485 2125 &
1503 2091 1647 2125 efficacia
1671 2090 1882 2136 Episcopali.

296 2144 514 2196 largitionum
537 2142 673 2178 Comite
692 2166 703 2186 ,
745 2143 841 2180 novis
865 2140 1025 2178 Celestini
1048 2139 1187 2176 Pontifi-

721 2413 1136 2470 CANON
1219 2412 1722 2502 PRIMUS.

370 2593 374 2595 ’
526 2590 727 2647 ,Ποηίαιῐι
762 2579 908 2638 autem
943 2587 1175 2655 oportebat
1220 2591 1263 2636 &
1298 2586 1493 2637 absentes
1538 2585 1565 2637 ὲ
1602 2586 1742 2637 sancita
1777 2585 1956 2656 Synodo
1983 2622 1997 2647 ‚
2045 2603 2138 2637 mo-

299 2590 538 2862 Q
573 2658 800 2727 rantesque
847 2661 893 2707 in
941 2658 1116 2706 urbibus
1164 2662 1206 2706 &
1242 2660 1481 2725 provinciis
1527 2657 1587 2706 ob
1621 2657 1801 2726 aliquod
1852 2656 2138 2725 impedimen-

573 2747 666 2779 tum
696 2767 710 2791 ,
745 2730 832 2782 five
866 2728 1195 2795 ecelefiasticum
1232 2728 1319 2779 five
1355 2746 1608 2799 corporeum
1638 2765 1651 2789 ,
1684 2747 1775 2783 non
1810 2731 2007 2791 ignorare
2041 2743 2145 2794 quae

572 2800 628 2849 de
679 2800 777 2868 ipsis
812 2797 908 2848 sunt
955 2798 1231 2857 constituta3
1283 2797 1568 2862 significamus
1619 2801 1844 2848 Sanetitati
1891 2799 2041 2849 vestras
2086 2813 2139 2847 ac

303 2872 544 2920 Dileffloni
572 2909 585 2932 ‚
633 2886 682 2920 ut
718 2865 761 2919 si*
784 2868 998 2938 quispiam
1035 2870 1323 2936 Metropolita
1358 2871 1595 2918 Provinciae
1623 2906 1636 2930 ‚
1685 2869 1885 2919 derelista
1920 2868 2060 2923 sansta
2096 2873 2140 2918 &

303 2943 571 2995 oecumenica
605 2939 786 3011 Sy'nodo
812 2978 825 3001 ‚
861 2956 935 2989 aut
972 2939 1143 2988 acceffit
1177 2937 1235 2987 ad
1270 2941 1442 2988 illorum
1478 2938 1733 2989 defefflonis
1769 2938 2029 3001 consessum,
2065 2954 2141 3006 aut

305 3011 483 3060 accedet
518 3015 564 3061 in
599 3013 814 3080 posterum
844 3048 857 3071 ‚
908 3011 993 3059 five
1029 3028 1127 3058 cum
1165 3009 1359 3058 Celestio
1394 3009 1516 3059 sensit
1552 3027 1628 3060 aut
1663 3009 1817 3060 sentiet
1846 3048 1859 3071 ‚
1907 3009 1996 3079 ipse
2030 3008 2142 3063 nihil

306 3083 493 3147 amplius
528 3085 692 3150 poterit
728 3099 854 3145 agere
890 3080 1092 3130 adversus
1128 3083 1366 3130 Provinciae
1402 3080 1640 3149 Episcopos
1669 3118 1683 3141 ‚
1717 3096 1767 3129 ut
1802 3083 1880 3149 qui
1914 3083 2005 3148 jam
2040 3075 2140 3132 inde

307 3148 335 3198 ὲ
370 3152 547 3216 Synodo
583 3156 717 3202 totius
744 3151 1055 3201 Ecclesiasticae
1090 3153 1409 3200 communionis
1444 3169 1593 3219 expers
1628 3152 1680 3201 sit
1717 3150 1851 3200 fabius
1896 3156 1941 3200 &
1975 3145 2138 3218 prorsus

310 3221 477 3269 inutilis
507 3259 520 3282 ,
569 3222 640 3271 sed
686 3227 729 3272 &
765 3223 865 3291 ipsis
912 3221 1138 3289 Episcopis
1189 3222 1305 3269 illius
1354 3225 1594 3273 Provinciae
1622 3259 1635 3283 ‚
1683 3224 1936 3290 circumque
1985 3218 2138 3268 vicinis

312 3293 609 3358 Metropolitis
646 3298 758 3342 redta
793 3292 1075 3343 sentientibus
1103 3330 1116 3360 3
1165 3290 1401 3361 subjacebit
1428 3329 1441 3353 ,
1491 3309 1539 3342 ut
1572 3291 1758 3343 ,omnino
1803 3291 1992 3360 deJeQus
2026 3286 2077 3339 fit
2109 3282 2141 3334 ὲ-

308 3358 407 3413 sede
440 3358 724 3433 Episcopatus
738 3396 750 3415 .
1109 3362 1111 3364 ’

1911 3487 2088 3527 CANON
