2346 3776
96 2842 214 2878 107307

249 2580 251 2582 ’
272 2580 350 2603 rena
373 2580 510 2612 curare,
537 2568 596 2602 nisi
621 2566 804 2601 coelestibus
824 2565 1004 2621 paruisset.

356 57 451 131 3'54
522 70 812 114 CANouzs
849 70 1150 115 CON01L11
1185 69 1932 125 Cous-raunuoromram

265 152 346 189 rista:
371 177 382 192 ‚
409 151 609 186 blaterantes
631 152 695 186 esse
708 149 833 185 multos
856 159 1015 190 vocatos,
1043 160 1166 192 paucos

266 204 407 241 electos,
434 202 564 244 periisse
577 201 807 238 Ecclefiamde
818 200 900 235 orbe
921 209 1102 238 terrarum,
1131 200 1166 235 &

266 255 302 287 in
325 251 401 285 solis
429 252 495 286 suis
515 253 630 297 paucis
651 253 715 286 esse
737 250 928 293 Christum,-
957 249 1002 283 Et
1028 249 1165 295 quidem

266 301 534 343 Novatianenses
559 299 1012 346 &Macedonianisingulari
1038 300 1072 334 δε
1094 312 1166 335 ιιιο-

267 352 372 387 destia
398 353 433 387 &
445 354 533 389 veste
545 353 746 398 singularem
758 350 1012 396 sanstimoniam
1028 351 1165 387 mentiti

266 414 337 438 non
351 414 473 448 paucos
490 405 525 438 in
537 413 679 444 errorem
697 401 1021 447 circumscripserunt
1033 426 1040 434 .
1068 401 1166 436 Hinc

265 452 345 498 ergo
369 453 470 499 edicit
487 453 642 498 Synodus
655 451 781 486 nullam
795 451 882 495 apud
895 452 981 495 ipsos
997 451 1061 491 esse
1084 463 1166 486 verae

268 503 421 538 Ecclesiae
441 514 556 539 notam
578 527 590 543 ,
627 501 770 545 ideoque
794 501 861 535 illis
893 502 958 536 esse
982 501 1161 544 Ecclesias,

266 553 440 597 quomodo
454 555 528 588 sunt
540 552 608 587 favi
633 552 720 596 apud
734 553 847 596 vespas
859 562 871 585 .··
896 552 941 586 Et
968 553 1164 597 principales

268 603 420 637 Ecclesiae
431 612 529 638 notas
545 627 555 644 ,
577 614 614 638 ut
623 604 642 637 a
654 602 807 638 fidelium
818 602 978 650 memoria
991 614 1163 651 nunquam

264 652 397 688 abirent
409 677 420 695 ‚
448 653 611 701 Symbolo
628 653 740 698 infixit
750 678 758 688 .

1280 152 1429 195 confiteor
1441 166 1534 188 unum
1545 156 1710 201 Bapttfina
1733 164 1768 192 in
1795 161 1983 200 remiffionem
1991 169 2123 205 peccato-

1228 214 1303 239 rum
1332 202 1570 253 Apostolicum
1591 208 1790 252 Symbolum
1803 210 1995 254 simpliciter
2007 211 2122 257 habet,

1227 254 1646 301 Remiffionenypeccatorum.
1673 259 1819 303 Causam
1831 260 1888 295 dat
1901 261 2035 298 sanstus
2049 263 2123 299 Au-

1225 303 1407 348 gustinus
1397 316 1433 339 ιιι
1461 305 1672 351 Enchyridio
1697 321 1705 342 :
1732 310 1798 353 Post
1821 319 2123 348 commemorationem
2137 319 2172 350 C.
2188 323 2238 356 64-

1220 352 1339 397 [αιιᾶα
1349 354 1484 398 Ecclefiae
1495 363 1528 401 ln
1538 358 1642 391 ordine
1650 359 1826 403 coffeffonis
1855 370 1983 404 ponitur
2003 365 2122 406 remiffio

1219 412 1433 446 peccatorum:
1459 410 1519 441 Per
1538 407 1617 441 hanc
1628 414 1708 441 enim
1723 409 1789 450 stat
1810 412 1965 455 Ecclefiae,
1992 427 2061 457 quae
2081 414 2122 457 eff

1224 460 1385 496 interris,
1409 457 1525 501 utpote
1536 459 1641 492 sansta
1654 457 1758 505 hocce
1781 460 1893 518 potius
1918 466 2121 507 quotidiano

1224 504 1358 546 d0n0,
1386 507 1485 550 quam
1522 510 1719 553 perfestione
1762 511 1927 547 virtutum
1953 538 1961 547 .
1997 515 2120 551 Hocce

1226 555 1426 598 Symbolum
1438 557 1567 593 addidit
1587 570 1679 593 unum
1692 560 1886 605 Baptisma,
1912 573 2029 601 contra
2038 566 2118 602 Sau-

1226 605 1270 652 §ti
1282 605 1393 642 Basilii
1404 608 1499 652 supra
1509 608 1661 646 adductas
1673 611 1918 657 cogitationes,-

538 797 1861 944 DISSERTATlo

268 1009 395 1088 DE.
422 1006 835 1089 SYNODQ
858 1003 2115 1096 CONSTANTINOPOLITANA‚

757 1155 1107 1217 CAPUT
1177 1158 1626 1219 PRIMUM,

701 1300 733 1343 S
719 1294 841 1373 ynodi
883 1296 1021 1374 occafio
1043 1332 1058 1358 ,
1093 1294 1272 1365 Epssopt'
1294 1334 1308 1359 ,
1343 1296 1477 1373 locus,
1514 1316 1681 1372 tempus,

419 1461 623 1502 Onstantio,
650 1459 807 1505 Iuliano,
834 1457 1018 1493 &Valenti
1043 1454 1160 1503 Augu-

444 1513 587 1559 gustis,
614 1512 671 1556 qui
696 1508 833 1553 Arianis
859 1509 892 1542 &
913 1507 1082 1552 quibusvis
1101 1509 1158 1541 hae-

444 1563 553 1607 reticis
577 1561 750 1606 permisere
770 1558 909 1598 omnia,
933 1557 1027 1601 juxta
1048 1569 1159 1601 praece,-

444 1604 558 1648 dentes
578 1610 791 1667 prophetias,
817 1608 961 1641 Meletio
988 1607 1156 1651 Episcopo

268 1623 490 1700 Antiocheno
517 1663 648 1701 factas,
676 1658 854 1702 Ecclesiam
892 1655 1028 1699 tandem
1066 1657 1158 1689 suam

268 1716 419 1757 miserata
443 1713 572 1759 Divina
597 1708 786 1746 Clementia
821 1706 913 1741 dedit
946 1696 1157 1751 successorem

267 1765 524 1804 Theodosium,
551 1762 762 1807 Hispanum,
789 1757 875 1792 avite
898 1756 1016 1802 pium,
1042 1766 1158 1800 utpote

268 1816 376 1850 filium
389 1812 646 1850 christianissimi
659 1811 765 1855 Ducis
776 1806 983 1848 Theodosii,
1011 1807 1158 1850 impiiffi-

268 1866 321 1900 ιιιὲ
332 1877 388 1909 per
411 1864 591 1908 Valentem
610 1850 786 1896 trucidati.
816 1858 879 1892 Per
890 1868 1027 1891 omnem
1040 1857 1157 1890 Orien-

268 1925 335 1951 tem
361 1905 587 1961 grassabantur
611 1912 761 1951 Ariani,
799 1907 1010 1953 Eusebiani,
1047 1907 1159 1945 Ειιιιο-

267 1967 394 2007 miani,
422 1963 663 2006 Macedoniani
685 1986 697 2004 ,
727 1959 931 1999 Fotiniani,
957 1956 1159 2003 Apollinari-

268 2017 351 2057 stae,
389 2014 685 2054 Novatianenses‚
719 2019 975 2052 enumerataque
1005 2007 1159 2065 superius

268 2065 488 2101 Galatharum
500 2064 663 2109 monstra:
679 2063 739 2097 Et
750 2061 807 2105 ipsi
821 2058 1012 2102 Catholici
1004 2070 1038 2092 ιιι
1051 2068 1157 2106 partes

267 2117 409 2151 lacerati.
438 2116 524 2163 Qis
535 2115 627 2161 enim
640 2114 742 2148 nescit
755 2110 889 2146 schisma
903 2103 1156 2154 Eustathianum

212 2201 214 2204 ,
270 2167 422 2202 Ecclesiae
445 2156 696 2200 Antiochenae?
723 2163 835 2197 Etiam
848 2150 1157 2204 Constantinopoli-

268 2227 383 2251 tanam
406 2216 545 2251 sciderat
568 2214 683 2249 Petrus
695 2205 941 2248 Alexandrinus
952 2211 1155 2254 Episcopus,

269 2268 437 2312 Gregorio
466 2265 715 2313 Nazianzeno,
755 2263 773 2297 a
795 2264 828 2298 se
849 2262 937 2306 prius
959 2259 1099 2305 probato
1123 2260 1156 2294 ὅ(

269 2318 502 2358 confirmato,
531 2313 798 2360 superintrudens
824 2337 836 2353 ,
861 2313 896 2347 δι’.
919 2311 1054 2356 quidem
1077 2322 1158 2344 auro

271 2368 462 2408 mediante,
489 2367 682 2413 Maximum
695 2365 891 2416 Cynicum,
918 2361 1092 2397 hominem
1106 2372 1158 2395 va-

269 2419 315 2452 rie
328 2418 503 2462 impurum.

298 2469 432 2503 Divino
448 2469 586 2514 negotio
598 2467 797 2514 vigilanter
787 2467 819 2501 se
830 2464 920 2500 dedit
931 2462 1159 2513 Theodosius,

271 2518 521 2564 cogitationum
543 2518 639 2552 ferias
662 2518 810 2556 nesciit,
836 2527 897 2550 nec
920 2514 1079 2559 dignatus
1099 2523 1157 2547 ter

1035 2565 1159 2598 Demo·

271 2618 403 2663 philum
430 2593 596 2653 Arianum
621 2616 833 2660 Episcopum
849 2615 944 2658 ejecit
969 2613 1157 2657 Constanti·

275 2669 390 2712 nopoli
419 2692 431 2709 ,

274 2719 490 2753 Nazianzeno
515 2743 525 2759 ‚
562 2717 733 2761 adversum
760 2715 891 2749 haereses
912 2713 1020 2749 sanxit
1046 2713 1156 2753 varia,

272 2770 474 2812 tandemque
488 2769 612 2804 indixit
625 2768 728 2803 totius
739 2765 888 2801 Orientis
898 2764 1087 2809 generalem
1099 2764 1157 2806 Sy-

273 2820 422 2854 nodum'
414 2832 450 2854 ιιι
466 2820 574 2865 Regia
586 2818 719 2852 civitate
730 2829 771 2850 ex
784 2815 888 2861 tribus
899 2814 1071 2859 praesertim
1082 2824 1156 2858 cau-

272 2870 312 2903 sis
338 2895 348 2911 ‚
381 2870 490 2905 relatis
512 2870 554 2905 ab
577 2868 717 2913 Hermia
738 2859 934 2902 Zozorneno
957 2878 964 2897 :
991 2874 1028 2898 ut
1052 2863 1156 2898 Nicae-

274 2931 316 2954 na
340 2920 420 2955 fides
442 2921 709 2962 confirmaretur,
735 2916 942 2961 decideretur
960 2914 1096 2957 quaestio
1116 2914 1158 2948 de

276 2970 476 3015 Episcopatu
503 2958 917 3013 Constantinopolitano,
942 2965 976 2999 δε
999 2965 1155 2999 Macedo-

275 3021 365 3054 niani
380 3021 530 3065 Ecclesiae
554 3021 744 3063 unirentur.
773 3017 955 3074 Gregorius
974 3015 1155 3050 Nazianze-

277 3072 383 3104 nusin
399 3071 545 3105 carmine
565 3070 607 3105 de
627 3070 696 3104 vita
716 3070 793 3109 sua,
819 3066 973 3102 meminit
994 3065 1094 3099 solius
1114 3065 1159 3099 se·

275 3120 391 3153 cundae
403 3114 525 3162 causae,
552 3120 665 3165 dicens
677 3119 716 3153 de
731 3118 895 3162 Synodo:
921 3121 990 3158 Coit
1012 3117 1133 3159 repente
1147 3139 1157 3157 ‚

273 3169 374 3211 firmet
383 3178 416 3202 ut
438 3170 576 3204 thronum
587 3169 682 3213 mibi.
708 3168 844 3218 Qibus
854 3166 959 3213 verbis
980 3165 1060 3201 duas
1075 3167 1156 3201 alias

277 3219 413 3263 quidam
432 3230 547 3262 putant
567 3219 721 3263 excludi.
749 3221 797 3253 At
820 3218 1001 3264 Gregorius
1021 3216 1158 3260 Presby-

278 3279 358 3309 ter,
384 3267 495 3302 &haec
511 3270 576 3312 ipsa
587 3261 771 3312 Synodus
763 3281 798 3303 in
810 3267 989 3309 Relatione
1011 3266 1052 3301 ad
1063 3267 1156 3310 Prin-

277 3320 385 3362 cipem
397 3317 513 3352 diserte
535 3319 580 3351 ait
595 3321 659 3353 sese
675 3319 720 3364 ob
740 3331 856 3354 omnes
868 3328 930 3353 tres
948 3318 1156 3353 convenisse.

329 3369 524 3413 Convenere
536 3368 689 3411 Episcopi
712 3369 937 3412 &orthodoxi
958 3367 1157 3403 <Sc-Macedo

277 3419 390 3452 niani.
419 3418 469 3452 Hi
481 3428 523 3452 ex
534 3417 604 3451 solo
618 3416 682 3450 fere
693 3410 936 3462 Hellesponto,
962 3419 1046 3453 intra
1057 3430 1154 3462 quem

276 3459 447 3523 praesertim
464 3460 555 3513 sparsi
567 3467 601 3502 ὅ(
613 3466 757 3502 conclusi
769 3490 781 3508 ,
807 3469 943 3513 triginta
969 3470 1024 3504 sex
1036 3493 1047 3511 ‚
1069 3468 1152 3505 duce

469 2669 705 2714 Episcopatum
741 2664 953 2700 confirmavit
991 2663 1158 2707 Gregorio
1202 2671 1205 2674 ’

1229 1458 1364 1494 Eleusio
1381 1460 1601 1507 Metropolita
1613 1462 1806 1507 Cyzicen03
1833 1462 1912 1499 istos
1924 1464 2019 1500 fuiffe
2039 1475 2113 1507 cem

1229 1518 1300 1543 tum
1322 1511 1493 1555 sexaginta
1516 1514 1569 1546 sex
1591 1513 1703 1558 scribit
1721 1513 1809 1558 apud
1829 1513 2020 1550 Photium
2010 1527 2051 1550 m
2060 1515 2115 1550 Bra
2132 1511 2162 1551 L·
2182 1512 2251 1548 ΗΒ,

1229 1558 1396 1595 bliotheca
1432 1561 1598 1595 Efremius
1632 1562 1869 1607 Antiochenus
1896 1566 2080 1609 Episcopus
2099 1589 2117 1606 2

1229 1609 1341 1650 verum
1361 1609 1446 1644 reste
1466 1610 1630 1653 Photius,
1657 1623 1695 1647 nt
1718 1624 1787 1647 rem
1809 1622 1963 1655 certam,
1989 1614 2110 1649 adserit

1228 1658 1323 1692 fuisse
1333 1659 1419 1693 solos
1440 1669 1575 1695 centum
1588 1662 1622 1695 ἀ
1635 1663 1900 1718 quinquaginta.
1926 1665 2110 1721 Gregorius

1228 1707 1495 1753 Nazianzenus,
1530 1711 1565 1744 in
1591 1710 1739 1745 carmine
1759 1711 1800 1745 de
1821 1711 1892 1746 vita
1909 1713 1989 1754 sua,
2013 1713 2078 1747 &¹
2069 1725 2109 1748 m

1227 1758 1296 1802 ejus
1319 1758 1384 1798 vita
1396 1758 1577 1805 Gregorius
1589 1760 1791 1804 Presbyter,
1816 1761 1910 1806 fuisse
1930 1760 2048 1797 dicunt
2069 1773 2110 1797 ex

1228 1815 1307 1849 omni
1329 1812 1532 1851 Romanorum
1553 1816 1932 1856 imper10,praeterquangs
1952 1823 1992 1850 ex
2013 1815 2110 1858 ὢν

1222 1867 1277 1901 pto
1303 1861 1338 1893 Θ
1356 1861 1483 1902 occiduis
1503 1862 1648 1903 partibus
1670 1886 1679 1894 .
1707 1862 1760 1895 Ex
1785 1863 1974 1907 Occidente
1995 1873 2110 1899 tamen

1227 1909 1353 1951 adfuit,
1379 1909 1468 1946 haud
1490 1911 1592 1947 dubie
1612 1923 1689 1946 cum
1712 1912 1946 1963 suffraganeis,
1972 1913 2111 1949 Sanetus

1227 1935 1391 2004 Acholius
1414 1953 1712 2006 Thessalonicensis
1738 1959 1943 2008 Episcopus
1944 1987 1958 2005 ,
1991 1963 2112 1998 Theo·-

1227 2001 1306 2055 dosii
1330 2011 1474 2056 Augusti
1497 2012 1703 2058 baptizator,
1729 2013 1764 2052 &
1783 2024 1826 2048 ex
1839 2013 1999 2071 AEgypro
2023 2015 2109 2058 post-

1227 2050 1365 2096 modum
1385 2063 1569 2107 supervenit
1590 2075 1668 2110 cum
1692 2063 1757 2104 suis
1778 2064 1813 2101 ὅ(
1834 2064 1933 2098 variis
1945 2061 2111 2108 Macedo·

1227 2104 1323 2157 nibus
1331 2112 1535 2158 Timotheus
1546 2113 1736 2152 Patriarcha
1745 2113 2010 2157 Alexandrinus.
2037 2113 2109 2157 Ad-

1226 2163 1316 2197 fuere
1336 2163 1490 2212 Episcopi
1512 2164 1704 2205 clariffimi·
1738 2163 1898 2208 Meletius
1921 2153 2109 2207 Antioche-

1227 2224 1307 2256 nus,
1336 2213 1516 2260 Gregorius
1534 2216 1786 2259 Nazianzenus,
1812 2214 1989 2258 Helladius
2002 2215 2105 2250 Caesa-

1226 2253 1374 2308 raeensts‘
1367 2275 1400 2298 ιιι
1428 2257 1639 2310 Cappadocia
1666 2289 1677 2306 ‚
1703 2264 1836 2307 Otrejus
1859 2264 2106 2308 Melitinensis,

1227 2304 1395 2350 Diodorus
1416 2314 1638 2357 Tharsensis,
1674 2313 1935 2358 Amphilochius
1955 2315 2109 2351 Iconieu·

1225 2365 1284 2406 sis,
1312 2365 1475 2412 Eulogius
1489 2366 1687 2409 Εὰείῐὲιιιις,
1715 2363 1860 2407 Aeacius
1879 2364 2106 2406 Berrheensis,

1225 2414 1422 2460 Gregorius
1428 2417 1599 2460 Nyssenus
1631 2439 1642 2456 ‚
1679 2414 1749 2457 ejus
1776 2415 1873 2449 frater
1907 2413 2022 2449 Petrus
2053 2415 2107 2450 Se-

1227 2465 1378 2500 bastenfis
1426 2490 1437 2507 ,
1483 2467 1518 2501 ὅ(
1555 2464 1704 2510 Cyrillus
1740 2464 2071 2507 Hierosolymitanus
2093 2487 2107 2505 ,
2144 2496 2151 2500 .

1225 2517 1399 2551 conversus
1410 2516 1451 2551 ad
1463 2528 1524 2550 nos
1535 2517 1553 2551 a
1565 2514 1838 2558 Macedonianis
1866 2512 2018 2549 Adfuis'se
2037 2525 2111 2550 cre·

1224 2566 1314 2610 ditur
1337 2567 1372 2602 &
1394 2567 1530 2602 Sanetus
1550 2567 1810 2609 Hieronymus,
1837 2564 1954 2619 utpote
1973 2563 2110 2608 auditor

1225 2616 1378 2661 Gregorii
1390 2618 1615 2652 Nazianzeni.

1274 2667 1422 2710 Adfuere
1441 2668 1474 2702 δε
1486 2668 1565 2709 alii,
1590 2666 1763 2711 dequibus
1784 2666 1889 2701 distus
1899 2664 2103 2716 Gregorius:

1225 2715 1427 2760 Dimiserunt
1418 2729 1465 2751 me
1475 2718 1514 2751 ab
1527 2718 1599 2752 urbe
1611 2729 1669 2751 non
1690 2718 1851 2750 admodum
1866 2724 2102 2760 repugnantem

1223 2770 1345 2811 ,Quippe
1357 2768 1467 2810 turptff
1466 2779 1547 2801 mum
1567 2778 1633 2811 erat
1645 2769 1760 2801 illorum
1780 2778 1827 2800 me
1845 2766 1920 2809 fidei
1939 2773 2104 2808 cauponum

1223 2824 1384 2851 innumero
1401 2818 1475 2862 effe,
1502 2830 1629 2862 quorum
1651 2819 1705 2852 alii
1729 2825 1849 2860 nepotes
1872 2826 1962 2849 erant
1983 2827 2104 2856 eorum,

1222 2873 1274 2910 qui
1297 2867 1475 2902 tributorum
1491 2867 1599 2917 scrlbae
1607 2867 1759 2910 fuerant,
1785 2867 1918 2901 &aliud
1941 2865 2020 2899 nihil
2037 2871 2105 2899 am-

1222 2930 1268 2950 mo
1289 2919 1487 2960 volvebant,
1514 2921 1606 2962 quam
1617 2916 1721 2965 falsas
1744 2919 1779 2951 ὁ·
1792 2915 1934 2961 subdolas
1952 2922 2105 2950 rationum

1223 2969 1457 3010 depravationes
1478 2981 1488 3011 ;
1515 2971 1571 3003 alii
1592 2963 1632 3002 ab
1659 2973 1774 3001 aratris
1797 2975 1948 3001 venerant
1967 2965 2063 3006 adusti
2080 2967 2104 2998 ὰ

1220 3017 1302 3060 sole;
1329 3020 1383 3052 alii
1395 3020 1522 3071 aligone
1548 3021 1583 3064 ό·
1596 3019 1716 3060 bidente
1725 3027 1820 3059 totum
1839 3018 1920 3050 diem
1939 3028 2000 3050 non
2022 3021 2104 3059 quie·

1218 3067 1319 3111 flente
1331 3081 1346 3110 ,·
1372 3071 1426 3102 alti
1446 3081 1541 3113 remos
1563 3094 1574 3110 ‚
1602 3066 1805 3116 exercitusque
1825 3069 2032 3110 reliquerant,
2055 3074 2103 3098 re·

1223 3120 1354 3152 dolentes
1365 3118 1465 3153 adhuc
1473 3118 1626 3162 sentinam
1639 3145 1649 3159 ,
1674 3120 1726 3154 vel
1735 3126 1838 3161 corpus
1852 3117 2008 3159 foedatum
2025 3119 2099 3148 cica-

1223 3169 1346 3202 tricibus
1368 3169 1513 3211 habentes
1533 3195 1544 3211 ,
1577 3171 1683 3213 populi
1703 3165 1919 3213 gubernatores
1952 3167 1987 3200 θ’
2009 3164 2098 3196 lucet

1222 3220 1373 3261 militum,
1400 3225 1453 3262 qui
1476 3231 1513 3253 ne
1534 3220 1689 3255 minlmum
1709 3220 1829 3262 quidem
1850 3215 1997 3270 conceffml
2011 3213 2097 3245 vide-

1221 3278 1324 3313 rentur
1346 3283 1356 3314 :⁸
1392 3271 1541 3313 Nonnulli
1582 3277 1675 3305 etiam
1696 3268 1900 3313 opificiorum,
1933 3274 2001 3307 quae
2019 3268 2099 3303 ΨΜ

1221 3325 1318 3363 {gnem
1339 3328 1445 3362 operas
1462 3319 1540 3364 suas
1557 3321 1698 3365 perficere
1720 3326 1895 3362 nequeunt,
1906 3319 2031 3357 gnari,
2060 3322 2099 3346 ne

1213 3369 1375 3414 fuIIginem
1387 3373 1507 3413 quidem
1523 3378 1624 3405 carnis
1627 3371 1751 3416 integre
1770 3368 1953 3405 abluerant,
1975 3363 2098 3407 flagrw‘

1220 3431 1295 3460 nes,
1317 3434 1347 3454 αι
1345 3419 1494 3463 pistrinis
1506 3423 1610 3465 digni.
1636 3422 1674 3455 ln
1685 3418 1827 3454 carmine
1841 3414 1882 3449 de
1894 3415 1961 3447 vita
1973 3414 2028 3447 sua
2039 3422 2099 3447 eos
2135 3440 2145 3450 ,
2157 3438 2166 3443 ,,

1221 3481 1315 3506 vocat
1336 3471 1466 3507 turbam
1491 3471 1699 3526 graculorum
1722 3491 1733 3509 2
1759 3472 2098 3552 catetvanislmiessum

1924 3525 1981 3549 ιιιιι
1996 3523 2049 3555 em
