2346 3776
383 131 453 168 ιμ
827 98 1271 153 D1SSERTAT10

387 196 424 220 ae
435 179 728 227 eisdemfiibfcribere
739 196 754 227 3
781 186 839 218 Alii
845 186 968 228 penitus
987 183 1166 227 adversariz
1193 190 1258 218 Ma-

383 235 466 266 xime
488 235 560 266 verb
583 240 711 268 omnium
733 234 881 278 Eusebius
898 234 1129 276 Nicomediensis
1139 234 1257 279 Episco-

370 291 440 325 1pus
454 284 497 314 ad
516 283 708 326 diffi’nfionem
727 291 848 318 incitari
866 310 877 326 ‚
903 287 983 329 quod
1002 287 1170 319 Alexander
1190 288 1255 327 ejus

377 331 562 376 vomensuis
577 337 691 368 Literis
708 336 838 379 gravius
854 336 1081 378 perstrinxerat.
1109 340 1205 378 Atque
1225 347 1256 368 eo

380 392 511 425 tempore
523 383 673 428 Eusebius
679 387 842 427 plurimum
848 395 968 429 poterat
989 410 1000 426 ‚
1026 387 1106 428 quod
1113 396 1183 420 tunc
1195 390 1230 419 N
1233 392 1257 418 i-

381 435 518 468 comediae
533 459 543 475 ‚
562 435 612 469 ubi
622 437 824 470 Diocletianus
831 438 923 479 paul&
934 438 1007 470 anti
1020 438 1174 471 Palatium
1184 436 1255 469 aedi-

369 484 488 534 ficarat
507 510 518 526 ,
554 490 719 528 Imperator
743 484 930 530 versabatur.
968 486 1013 519 ob
1024 499 1114 529 quam
1131 485 1256 529 cauffam

378 536 467 568 multi
477 534 617 579 Episcopi
621 544 791 579 paruerunt
810 535 935 580 Eusebii
955 539 1125 571 Sententiae.
1153 540 1185 567 Is
1202 547 1256 567 au-

377 594 462 625 lem,
488 585 606 628 tametst
611 588 656 620 ad
673 588 877 621 Alexandrum
900 590 1022 620 Literas
1044 585 1173 629 firibere
1196 597 1254 617 non

376 635 489 676 destitit
500 660 510 676 ‚
537 646 570 670 ut
578 636 812 679 Controversiam
823 643 901 670 inter
920 635 998 679 ipsos
1023 645 1119 668 ortam
1139 634 1252 677 miffam

370 685 510 733 faceret,
537 687 842 731 Ariumqueeumsuis
858 693 890 720 in
912 684 1069 727 Ecclefiam
1090 691 1252 727 reciperet;

378 739 459 770 Alios
471 746 573 771 tamen
582 762 593 778 ,
601 734 655 782 qui*
663 740 742 772 alias
750 734 881 780 quasque
894 739 1053 768 Civitates
1066 735 1232 768 incolebant
1240 758 1251 774 ,

371 787 551 824 exhortatus
562 787 601 829 est
619 813 630 828 ‚
659 797 694 821 ut
713 787 879 820 Alexandri
898 785 1049 817 voluntati
1070 786 1196 826 prorsus
1207 795 1251 817 re-

367 838 579 882 fragarentur.
599 839 683 870 Unde
692 837 835 870 tumultus
847 841 951 877 ingens
963 833 1108 877 nusquam
1119 846 1176 868 non
1186 846 1251 867 con-

373 894 487 922 onatus
498 886 543 927 est.
564 891 652 919 Nam
662 887 765 919 videre
772 884 878 918 licebat
887 895 948 917 non
963 886 1046 917 moda
1057 884 1251 926 Eeclefiarum

374 935 522 978 Praefides
534 936 684 970 maledicis
698 937 732 969 (θ’
749 933 954 976 contumeliosis
978 934 1081 969 verbis
1099 936 1192 969 alium
1213 935 1251 967 ab

369 988 591 1026 alioversum,
616 986 824 1019 verumetiam
843 985 949 1027 Populi
974 986 1196 1018 multitudinem
1220 991 1251 1017 in

371 1037 453 1070 duas
459 1043 568 1077 partes
580 1037 765 1078 diremptam
778 1060 789 1076 ,
814 1046 941 1078 quaeum
950 1036 1046 1072 altera
1065 1041 1098 1069 in
1119 1035 1224 1068 borum
1241 1059 1251 1074 ‚

373 1087 473 1119 altera
481 1090 516 1118 in
535 1086 653 1120 illorum
669 1088 855 1119 sententiam
875 1087 1045 1119 inelinavit.
1084 1090 1190 1127 Itaque
1202 1096 1250 1118 res

368 1135 414 1176 ,est
434 1138 466 1169 εό
487 1137 589 1179 usque
601 1134 724 1179 sceleris
748 1137 783 1170 Q·
807 1137 1006 1178 turpitudinis
1027 1134 1193 1179 prolapsa,
1220 1143 1253 1168 ut

374 1185 547 1226 christiana
554 1187 667 1230 Religio
674 1187 783 1228 palam
794 1192 826 1219 in
838 1184 906 1228 ipsis
916 1186 1103 1220 Gentilium
1111 1185 1252 1219 Theatris

372 1242 506 1270 omnium
527 1235 654 1278 irr-ist'one
675 1238 835 1270 luderetur.
863 1236 978 1279 Itaque
991 1235 1253 1270 Nicomediensis

371 1286 557 1326 Eusebius,
581 1297 620 1334 ac
631 1286 729 1330 ipsius
747 1297 802 1329 per
824 1287 1000 1321 Orientem
1022 1286 1253 1334 Congerrones

371 1334 532 1381 Episcopi
547 1334 709 1373 advenam
722 1335 844 1370 Arium
853 1361 866 1377 ‚
891 1347 929 1370 ac
940 1335 1009 1379 ejus
1019 1336 1176 1381 Collegas
1186 1336 1252 1378 jux-

371 1396 408 1420 ta
420 1387 576 1421 Canones
587 1386 787 1421 admiserunt
798 1386 832 1420 in
851 1386 1057 1431 peregrinam
1081 1385 1251 1420 dumtaxat

371 1436 659 1476 communionem
681 1461 692 1481 2
726 1436 839 1472 conati
860 1437 935 1473 sunt
961 1436 1088 1480 placare
1108 1436 1253 1473 Alexan-

367 1486 469 1521 drum
482 1511 492 1527 ‚
517 1487 551 1521 δε
564 1487 620 1529 ipsi
630 1486 860 1523 reconciliatos
882 1485 1026 1520 Arianos
1045 1486 1078 1519 in
1102 1485 1252 1520 Gradum

368 1547 538 1582 reponere.
567 1536 646 1570 Hoc
658 1535 827 1570 studuit&
839 1536 906 1579 ipse
917 1535 1084 1570 Eusebius.
1107 1534 1253 1569 Alexan-

371 1585 434 1623 dro
445 1585 565 1629 scripsit
578 1585 635 1621 has
645 1586 736 1619 Lites
746 1597 815 1619 non
835 1585 877 1619 ad
900 1585 1072 1619 immobile
1095 1583 1252 1620 Christia-

372 1637 489 1671 nitatis
499 1636 657 1680 Dogma,
683 1635 738 1669 sed
748 1634 936 1679 spe-starent!
955 1634 1072 1670 liberas
1092 1634 1252 1681 Qiaestio-

371 1697 453 1727 ¹tues,
478 1685 561 1719 circa
574 1686 656 1728 ipsas
668 1695 935 1728 unumquemque
952 1685 1040 1728 posse
1060 1684 1204 1729 permitti
1217 1685 1251 1718 in

373 1737 536 1771 suosensu
551 1759 562 1776 ,
588 1735 728 1778 ideoque
749 1734 892 1769 Arianos
913 1734 958 1769 ob
970 1734 1044 1769 illas
1065 1745 1135 1769 non
1158 1734 1253 1769 fuisse

371 1785 586 1822 damnandos.
615 1784 696 1828 Ejus
715 1784 757 1820 ad
779 1784 1007 1819 Alexandrum
1019 1785 1134 1818 Literae
1146 1784 1249 1818 latent

373 1846 430 1871 aut
441 1837 614 1879 perierunt.
632 1834 743 1879 Apud
763 1834 1018 1869 Ecclefiasticam
1038 1832 1248 1868 Theodoreti

374 1886 559 1920 Historiam
567 1884 671 1919 exstat
682 1884 750 1928 ejus
760 1884 801 1918 ad
811 1884 992 1919 Paulinum
1013 1883 1102 1927 Tyri
1123 1883 1251 1919 Metro·

372 1936 513 1981 politam
526 1935 674 1979 Epistola
688 1960 699 1976 ,
721 1935 754 1968 in
768 1945 832 1978 qua
842 1934 982 1979 exponit
996 1932 1160 1970 Arianum
1169 1932 1251 1978 dog-

329 2013 338 2024 .
371 1998 427 2022 ma
445 2011 456 2027 ‚
467 1995 566 2030 atque
578 1985 728 2030 adjungit
739 1998 750 2021 .·
766 1987 856 2028 ,Quas
867 1989 997 2021 rationes
1007 1995 1072 2018 cum
1082 1989 1230 2026 acceperis
1243 2007 1253 2023 ,

331 2056 338 2065 ·
372 2036 432 2081 eas
427 2048 485 2079 que
489 2044 548 2078 pro
552 2041 659 2079 gratia
671 2059 682 2075 ,
692 2046 759 2077 quae
769 2035 824 2068 tibi
836 2021 987 2069 divinitu]
994 2033 1131 2077 suppetit
1145 2057 1156 2074 ,
1166 2041 1254 2074 expo-

372 2089 483 2123 liveris
497 2110 507 2127 ‚
533 2095 612 2121 acus
622 2088 746 2118 Domino
755 2096 816 2118 meo
832 2085 1003 2118 Alexandro
1010 2082 1138 2126 scribas.
1165 2087 1253 2116 Nam
1271 2115 1273 2117 ,

368 2133 547 2182 persuasum
555 2134 669 2175 haheo,
693 2133 721 2179 fi
726 2136 769 2168 ad
778 2135 862 2171 illum
866 2131 1029 2178 scripseris
1038 2156 1050 2175 ‚
1079 2142 1108 2167 te
1129 2144 1196 2168 eum
1210 2133 1254 2168 ,de

371 2190 527 2223 Sententia
537 2186 742 2220 deduaeurum.
767 2186 841 2220 Nec
852 2185 899 2220 est
911 2183 1132 2219 dubitandum
1143 2208 1153 2224 ‚
1172 2184 1252 2228 quin

372 2238 452 2273 talia
475 2236 516 2272 ad
536 2236 620 2272 alios
639 2236 808 2280 scripserit.
837 2234 939 2272 Haud
955 2233 1056 2270 dubie
1077 2234 1252 2278 postquam

373 2288 457 2326 vidit
467 2288 499 2322 se
510 2287 616 2331 sperni
636 2285 671 2321 <Sc
691 2284 1024 2321 nullatenusattendi
1042 2283 1084 2318 ab
1108 2283 1253 2318 Alexan·

372 2338 442 2373 dro.
469 2337 518 2372 At
529 2336 605 2371 vide
613 2336 766 2373 dolosum
777 2337 810 2374 δε,
820 2335 980 2372 versatile»
991 2333 1140 2369 hominis
1162 2334 1253 2378 inge-

374 2389 478 2422 nium.
492 2385 607 2421 Altera
620 2387 851 2431 aquam‚altera
862 2398 963 2420 manu
976 2385 1117 2428 portavit
1129 2383 1251 2428 ignem.

373 2437 511 2474 Etenim
519 2436 713 2471 sibi-illatam
723 2437 765 2471 ab
788 2436 976 2480 Encyclicis
998 2433 1180 2470 Alexandri
1199 2433 1253 2467 Li-

374 2487 451 2522 teris
465 2487 636 2519 infamiam
645 2486 857 2521 dissimulavit
866 2497 905 2520 ac
918 2485 1042 2521 sorbuit
1054 2508 1066 2524 ‚
1092 2494 1190 2527 atque
1199 2494 1252 2527 per

374 2536 536 2571 officiosas
548 2535 672 2571 Literas
682 2536 804 2570 studuit
816 2536 912 2570 illum
924 2535 965 2570 ad
975 2534 1106 2569 mitiora
1126 2532 1251 2567 Placita

374 2584 551 2620 traducere.
576 2584 625 2619 At
636 2586 712 2620 vero
725 2586 842 2619 eodem
853 2596 1000 2628 tempore
1011 2595 1127 2620 omnes
1137 2594 1252 2617 nervos

373 2634 540 2679 impendit
561 2634 603 2671 ad
624 2636 702 2670 suos⁴
723 2636 797 2669 Con
802 2646 954 2679 gerrones
964 2632 1190 2669 distrahendus
1210 2632 1252 2668 ab

375 2684 572 2722 Alexandro
583 2708 594 2724 ,
621 2685 654 2721 δε
664 2686 698 2718 in
708 2685 814 2728 ipsum
829 2683 1051 2718 obstinandos.

427 2735 576 2782 Qaestio
585 2734 632 2768 est
644 2748 653 2767 ⁴.
669 2736 818 2783 Qinam
832 2734 985 2778 Episcopi
999 2733 1082 2766 Ario
1093 2732 1233 2767 faverint
1242 2755 1252 2771 ‚

377 2785 516 2829 quinam
528 2785 648 2819 fuerint
659 2785 820 2819 aversati?
832 2785 965 2819 sanstus
978 2780 1162 2818 Patriarcha
1176 2781 1252 2814 Ale-

377 2835 506 2870 xander
515 2834 556 2870 de
567 2832 629 2869 hac
640 2846 673 2870 re
684 2835 805 2878 scripsit
817 2834 858 2869 ad
871 2835 1015 2868 sanctum
1025 2831 1252 2867 Alexandrum

377 2885 583 2928 Episcopum
605 2884 1017 2928 Constantinopolitanum
1030 2896 1042 2917 .-
1069 2880 1177 2924 Nesao
1198 2892 1254 2922 quo

374 2935 465 2980 padio
483 2941 515 2968 in
539 2938 622 2974 syria
643 2937 775 2969 udmari
795 2933 937 2977 Epifhopi
952 2940 1018 2966 'tres
1040 2956 1051 2972 ‚
1085 2933 1156 2965 dum
1168 2931 1230 2963 illis
1243 2954 1253 2970 ,

381 2983 516 3019 Arianis
527 3009 538 3025 ,
556 2994 695 3019 annuunt
706 3010 716 3026 ‚
737 2991 769 3018 in
776 2987 867 3027 pejus
880 2984 1076 3025 inflammant.
1106 2981 1174 3015 Eos
1185 2991 1251 3014 non

381 3035 547 3068 nominat.
565 3036 633 3069 Eos
645 3036 680 3069 in
691 3036 823 3075 Literis,
834 3033 920 3078 apud
932 3031 1191 3076 S.Epiphanium
1204 3041 1253 3064 ex—

383 3083 543 3118 stantibus
553 3109 564 3123 ‚
588 3084 630 3119 ad
641 3084 820 3119 Eusebium
843 3082 1130 3120 Nicomediensem
1150 3079 1256 3115 nomi-

248 3147 349 3183 umes
383 3143 442 3167 nat
457 3133 525 3175 ipse
534 3133 634 3167 Arius
649 3148 655 3166 :
683 3138 836 3177 ‚Quoniam
846 3132 993 3177 Eusibius
997 3132 1102 3175 frater
1111 3140 1179 3165 tuus
1190 3134 1256 3163 Cae-

247 3194 350 3227 §9.c.6.
381 3179 491 3224 farceae
503 3207 514 3222 ,
539 3184 573 3216 <9⁶
584 3183 752 3225 Theodofius
764 3209 774 3224 ,
787 3186 821 3218 (⁴2⁸
831 3186 979 3217 Paulinus
994 3207 1004 3223 ‚
1015 3185 1049 3218 <ar
1062 3178 1235 3221 Athanafius
1244 3203 1255 3219 ‚

386 3232 420 3264 Θ
435 3234 592 3274 Gregorius
604 3256 614 3271 ,
641 3234 675 3265 ὁ·
688 3238 788 3266 Aetius
802 3258 812 3274 ‚
830 3236 865 3269 (ς
877 3235 1042 3267 Orientale-s
1053 3241 1152 3271 omnes
1161 3233 1255 3263 Deum

386 3278 598 3322 adserumfine
610 3283 670 3313 ullo>
675 3289 821 3324 principio
829 3294 898 3316 ante
909 3285 1022 3316 Filium
1034 3280 1173 3322 existere,
1182 3291 1254 3311 ana-

388 3329 520 3363 themate
531 3330 715 3363 damnamur
726 3356 736 3371 ‚
744 3341 862 3372 excepto
873 3333 1040 3377 Philogonio
1053 3356 1062 3371 ‚
1089 3331 1236 3364 Hellanico
1245 3353 1255 3368 ,

387 3383 522 3412 Macaria
541 3383 700 3412 Haereticis
712 3404 723 3419 ‚
748 3392 782 3413 ac
801 3383 1035 3415 rudimentorum
1051 3381 1122 3424 fidei
1141 3385 1254 3424 ignarae

388 3428 554 3464 bominibus
567 3452 578 3468 ,
605 3434 657 3470 qui
669 3431 779 3462 Filium
787 3433 903 3470 partim
916 3433 1143 3465 Eruc‘lationem
1154 3454 1164 3470 ,
1184 3437 1255 3471 par-

384 3481 446 3518 eim
456 3482 624 3528 Ingenitam
646 3479 870 3516 Produdlionem
892 3483 1055 3525 appellant.
1093 3480 1255 3518 Adfirmat

1320 99 1740 160 Pnoammms.

1320 187 1376 222 sibi
1387 187 1544 226 adhaerere
1552 203 1669 226 omnes
1679 193 1865 229 Orientales
1877 194 2067 240 Episcopus,
2080 201 2193 243 prefer·

1320 238 1380 286 tim
1393 249 1503 274 tamen
1514 240 1580 283 jam
1593 244 1756 285 expressos
1764 257 1780 287 ,·
1797 244 1830 278 ὃς
1841 245 1928 279 solos
1940 241 2005 281 tres
2014 246 2071 281 fibi
2083 249 2191 284 adver-

1321 287 1388 322 sari.
1417 290 1567 324 Eandem
1576 291 1756 334 Epistolam
1767 295 1828 328 suae
1839 296 2068 331 Ecclesiasticae
2079 299 2191 335 Histo-

1321 339 1370 372 riae
1380 340 1515 374 inseruit
1525 338 1770 385 Theodorecus,
1778 344 1812 379 &
1821 345 1940 389 adjecit
1950 348 2103 382 omnium
2115 348 2193 384 isto-

1312 397 1388 424 rum
1400 390 1637 434 Episcoporum
1649 391 1747 427 Sedes
1757 407 1768 428 .-
1793 398 1849 428 Ex
1859 402 1898 428 iis
1913 421 1922 436 ‚
1950 409 2022 439 quos
2034 398 2135 432 Arius
2144 410 2190 433 re·
2209 388 2270 421 Lib·
2301 399 2328 422 ¹·

1317 438 1427 482 consult
1437 464 1449 480 ,
1476 449 1543 474 erat
1552 439 1697 484 Eusebius
1711 442 1876 486 Epist-opus
1887 446 2048 490 Caesaraeae
2062 472 2072 487 ‚
2099 448 2191 482 Tbeo-
2204 437 2270 469 αρ’
2279 441 2308 467 ⁴⁰

1318 490 1403 536 flotus
1415 491 1580 524 Laodicaeae
1591 515 1602 531 ‚
1629 492 1774 525 Paulinus
1796 497 1864 534 Tm
1873 521 1884 536 ‚
1912 493 2091 540 Athanafius
2107 503 2189 532 Ana-

1316 539 1412 580 zarbi,
1423 543 1584 584 Gregorius
1595 543 1709 581 Beryti,
1720 542 1755 575 o·
1764 540 1870 578 vAetius
1881 547 1995 585 Lyddae
2004 547 2188 592 Episcopus.

1316 590 1421 628 Lydda
1431 599 1532 624 autem
1541 595 1664 624 civitas
1675 590 1714 629 ell
1723 615 1735 632 ,
1762 604 1830 634 quae
1840 606 1917 629 nunc
1935 599 2106 639 appellatur
2117 602 2189 631 Dio-

1309 637 1410 682 spoils.
1438 644 1498 673 Hos
1510 643 1577 685 erge
1588 639 1749 684 consentire
1752 641 1808 683 stZi
1812 645 2000 687 gloriabatur
2010 651 2111 682 Arius:
2128 649 2189 681 Ad-

1313 687 1459 732 versarlos
1489 694 1561 724 vere
1593 698 1762 725 nominavit
1794 692 1997 738 philogonium
2023 697 2188 732 Antiochia·

1315 738 1475 782 Praefidem
1486 764 1497 780 ,
1524 742 1559 775 Θ
1569 743 1755 776 Hellanicum
1765 745 1894 785 Tripolis
1902 769 1913 785 ,
1937 746 1973 779 &⁵
1984 745 2188 789 Hierofhlymo-

1312 800 1379 822 rum
1399 793 1565 824 Macarium
1586 816 1597 831 ‚
1614 790 1733 835 falfiim
1753 791 1802 826 bis
1825 800 1936 827 crimen
1961 800 2134 840 impingens
2153 799 2192 831 εδ

1314 840 1392 881 quod
1397 840 1510 873 Filium
1519 842 1656 875 dixerint
1667 852 1815 877 aeternum
1826 868 1838 884 ,
1855 845 1891 878 Θ
1900 854 1972 879 ante
1978 843 2092 888 saecula
2104 870 2115 886 ,
2127 848 2192 879 Pa-

1313 895 1409 931 trique
1420 888 1524 924 honore
1538 900 1647 934 parem
1655 915 1666 932 ,
1693 894 1728 927 61·
1754 892 2049 937 consubstantialem.
2079 897 2193 944 Qem

1315 937 1518 983 Epiphanius
1525 940 1754 977 Theodosium
1767 967 1779 984 ‚
1799 943 2036 980 Tbeodoretus
2045 946 2194 990 appellat

1314 987 1543 1024 Theodotum.
1568 992 1637 1026 Hic
1648 992 1694 1038 est
1717 993 1775 1028 ille
1796 992 1999 1030 Theodotus
2008 1020 2020 1037 ‚
2043 996 2100 1031 cui
2123 997 2196 1031 suc-

1315 1039 1402 1073 ceffit
1413 1040 1583 1074 sceleratus
1599 1041 1772 1087 Georgius.
1809 1044 1898 1079 lnter
1917 1045 2104 1081 orientales
2116 1045 2196 1090 Epi-

1315 1090 1431 1132 scopos
1442 1113 1454 1130 ,
1479 1089 1522 1125 ad
1544 1101 1627 1134 quos
1649 1093 1826 1135 postmodo
1845 1095 1966 1140 scripsit
1977 1092 2104 1130 sanctus
2115 1093 2196 1130 Ale-

1317 1138 1438 1173 xander
1451 1163 1463 1179 ‚
1473 1139 1599 1173 sanstus
1611 1140 1821 1183 Epiphanius
1829 1143 1960 1187 insuper
1972 1155 2124 1180 numerat
2133 1144 2197 1180 As-

1314 1189 1458 1233 clepium
1469 1188 1653 1224 Gazensem
1665 1213 1676 1230 ‚
1702 1189 1899 1236 Longinum
1912 1190 2194 1236 Ascalone'nstm

1315 1239 1504 1273 Macrinum
1516 1238 1739 1282 Jamniensem
1750 1265 1762 1281 ‚
1784 1242 1819 1276 δε
1829 1243 2006 1278 Zenonem
2029 1243 2197 1288 quendam

1315 1288 1504 1333 Antiquum
1514 1288 1604 1332 Tyri
1617 1290 1828 1334 Episcopum.
1856 1293 2011 1328 Gazenfis
2022 1293 2200 1340 Asclepius

1315 1337 1378 1375 fuit
1388 1337 1665 1374 constantiffimus
1675 1341 1821 1374 veritatis
1833 1342 1940 1387 pugil.
1969 1343 2050 1386 Ejus
2058 1344 2199 1380 virtutes

1314 1400 1482 1433 exponam
1501 1387 1542 1423 ad
1562 1388 1737 1432 synodum
1762 1390 1997 1428 Sardicensem.
2035 1393 2198 1438 Ejusdem

1316 1440 1445 1483 pietatis
1455 1440 1633 1474 Sestatores
1642 1439 1785 1474 omnino
1796 1441 1896 1476 etiam
1913 1444 2048 1477 fuerunt
2065 1443 2199 1489 Longi-

1315 1501 1376 1523 nus
1386 1490 1421 1524 &
1431 1489 1609 1523 Macrinus.
1621 1489 1735 1525 Etiam
1745 1490 1874 1526 Zenon.
1895 1492 2033 1528 Etenim
2042 1492 2085 1528 ad
2092 1488 2198 1538 ipsos,

1316 1539 1365 1574 uti
1376 1538 1416 1574 ad
1428 1539 1575 1574 veritatis
1587 1539 1751 1576 Patronos
1771 1542 1892 1586 scripsit
1915 1542 2114 1578 Alexander.
2142 1542 2196 1578 It&

1317 1589 1425 1633 palam
1436 1589 1547 1623 innuit
1556 1588 1771 1634 Epiphanius.
1784 1591 1858 1626 Nec
1868 1591 1971 1627 ob-est
1981 1617 1992 1633 ,
2005 1592 2096 1637 quod
2108 1593 2198 1628 'mter

1315 1651 1371 1673 eos
1393 1649 1542 1674 numeret
1564 1639 1600 1673 ἀ
1623 1639 1864 1676 Caesaraeensem
1893 1642 2084 1678 Eusebium.
2122 1643 2197 1678 Hie

1315 1689 1404 1723 enim
1415 1713 1425 1729 ,
1452 1688 1530 1723 licet
1542 1687 1627 1724 Ario
1637 1691 1760 1725 faveret
1769 1716 1781 1732 ,
1806 1692 1930 1736 semper
1949 1692 2167 1737 vulpemegit
2181 1713 2198 1733 ,

1316 1740 1429 1773 fovens
1439 1749 1610 1782 utramque
1619 1744 1751 1782 partem.
1774 1741 1825 1775 Ita
1836 1741 1960 1784 patebit
1968 1753 2010 1776 ex
2017 1742 2089 1785 eius
2098 1741 2195 1777 Astis

1314 1789 1350 1822 in
1362 1789 1499 1822 Nicaena
1523 1788 1672 1831 Synodo.
1699 1789 1831 1824 Zenoni
1853 1791 2001 1826 suceeffit
2018 1790 2194 1827 Paulinus.

1315 1837 1359 1873 Et
1371 1836 1450 1872 hinc
1461 1837 1547 1873 lucet
1559 1837 1705 1872 Nicaenae
1713 1838 1841 1882 Synodi
1852 1841 2194 1885 subscriptionemque

1314 1888 1347 1923 ἃ.
1359 1884 1449 1921 hunc
1460 1887 1634 1922 Zenonem
1646 1886 1770 1924 habent
1781 1914 1792 1930 ‚
1819 1892 1881 1924 esse
1890 1891 2030 1926 vitiatas.
2057 1891 2195 1925 Etenim

1314 1936 1369 1972 hic
1381 1937 1499 1971 Zenon
1511 1946 1588 1972 ante
1601 1937 1772 1973 Nieoenam
1783 1937 1964 1983 ‘Synodum
1985 1940 2112 1976 obierat
2122 1964 2135 1981 ,
2159 1941 2195 1976 δε

1316 1986 1458 2022 habebat
1470 1987 1680 2022 successorem
1692 1987 1880 2024 Paulinum.
1904 1991 1949 2024 Et
1958 1989 2016 2025 hic
2025 1991 2134 2025 forsan
2145 1990 2193 2026 est

1315 2048 1400 2071 unus
1408 2036 1545 2072 istorum
1556 2037 1657 2072 trium
1667 2038 1825 2082 Syrorum
1835 2064 1848 2080 ,
1871 2039 1916 2075 de
1936 2040 2061 2084 quihus
2075 2040 2196 2088 scripsit

1315 2088 1344 2123 S.
1359 2086 1568 2122 Alexander:
1594 2085 1703 2132 Neftlo
1721 2100 1778 2132 quo
1793 2089 1883 2134 paHo
1902 2091 2044 2124 ordinati.
2069 2090 2196 2125 Forsan

1316 2150 1356 2174 ex
1368 2148 1450 2174 tunc
1462 2137 1581 2174 Arsani
1592 2150 1754 2182 caeperunt
1765 2139 1927 2174 scabiosos
1939 2141 2121 2184 Episcopos
2145 2139 2196 2174 in·
2208 2156 2211 2159 v

1316 2188 1452 2223 trudere.
1481 2188 1564 2222 Ario
1575 2188 1797 2224 infestiffimus
1807 2188 1910 2224 hostis
1917 2190 1982 2224 fuit
2001 2191 2104 2225 etiam
2123 2191 2196 2225 san-

1316 2239 1384 2272 ctus
1405 2238 1573 2272 Eustatius
1594 2238 1764 2273 Beraeenfis
1788 2239 1971 2284 Episcopus
1990 2264 2001 2280 ,
2034 2238 2198 2275 successor

1317 2286 1578 2322 Nicomediensis
1590 2287 1731 2322 Eusebii.
1753 2287 1940 2334 Tantarum
1952 2289 2116 2327 virtutum
2125 2289 2195 2329 vir,

1317 2349 1352 2372 ut
1365 2338 1471 2380 ipsum
1492 2338 1628 2372 Nicaena
1650 2338 1805 2380 synodus
1827 2339 1863 2372 in
1883 2339 1984 2373 sanffi
1996 2337 2198 2384 Philogonii

1316 2387 1402 2431 apud
1414 2388 1446 2420 se
1457 2386 1603 2422 defun'ffl
1613 2386 1726 2422 locum
1746 2388 1860 2423 crearit
1882 2387 2105 2424 Patriareham
2122 2387 2199 2423 An·-

1316 2435 1510 2472 tiochenum
1520 2461 1531 2477 ,
1555 2436 1760 2473 duriffimum
1768 2449 1807 2473 ac
1818 2441 2011 2482 perpetuum
2021 2438 2198 2484 flagellum

1317 2486 1449 2521 Arianae
1459 2486 1646 2530 impietatis.
1675 2487 1744 2521 Cur
1754 2488 1788 2522 &
1800 2489 1908 2531 ipsum
1931 2488 2034 2522 Arius
2046 2498 2118 2523 non
2128 2499 2200 2523 ·ex-.

1316 2537 1456 2581 presserit
1467 2561 1477 2577 ‚
1503 2537 1634 2582 ignoro.
1660 2538 1782 2571 Forsan
1793 2538 1871 2581 quia
1882 2538 2100 2573 tantoHeroi
2122 2548 2199 2573 non

1317 2587 1509 2630 praesumpfit
1520 2586 1723 2623 maledicere.
1752 2588 1806 2623 Ex
1825 2587 1895 2630 ejus
1918 2586 2110 2622 fautoribus
2125 2587 2199 2632 qui-

1316 2637 1392 2671 dam
1403 2635 1560 2672 videntur
1567 2636 1636 2680 post
1642 2636 1743 2673 modo
1751 2637 1905 2672 conversi.
1925 2637 2064 2673 Etenim
2074 2635 2196 2672 Aetius

1316 2685 1690 2731 Lyddenfis,Greg0rius
1702 2685 2102 2729 Berytenfis,Theodotus
2112 2687 2197 2722 Lm·

1316 2735 1455 2771 dicenfis
1470 2759 1479 2773 ‚
1506 2746 1544 2770 ac
1558 2735 1717 2771 Eusebius
1730 2735 1939 2773 Caesaraeenfis
1948 2734 2196 2785 leguntutfitb-

1318 2786 1431 2829 scripti
1442 2784 1478 2818 N
1479 2787 1586 2819 icaenae
1598 2786 1748 2829 synodo.
2084 2803 2086 2806 ·

1366 2834 1529 2870 Advestus
1551 2835 1631 2880 ergo
1654 2836 1690 2870 in
1711 2835 1909 2872 Palestinam
1927 2835 2037 2873 Arius·
2052 2835 2195 2872 tentavit

1318 2885 1424 2920 ist-hic
1434 2896 1550 2919 omnes
1562 2886 1763 2935 Episcopos,
1774 2887 1808 2922 &
1820 2887 1856 2921 in
1867 2888 1941 2922 suas
1951 2896 2055 2932 partes
2062 2885 2194 2921 seduxit

1320 2935 1499 2970 Eusebium
1512 2934 1751 2971 Caesaraeensem
1762 2937 2014 2982 Metropolitum
2026 2959 2037 2975 ‚
2062 2946 2102 2970 ac
2121 2935 2194 2978 ejus

1319 2986 1556 3030 suffraganeum
1568 2984 1704 3020 Aetium
1714 2986 1933 3030 Lyddensem·.
1956 2985 2051 3021 Hinc
2061 2984 2143 3019 abiit
2154 2986 2194 3020 in

1320 3035 1491 3078 Syriam‚&
1499 3035 1567 3068 illic
1577 3035 1705 3070 seduxit
1714 3035 1934 3072 Theodotum
1942 3034 2193 3070 Laudicensem.

1321 3086 1413 3120 Hinc
1423 3085 1504 3119 abiit
1515 3086 1550 3120 in
1563 3084 1764 3120 Phaeniciam
1776 3111 1787 3127 ,
1798 3086 1907 3121 &illic
1918 3086 2090 3119 Zenonem
2102 3084 2195 3128 Tyri

1319 3135 1572 3179 Metropolitam
1583 3136 1772 3177 tentavit‚ac
1783 3135 1909 3171 seduxit
1920 3134 2119 3178 Gregorium
2130 3135 2193 3169 Be-

1319 3186 1491 3228 rytensem.
1515 3185 1627 3218 Etiam
1638 3186 1673 3219 in
1684 3185 1837 3219 Ciliciam
1844 3184 1966 3219 transiit
1975 3208 1986 3224 ‚
1996 3185 2031 3218 ἀ
2041 3185 2110 3218 illic
2122 3195 2194 3228 pet·-
2242 3178 2248 3186 ’

1320 3236 1413 3269 vertit
1426 3233 1642 3269 Athanasium
1654 3234 1818 3270 Anazarbi
1839 3234 2047 3277 Episcopum.
2077 3234 2192 3270 Etiam

1319 3295 1398 3321 tunc
1410 3284 1543 3324 Cilicia,
1552 3285 1601 3319 uti
1611 3285 1645 3320 ὃς
1658 3283 1823 3318 Phaenicia
1835 3307 1846 3323 ,
1858 3283 2001 3319 necdum
2011 3294 2079 3319 erat
2089 3283 2192 3321 divisa

1320 3336 1354 3368 in
1366 3334 1454 3370 duas.
1469 3335 1511 3368 Et
1523 3333 1583 3376 hec
1593 3334 1729 3368 audiens
1740 3333 1928 3367 Alexander
1939 3334 2057 3377 scripsit
2067 3335 2139 3369 suas
2149 3334 2194 3368 fe·

1318 3384 1349 3418 re
1359 3385 1562 3428 septuaginta
1572 3384 1698 3418 Literas
1707 3382 1748 3417 ad
1767 3382 1910 3417 diversos
1935 3382 2118 3418 Antistites.
2145 3383 2193 3418 Et

1319 3432 1589 3472 horumunumss.
1604 3431 1807 3476 Epiphanius
1818 3432 1966 3467 adfirmat
1979 3434 2072 3467 fuiffe
2084 3433 2194 3467 Zeno·

1321 3496 1395 3522 nem
1406 3482 1600 3529 Tyriorum.
1611 3482 1763 3526 Hujusin
1775 3483 1840 3518 suis
1850 3483 1892 3519 ad
1902 3483 2193 3567 Nicomedieggesm

2159 3541 2193 3568 or

2332 2604 2346 2713 mvn-..nes
2338 2575 2346 2598 <rr-
