2346 3776
378 117 448 156 130
845 85 1295 138 DissERTA‘no
1343 88 1770 142 PRocuMers.

371 166 520 207 'wantiam
539 167 620 203 idem
634 168 738 211 paffim
757 169 892 202 omnibus
918 170 1095 211 praedicans
1122 166 1259 200 hortaba-

375 232 437 256 tur.
456 220 525 256 Eos
535 218 808 259 hortabatur-,non
818 218 859 253 ad
871 218 1033 263 jejunium
1043 217 1135 259 istius
1146 218 1257 257 Feriae‚

371 270 429 307 sed
442 270 483 306 ad
494 270 599 306 solam
608 270 626 304 a
637 267 789 304 carnibus
801 267 1259 311 abstinentiamPerspiciebat

372 323 556 366 primaevam
570 320 731 355 Pietatem
741 320 760 352 a
771 320 803 353 se
813 330 881 353 non
893 320 982 363 poss'e
993 330 1034 352 ex
1057 319 1187 363 integro
1211 329 1259 351 re·

372 372 486 416 parari.
499 403 503 407 Α
514 372 558 406 Et
571 369 650 404 hinc
663 370 796 404 Nicaetae
804 368 975 404 Pestorato
987 393 998 410 ,
1025 369 1182 402 Latinam
1195 367 1257 401 Ec-

370 423 500 462 clesiam
511 420 661 465 arguenti
672 419 712 454 de
732 419 820 454 varia
842 419 1127 463 praevaricatione,
1149 430 1187 452 ac
1201 429 1259 451 no-

305 485 308 487 ’
369 472 524 507 minatim
557 470 599 504 de
624 470 887 514 praevaricatione
922 468 1114 515 sexagesimi
1150 468 1257 503 ostavi

368 520 553 565 Apostolici
569 519 720 555 Canonis
732 544 743 560 ‚
770 520 827 564 qui
853 519 1146 568 Qadragesimam
1179 542 1190 558 ‚
1217 529 1255 551 ac

365 582 504 606 omnem
511 580 658 615 quartam
668 571 702 606 ὅ(
713 571 837 606 sextam
848 571 977 606 Feriam
994 569 1100 615 rigide
1121 567 1256 602 mandat

364 621 509 665 jejunare
519 645 530 661 ‚
555 620 750 656 venerabilis
757 621 944 656 Cardinalis
952 620 1172 659 Humbercus,
1184 619 1253 652 san-

363 672 407 706 sti
429 671 554 706 Leonis
566 674 649 706 noni
659 671 835 708 Pontificis
846 671 888 705 ad
913 667 1257 712 Constantinopolita-

361 733 444 756 nam
453 722 631 757 Ecclesiam
640 722 783 767 Legatus
796 720 962 765 respondit
972 719 1015 754 de
1026 718 1095 753 sola
1107 717 1256 766 Qadra-

360 772 495 817 gefima,
504 771 546 807 de
556 773 624 807 istis
633 773 735 807 Feriis
749 771 844 816 plene
862 770 974 805 tacuit.
999 768 1104 817 Qod
1134 768 1253 812 nempe

360 822 423 858 ista
433 822 542 858 Pietas
550 822 637 868 apud
649 835 710 858 nos
720 832 800 857 tunc
811 819 986 855 defecisset.
1015 820 1061 853 Et
1073 818 1133 854 ista
1145 819 1251 853 forsan

358 872 527 908 calumnia
549 873 579 907 S.
591 873 690 908 Petro
708 871 801 907 dedit
823 871 937 906 ansam
962 870 1104 913 antiquae
1124 869 1254 913 pietatis

359 922 578 959 restaurandae.
606 923 707 958 Circa
721 921 809 956 idem
821 930 950 964 tempus
967 920 1080 956 statuit
1094 919 1254 962 Cojacen-

357 974 398 1008 fis
418 974 646 1017 Hispanorum
667 971 822 1016 Synodus
845 985 856 1005 .-
885 969 1051 1011 Christiani
1071 978 1131 1012 per
1152 981 1251 1003 omnes
1263 988 1266 1006 2

354 1022 464 1067 sextas
473 1023 575 1066 ferias
580 1026 724 1065 jeJunent
732 1046 743 1063 ,
770 1024 804 1057 (9⁹
815 1021 888 1055 bora
902 1032 1036 1065 congrua
1046 1020 1108 1054 cibo
1118 1019 1253 1063 refician-

291 1115 294 1119 .
355 1082 407 1108 tur
421 1099 432 1115 ‚
453 1074 616 1116 &faciam
626 1074 741 1107 labores
761 1070 840 1115 suos.
870 1072 952 1106 Hoc
964 1071 1010 1105 est
1022 1096 1032 1111 ,
1044 1082 1113 1104 non
1126 1081 1250 1116 cogan-

356 1133 411 1159 tur
430 1125 539 1159 seriari
549 1149 556 1156 .
584 1125 639 1160 Ex
650 1135 718 1167 quo
731 1123 877 1166 suspicor
884 1119 971 1156 hanc
982 1121 1084 1156 etiam
1097 1121 1251 1166 pietatem

355 1174 453 1209 fiaiffe
471 1174 556 1208 olim
575 1172 654 1208 huic
673 1174 699 1208 F
703 1174 774 1207 eriae
792 1173 811 1206 a
831 1172 981 1215 piiffimis
1004 1171 1166 1214 Hispanis
1191 1170 1252 1205 im-

355 1226 501 1267 pensam.
543 1225 626 1258 Haec
646 1224 761 1258 omnia
781 1221 995 1266 postmodum
1017 1221 1143 1256 strenue
1165 1220 1251 1264 adju-

353 1274 406 1307 vit
425 1275 553 1308 sanctus
575 1274 664 1316 Papa
676 1273 860 1317 Gregorius
871 1272 1056 1316 Septimus:
1082 1271 1130 1306 At
1150 1271 1251 1314 impe-

353 1326 438 1358 }rare
449 1329 520 1359 non
531 1324 658 1367 potuit,
694 1323 754 1358 nisi
778 1322 885 1357 solam
904 1321 1168 1356 Abstinentiarm
1204 1321 1249 1354 Et

353 1373 402 1408 ita
413 1375 513 1408 etiam
534 1371 635 1408 hodie
654 1373 807 1407 vivimus.
834 1371 952 1407 Latius
972 1371 1039 1406 haec
1051 1371 1190 1416 exposui
1215 1371 1250 1404 in

355 1421 499 1457 Scholiis
510 1423 550 1457 ad
561 1422 644 1456 Asta
665 1423 792 1458 laudati
812 1422 980 1467 Gregorii.
1007 1422 1182 1456 Gallicana
1207 1430 1250 1454 ta-

353 1482 433 1508 men
445 1470 590 1508 Ecclesia
603 1472 730 1507 videtur
741 1469 847 1517 rigide
863 1472 1018 1516 jejunasse
1029 1482 1039 1514 ;
1066 1472 1190 1506 etenim
1200 1482 1251 1505 ve-

354 1522 509 1558 nerabilis
520 1523 600 1559 Odo
612 1546 623 1563 ,
647 1522 705 1567 qui
717 1521 776 1556 sub
789 1522 955 1566 Gregorio
965 1522 1082 1555 ostavo
1093 1522 1177 1556 rexit
1191 1520 1248 1555 Pa·

353 1572 516 1610 xifiensem
528 1572 704 1608 Ecclesiam
715 1596 725 1613 ,
738 1573 773 1606 in
784 1573 844 1606 suo
856 1571 1043 1615 Capitulari
1056 1571 1167 1605 laudat
1178 1582 1251 1614 prae·

353 1633 448 1667 cepta
475 1623 622 1668 jejunia,
649 1621 766 1666 nempe
782 1621 1252 1670 Qadragesimam‚Qatuor

354 1672 552 1718 Tempora,
578 1669 808 1707 Festivitatum
836 1670 1003 1716 Vigilias‚
1029 1682 1067 1704 ac
1078 1671 1182 1704 sextas
1194 1670 1252 1704 Fe-

354 1725 419 1766 rias
431 1737 444 1766 ;
472 1732 571 1767 atque
591 1720 740 1768 adjungit
761 1735 768 1755 ε
796 1726 907 1756 omnes
932 1732 970 1755 ex
993 1720 1092 1754 debito
1113 1728 1252 1754 tenentur

348 1774 454 1816 facere
473 1775 551 1807 talia
564 1775 692 1815 jejunia
704 1798 711 1805 .

407 1825 567 1858 Attamen
587 1825 712 1858 sanans
724 1822 840 1857 Petrus
851 1820 1011 1855 Damiani
1023 1831 1094 1855 non
1106 1819 1169 1853 fuit
1189 1819 1251 1861 pri-

354 1885 429 1908 mus
439 1874 499 1918 qui
511 1874 572 1908 ista
584 1874 710 1917 jejunia,
725 1871 849 1907 studuit
872 1871 908 1904 in
921 1870 1056 1905 Italiam
1089 1869 1250 1902 reducere.

354 1924 494 1959 Etenim
508 1924 635 1958 sancius
647 1921 733 1957 Atto
745 1946 755 1963 ,
782 1921 839 1966 qui
851 1919 892 1954 ad
907 1918 1031 1954 decimi
1053 1918 1159 1952 saeculi
1185 1929 1254 1952 me-

353 1973 448 2010 dium
458 1974 544 2009 rexit
556 1973 737 2008 Ecclesiam
751 1970 997 2007 vercellensem
1008 1968 1122 2002 statuit
1133 1968 1168 2001 in
1192 1968 1251 2002 suo

218 2032 254 2060 C.
274 2041 320 2067 70·
353 2024 559 2069 Capitulari:
588 2026 713 2067 ‚Quarta
737 2024 772 2055 (9⁴
789 2020 881 2063 sexta
891 2024 1061 2060 Feriaprae
1072 2023 1188 2051 caeteris
1201 2019 1252 2058 Je-

345 2076 524 2117 J‘unandum
544 2072 604 2113 est,
631 2079 703 2115 quia
727 2080 839 2113 quarta
853 2074 943 2103 Feria
957 2069 1071 2113 Judas
1093 2069 1132 2100 de
1149 2068 1250 2109 prodi-

353 2131 433 2159 tione
456 2124 626 2157 salvatoris
653 2133 717 2155 cum
727 2124 759 2165 J
761 2121 858 2153 udaeis
875 2118 983 2160 statuit
1001 2142 1013 2158 ,
1033 2115 1126 2160 sexta
1149 2125 1250 2150 autem

354 2173 490 2215 Christus
514 2173 672 2215 crucifixus
694 2170 739 2211 est.
767 2171 832 2213 ,Qui
853 2171 919 2211 ergo
932 2166 993 2207 illis
1005 2167 1109 2205 diebus
1132 2172 1165 2199 in
1186 2177 1249 2199 cra-

348 2225 485 2269 pulavel
490 2223 611 2265 epulis,
635 2220 745 2264 absque
754 2231 871 2263 magna
898 2222 1116 2251 interveniente
1128 2215 1246 2258 festivi-

353 2284 421 2309 tate
439 2274 492 2308 vel
507 2273 666 2313 neceffitate
687 2296 697 2312 ,
715 2269 816 2312 fuerit
840 2292 852 2309 ,
876 2269 1001 2301 videtur
1023 2275 1077 2300 aut
1097 2277 1162 2299 cum
1174 2269 1249 2298 Tra-

353 2326 443 2358 deme
466 2325 610 2363 tradere,
637 2331 692 2355 aut
712 2332 778 2354 cum
801 2317 1047 2362 crucifigentibus
1071 2315 1246 2359 crucifigere.

353 2372 564 2410 Venerabilis
574 2384 612 2406 ac
622 2371 768 2406 eruditus
782 2368 868 2403 Atto
879 2368 926 2406 est
950 2376 1089 2405 conatus
1110 2365 1250 2409 Aposto-

354 2424 459 2459 licum
482 2422 673 2457 Institutum
695 2418 791 2464 plene
817 2419 852 2452 in
873 2416 994 2452 avitam
1008 2415 1248 2461 obligationem

355 2474 510 2508 reducere
521 2486 534 2514 ;
561 2471 607 2506 ast
620 2472 703 2506 adeo
717 2482 783 2504 non
796 2467 964 2507 obtinuit,
989 2475 1027 2500 ut
1049 2467 1180 2510 integro
1201 2465 1251 2498 sae-

357 2524 437 2559 culo
449 2523 559 2556 nullus
570 2523 605 2556 sit
620 2523 674 2565 ipsi
687 2521 871 2555 obsecutus.
897 2518 993 2552 Hinc
1007 2515 1078 2561 post
1093 2516 1183 2550 illius
1208 2513 1250 2548 la-

358 2575 451 2618 psum
466 2574 591 2606 sanstus
604 2573 720 2606 Petrus
734 2568 891 2604 Damiani
902 2566 1014 2602 denuo
1035 2566 1135 2610 coepit
1157 2566 1251 2599 sextae

358 2624 458 2658 Feriae
470 2622 717 2660 Abstinentiam
731 2620 911 2664 praedicare.
939 2618 1037 2652 Circa
1047 2616 1161 2651 eadem
1173 2625 1250 2650 tern-

361 2685 440 2718 pora
451 2673 563 2707 statuit
576 2674 610 2707 in
622 2674 680 2706 suo
702 2669 886 2714 Capitulari
900 2668 1046 2711 optimus
1060 2665 1249 2710 Anglorurn
1284 2702 1288 2705 Δ

361 2725 438 2760 Rex
451 2723 619 2757 Canutus:
646 2722 766 2765 singulo
785 2730 898 2762 quoque
908 2723 1027 2751 veneris
1039 2718 1088 2749 die
1099 2741 1109 2756 ‚
1123 2714 1178 2756 nist
1185 2719 1258 2757 qui-'

363 2777 438 2808 dam
458 2774 562 2815 Festus
583 2782 713 2816 agatur,
732 2772 886 2812 jejunium
896 2767 958 2808 esto,
986 2765 1167 2809 APasisbate
1177 2767 1248 2798 vero

365 2824 454 2867 usque
464 2825 508 2857 ad
517 2822 711 2863 Pentecosten,
723 2819 861 2863 atque'ab
882 2817 945 2860 ipso
964 2818 1076 2850 Natali
1096 2819 1127 2861 J
1142 2819 1172 2847 Ε
1184 2817 1204 2847 5
1215 2819 1249 2847 U-

368 2879 392 2906 C
407 2879 439 2907 H
446 2878 472 2906 R
485 2876 530 2906 15
541 2877 566 2905 T
578 2878 596 2906 Ι
619 2875 668 2905 die
678 2870 768 2914 usque
779 2872 824 2903 ad
846 2868 994 2902 offavam
1017 2867 1056 2899 ab
1073 2864 1250 2908 Epiphania

369 2925 459 2956 lucem
471 2947 481 2963 ‚
500 2926 622 2964 jejunia
642 2934 724 2955 nemo
734 2919 870 2963 observet
890 2943 901 2959 ‚
927 2916 985 2958 nifi
998 2918 1122 2958 quidam
1135 2916 1251 2956 judicio

369 2984 404 3006 ac
424 2975 576 3006 voluntate
594 2971 651 3015 sua
663 2972 794 3013 fecem,
821 2978 875 3002 aut
895 2970 931 3000 id
948 2973 974 3001 ei
990 2966 1090 3008 fuerit
1114 2968 1134 2997 ἃ
1154 2967 1252 2998 sacer-

372 3024 438 3055 dote
456 3029 644 3063 imperatum.
672 3022 754 3055 Non
775 3020 877 3054 solam
889 3015 1207 3055 Abstinentiam‚sed
1219 3015 1252 3048 &

374 3072 531 3113 'jejunium
543 3095 553 3109 ‚
562 3080 705 3105 attamen
719 3071 824 3105 solum
836 3069 927 3103 sextae
939 3067 1037 3101 Feriae
1047 3066 1152 3100 studet
1164 3064 1253 3098 redu-

374 3131 456 3154 cere.
483 3120 587 3153 Porro
598 3121 681 3154 illud
701 3121 860 3163 jejunium
884 3117 970 3161 apud
983 3117 1115 3164 Anglos
1127 3126 1194 3148 non
1208 3114 1251 3148 est

376 3169 643 3211 antiquissimum.
677 3172 810 3203 Etenim
830 3169 871 3203 de
886 3168 955 3211 ejus
977 3166 1126 3201 Exordio
1147 3163 1254 3200 scribit

263 3223 325 3257 Lib.
335 3234 361 3262 3.
376 3220 414 3253 in
437 3218 625 3262 Anglorum
646 3219 793 3252 Historia
813 3217 1004 3253 venerabilis
1028 3216 1135 3251 Beda:
1155 3214 1255 3247 Sanc‘ii

265 3275 327 3304 C2P·
339 3275 363 3301 5·
379 3269 491 3302 Aidani
503 3267 757 3308 Lindisfarnenfis
769 3268 905 3310 Episcopi
916 3263 1077 3309 Exemplis
1087 3264 1254 3306 informati,

379 3315 515 3361 Religiofi
526 3314 636 3358 'quique
656 3324 717 3350 viri
736 3329 771 3349 ac
786 3317 921 3358 faeminae
929 3316 1165 3360 consuetudinem
1176 3313 1256 3356 fece-

379 3373 453 3402 rum
468 3374 525 3408 per
537 3374 629 3398 totum
640 3377 750 3399 annum
760 3390 770 3405 ‚
798 3375 919 3408 excepta
929 3368 1082 3407 remifflone
1100 3367 1256 3408 ,Quinqua-

376 3417 492 3463 gessmae
505 3414 658 3459 Pafi‘halis
670 3439 681 3455 ‚
706 3424 816 3456 quarta
836 3417 870 3448 (9⁸
885 3415 976 3458 sema
997 3415 1144 3450 Sabbathi
1160 3415 1255 3461 JeJ'u-

383 3474 467 3506 nium
485 3466 530 3499 ad
547 3465 649 3498 boram
668 3462 756 3507 usque
790 3476 897 3498 nonam
925 3468 1083 3506 protelare.
1118 3466 1252 3501 Sanstus

1322 179 1401 214 ergo
1412 167 1617 216 Augustinus
1629 171 1810 216 Apostolus
1820 183 1889 208 non
1900 172 2060 216 plantavit
2070 174 2140 210 istic
2164 176 2202 210 il-

1321 218 1377 262 lud
1388 220 1546 264 jejunium
1558 235 1567 264 3
1595 221 1684 257 haud
1694 223 1793 258 dubie
1805 236 1847 258 ex
1858 223 2043 268 rationibus
2053 225 2099 265 ob
2121 238 2201 269 quas

1320 269 1354 303 ἀ
1366 270 1509 305 Domini
1519 272 1676 315 Apostoli
1698 274 1804 317 ipsum
1826 276 2020 308 censuerunt
2041 285 2112 309 non
2139 278 2202 316 effe

1321 318 1408 365 Lege
1420 321 1631 355 firmandum.-
1658 323 1860 367 Neophytos
1872 324 1955 359 adeo
1972 325 2123 359 infirmos
2142 324 2204 359 Po·
2230 332 2234 334 ’

1321 370 1413 412 pulos
1433 371 1613 406 noluerunt
1633 372 1739 407 nimio
1761 374 1841 418 jugo
1863 386 2016 419 premere.
2054 375 2149 418 Hinc
2169 376 2205 410 δε

1319 420 1349 454 S.
1363 419 1592 466 Aidanus5qui
1603 420 1644 456 ad
1656 422 1784 467 septimi
1795 425 1909 460 Saeculi
1921 425 2206 466 mediumfloruit,

1299 490 1302 494 -
1321 478 1386 504 non
1398 470 1523 517 Legem
1537 472 1680 512 induxit,
1695 472 1748 506 sed
1763 474 2047 513 Consuetudinem
2057 501 2064 508 .
2090 476 2134 509 Et
2146 474 2206 509 hu-

1320 518 1369 562 jus
1379 531 1502 564 partem
1513 522 1663 557 Canutus
1672 522 1747 556 Rex
1759 523 1883 560 studuit
1895 537 2040 569 reparare
2053 550 2063 566 ,
2082 527 2115 560 &
2126 525 2206 568 Gre-

1298 611 1300 613 .
1321 581 1462 607 comere
1473 572 1602 617 excepit
1613 571 1740 607 medios
1766 572 1836 608 dies
1846 575 1932 610 inter
1942 576 2086 610 Domini
2108 576 2206 609 Nati-

1321 621 1498 657 vitatem&
1521 622 1743 667 Epiphaniam
1754 637 1768 664 ,·
1779 623 1851 658 imo
1869 625 2018 660 extendit
2035 627 2136 669 usque
2162 625 2204 664 ad

1320 672 1478 706 Ostavam
1489 671 1584 716 hujus
1594 673 1804 707 Festivitatis.
1832 673 1960 711 Verum
1981 675 2130 710 obtinuit
2156 677 2206 709 so-

1319 720 1384 756 lam
1394 723 1488 756 sextae
1498 724 1598 758 Feriae
1608 723 1849 758 abstinentiam.
1869 724 1973 771 Qod
1983 725 2024 759 ad
2036 726 2204 761 undecimi

1319 771 1432 806 Saeculi
1459 773 1607 807 medium
1633 773 1904 819 Hamburgenses
1934 787 2004 811 non
2030 774 2204 814 dumtaxat

1320 822 1415 857 sextis
1436 822 1551 864 Feriis,
1572 824 1626 858 sed
1649 826 1752 859 etiam
1763 836 1819 868 per
1843 835 1979 860 omnem
1995 823 2206 871 Qadragefi-

1318 883 1407 906 mam
1416 884 1529 907 carnes
1538 874 1671 911 ederent
1686 899 1696 915 ‚
1708 874 1848 919 ideoque
1869 876 1991 909 fuerint
2004 875 2112 919 puniti
2125 875 2209 909 divi-

1319 921 1428 963 nitus,
1454 923 1565 960 scribit
1576 924 1726 959 Adamus
1748 925 1934 960 Bremensis.
1975 925 2106 969 Nempe
2133 924 2208 960 illos
2226 931 2323 967 Lib.4.

1318 971 1347 1005 S.
1361 971 1563 1008 Anscharius
1586 975 1724 1010 meliora
1741 975 1900 1011 docuerat
1911 1001 1922 1017 ,
1941 975 2054 1009 saltem
2080 974 2205 1019 quo-ad
2221 981 2331 1012 ΕΙΡΗ-

1293 1025 1296 1053 j
1317 1022 1614 1069 Qadragesimam.
1626 1025 1762 1060 Etenim
1769 1026 1836 1069 ejus
1847 1025 2133 1068 contemptoribus
2146 1025 2202 1059 Sa-

1317 1072 1459 1106 xonibus
1469 1073 1608 1108 Carolus
1619 1075 1767 1119 Magnus
1779 1077 1917 1110 sancivit
1937 1077 2038 1110 etiam
2064 1074 2208 1120 capitale
2258 1096 2261 1098 >
2319 1087 2322 1095 ¹

1318 1122 1523 1166 supplicium.
1551 1121 1607 1158 Ad
1617 1123 1808 1159 duodecimi
1816 1126 1930 1160 Saeculi
1942 1137 2071 1160 annum
2096 1125 2209 1169 vigefi-

1315 1184 1409 1206 mum
1429 1182 1584 1217 quartum
1610 1174 1747 1208 Sanetus
1766 1176 1854 1208 Otto
1867 1175 2119 1219 Bambergensrs
2130 1175 2209 1218 Epi-

1316 1224 1431 1267 scopus
1442 1223 1627 1266 praedicavit
1645 1223 1828 1268 gentilibus
1847 1223 2053 1259 pomeranis.
2101 1223 2207 1272 Quod

1315 1274 1400 1317 ipsos
1412 1273 1507 1308 omni
1517 1273 1596 1309 feria
1606 1274 1694 1307 sexta
1706 1274 1782 1309 licet
1793 1286 1864 1308 non
1887 1274 2033 1317 jejunare
2059 1297 2079 1314 „
2097 1283 2210 1311 tamen

1314 1321 1468 1358 carnibus
1478 1323 1512 1358 ὅ(
1523 1322 1604 1357 laste
1614 1322 1775 1358 abstinere
1785 1323 1936 1358 docuerit
1950 1348 1961 1364 ,
1986 1325 2127 1359 affirmat
2138 1323 2208 1358 Au-

1315 1372 1462 1408 thentica
1470 1372 1540 1416 ejus
1553 1374 1620 1408 vita
1631 1398 1641 1414 ,
1667 1373 1702 1407 ὅ(
1713 1373 1862 1418 adjungit
1883 1373 1982 1407 istum
2002 1374 2066 1409 effe
2078 1381 2210 1408 morem

1316 1422 1543 1458 Christianum
1554 1435 1563 1465 3
1591 1424 1709 1466 utique
1719 1433 1802 1458 tunc
1816 1424 1985 1467 vigentem
1995 1435 2038 1457 ex
2047 1423 2204 1458 Decretis

1315 1474 1469 1518 Gregorii
1481 1473 1677 1508 VILHodie
1689 1483 1799 1507 tamen
1808 1473 1973 1508 lac'licinia
1984 1485 2024 1508 ac
2031 1473 2132 1508 etiam
2142 1483 2209 1509 ova

1313 1523 1441 1558 edimus
1453 1535 1467 1565 ;
1486 1522 1582 1557 raud
1594 1522 1695 1557 dubie
1705 1535 1746 1557 ex
1759 1523 1931 1567 posteriori
1942 1523 2077 1558 licentia
2088 1547 2099 1564 ‚
2112 1521 2209 1566 pede-

1314 1573 1433 1607 tentim
1445 1571 1586 1607 inducta.
1615 1573 1739 1618 Ignoto
1749 1572 1816 1616 ejus
1829 1573 1969 1617 primam
1979 1574 2167 1618 Originem.
2217 1610 2224 1616 I

1363 1622 1411 1657 At
1421 1621 1500 1656 vero
1525 1623 1708 1658 orientalis
1729 1623 1871 1658 Ecclesia
1892 1623 2018 1658 avitum
2038 1623 2207 1666 utriusque

1314 1673 1413 1707 Feriae
1422 1671 1591 1716 Ieiunium
1610 1671 1867 1708 constantissime
1880 1674 2003 1717 semper
2010 1673 2120 1710 tenuit
2129 1695 2142 1713 ‚
2166 1683 2207 1707 ac

1314 1723 1497 1757 etiamnum
1508 1721 1608 1758 hodie
1619 1722 1771 1757 custodit.
1797 1723 1901 1771 Qod
1909 1724 2015 1766 ipsum
2037 1722 2206 1760 Sithonis

1316 1773 1399 1805 noni
1412 1782 1559 1815 tempore
1569 1772 1849 1813 tenuerit‚evincit
1859 1781 2040 1806 memorata
2050 1770 2206 1818 Obieffio

1315 1822 1349 1854 N
1351 1821 1447 1855 icaetae
1458 1821 1628 1855 Pestorati.
1656 1821 1770 1855 Etiam
1779 1819 2066 1866 Theophylaetus,
2080 1820 2205 1865 quico-

1313 1870 1390 1905 dem
1401 1870 1517 1905 faeculo
1542 1869 1690 1914 praesedit
1710 1871 1928 1915 Bulgarorum
1949 1871 2101 1906 Ecclefiae
2126 1894 2139 1910 ‚
2163 1869 2206 1910 ad

1314 1920 1689 1967 quartum-decimum&
1703 1921 1810 1955 Marci
1822 1920 1932 1964 Caput
1952 1920 2062 1957 scribit
2073 1920 2088 1952 2*
2109 1923 2204 1956 Feria

1290 1978 1292 1983 ’
1311 1980 1424 2013 quarta
1433 1971 1599 2009 Concilium
1608 1970 1626 2012 J
1628 1969 1794 2006 udaeorum
1805 1970 1955 2006 adversus
1974 1970 2164 2006 Dominum
2191 1994 2204 2010 ,

1312 2026 1462 2059 convenit,
1474 2021 1870 2064 &proptereaJejunamus
1892 2026 1987 2054 etiam
2009 2032 2061 2056 ms
2083 2026 2203 2062 quarm

1305 2069 1407 2111 ferini
1436 2070 1480 2103 Et
1494 2071 1535 2111 ,in
1559 2069 1736 2113 Responsisv
1753 2069 1795 2104 ad
1815 2070 1969 2105 Marcum
1993 2068 2204 2106 Alexandriae

1314 2114 1538 2154 Patriarchar'h
1549 2117 1752 2155 Theodorus
1763 2119 1954 2160 Balsamon,
1966 2123 2023 2163 qui
2038 2119 2099 2155 sub
2109 2117 2203 2158 Lati-

1314 2170 1363 2203 nis
1375 2169 1617 2212 Hierosolymae
1628 2168 1778 2214 Regibus
1788 2170 1851 2204 fuit
1871 2181 1992 2214 graecus
2011 2167 2204 2204 Antiochia

1314 2218 1513 2259 patriarcha,
1527 2219 1638 2253 laudat
1646 2219 1827 2263 Vulgarem
1842 2219 2075 2262 Apostolicum
2093 2219 2205 2258 Cano-

1314 2280 1402 2308 nem,
1414 2268 1471 2312 qui
1482 2280 1551 2303 non
1564 2269 1622 2301 nisi
1632 2269 1649 2302 a
1661 2271 1801 2313 graviter
1814 2270 1955 2303 infirmis
1965 2269 2127 2312 permittit
2151 2269 2203 2311 sog

1313 2319 1359 2352 lui
1368 2328 1487 2362 quartae
1497 2330 1534 2352 ac
1546 2319 1642 2352 sextae
1649 2319 1748 2352 Feriae
1767 2318 1934 2362 Jejunium
1943 2343 1953 2358 ‚
1975 2329 2073 2362 atque
2083 2318 2199 2362 adjung

1311 2369 1376 2413 git:
1398 2370 1516 2411 quando
1528 2371 1675 2411 veroquis
1682 2376 1807 2410 propter
1828 2369 2062 2402 imbecillitatem
2080 2368 2199 2407 coaevus
2221 2371 2346 2413 Resp.5a

1305 2418 1404 2459 fuerit
1415 2419 1586 2461 dissolvere3
1600 2416 1733 2461 piscibus
1745 2420 1798 2452 vel
1816 2421 1874 2453 oleo
1891 2418 2097 2452 moderabitur
2107 2429 2199 2462 aegeo-

1312 2474 1435 2500 tationis
1458 2467 1656 2509 afflir‘lionem.
1685 2472 1802 2502 Carnes
1819 2474 1898 2502 enim
1910 2493 1921 2509 ‚
1946 2469 1999 2502 vel
2015 2466 2133 2511 caseum
2142 2477 2198 2508 aut

1312 2529 1401 2551 ovum
1409 2524 1555 2561 attingere
1568 2530 1625 2551 non
1628 2517 1728 2560 fuerit
1737 2519 1892 2561 concessum
1904 2542 1915 2560 ,
1946 2519 2014 2552 licet
2032 2527 2207 2556 extremam-

1312 2567 1393 2610 efflet
1402 2574 1548 2607 animam,
1559 2579 1651 2610 neque
1661 2574 1693 2600 in
1706 2571 1819 2612 Magna
1834 2569 2032 2613 quadragena
2044 2591 2056 2608 ,
2066 2573 2202 2610 nequent?

1312 2618 1515 2660 qualicumque
1527 2627 1711 2661 quarta,aut
1722 2619 1811 2652 sexta
1823 2618 1925 2652 Feria.
1946 2618 2059 2659 Sufficit
2066 2623 2148 2651 enim
2154 2622 2197 2657 (ἑ,

1312 2673 1363 2711 qui
1386 2668 1538 2710 neceffario
1559 2677 1617 2709 per
1639 2669 1797 2701 Aridorum
1819 2666 1900 2710 esiam
1910 2667 2102 2711 magnificare
2113 2665 2200 2703 debet

1312 2728 1458 2761 quartam
1470 2729 1506 2750 ac
1518 2718 1640 2751 sextam
1653 2718 1780 2751 Feriam
1793 2726 1866 2759 ‚per
1875 2719 1967 2750 oleum
1978 2715 2114 2761 &pifi‘es
2124 2727 2199 2750 mor-

1313 2768 1342 2800 bi
1352 2767 1544 2805 acerbitatem
1555 2773 1698 2811 mitigare.
1728 2768 1864 2815 Qartis
1875 2768 1954 2812 ergo
1965 2768 1998 2801 δε
2021 2767 2119 2801 sextis
2139 2766 2202 2800 Fe-

1313 2818 1368 2851 riis
1378 2817 1481 2851 Graeci
1492 2817 1595 2850 etiarn
1603 2826 1683 2851 tunc
1696 2813 1839 2861 agebant
1848 2814 2144 2865 Qadragesimale.
2152 2815 2201 2858 Je-

1312 2867 1442 2910 junium
1451 2891 1462 2907 ,
1489 2866 1694 2901 abstinebant
1703 2868 1804 2901 etiam
1814 2868 1833 2901 a
1843 2867 1984 2910 piscibus
1995 2867 2029 2903 &
2039 2865 2114 2900 oleo
2128 2888 2139 2905 ‚
2151 2865 2201 2900 so-

1313 2918 1353 2951 lis
1366 2916 1478 2950 Aridis
1489 2916 1706 2951 vescebantur.
1735 2917 1779 2951 Et
1799 2929 1859 2951 nec
1879 2917 1924 2952 ob
1944 2915 2057 2951 mortis
2078 2915 2201 2958 pericu-

1314 2968 1384 3001 lum
1397 2977 1547 3010 poterant
1558 2978 1670 3001 carnes
1681 2966 1784 3001 edere.
1810 2967 1862 3001 Ex
1872 2978 1939 3010 quo
1949 2965 2038 3000 vides
2047 2966 2201 3001 Fratrum

1317 3016 1589 3051 Carthusienfium
1603 3017 1742 3057 Statura,
1752 3028 1822 3060 quae
1831 3017 1915 3051 istud
1925 3017 2029 3059 ipsum
2048 3024 2162 3048 ,vetant
2187 3039 2200 3055 ,

1315 3068 1378 3102 esse
1389 3067 1564 3111 Legitima.
1591 3066 1680 3101 Istud
1694 3066 1799 3110 ipsum
1810 3066 1973 3111 Jejunium
1984 3065 2076 3107 supra
2089 3064 2201 3098 lauda-

1317 3118 1363 3150 vit
1379 3141 1389 3156 ,
1401 3117 1458 3160 qui
1469 3117 1554 3151 circa
1567 3117 1681 3151 eadem
1692 3127 1838 3160 tempora
1851 3116 1932 3149 vixit
1943 3139 1953 3154 ‚
1978 3115 2065 3148 Isaac
2087 3114 2200 3148 Arme-

1315 3168 1449 3201 niorum
1460 3166 1587 3201 Primas
1597 3179 1611 3209 ;
1623 3168 1760 3201 affirmat
1774 3168 1881 3210 ipsum
1891 3165 1926 3199 ἀ
1936 3163 1954 3197 a
1968 3163 2100 3204 Graecis,
2112 3164 2146 3198 ὃς
2157 3162 2200 3199 ab

1322 3217 1488 3251 Armeniis
1499 3218 1592 3251 fuisse
1602 3217 1805 3251 observatum
1817 3241 1824 3248 .

1366 3268 1464 3303 Sexta
1475 3267 1619 3314 Qaestio
1629 3266 1689 3301 est.-
1698 3266 1759 3302 An
1770 3264 1871 3299 Graeci
1885 3263 1953 3298 istis
1963 3264 2063 3298 Feriis
2075 3264 2200 3303 servent

1317 3317 1460 3362 rigidum
1474 3316 1649 3359 Jejunium,
1659 3327 1701 3350 an
1712 3315 1816 3350 solum
1828 3314 1846 3347 a
1864 3325 1962 3348 carne
1982 3315 2014 3348 ὃς
2025 3313 2200 3349 lac‘iiciniis

1318 3366 1562 3401 Abstinentiam
1575 3367 1591 3398 .?
1602 3364 1966 3408 Respondeo‚antiquos
1979 3365 2108 3398 Graecos
2120 3389 2130 3405 ,
2150 3363 2202 3398 uti

1320 3418 1353 3451 δε
1364 3417 1502 3450 Latinos
1512 3415 1617 3460 rigide*
1629 3414 1792 3458 Jejunaffe.
1809 3413 1926 3457 Usque
1937 3414 1978 3449 ad
1988 3415 2115 3458 expleta
2126 3412 2200 3456 post

1320 3465 1435 3502 horam
1443 3477 1567 3502 nonam
1578 3463 1764 3500 inchoanda
1775 3465 1904 3501 Officia.
1915 3467 1962 3500 At
1970 3463 2201 3510 posterioribus

2041 3559 2044 3562 Δ
2078 3522 2201 3556 tempo-

2342 3336 2346 3340 .
2340 3306 2346 3310 v
2313 2909 2346 3282 mad-‘Qkhnls
