2346 3776
396 163 495 198 Arius
505 165 542 199 in
552 163 616 198 suis
626 164 758 208 Scriptis
770 164 832 198 fuit
841 175 912 198 non
933 165 1062 199 tanturn
1080 163 1217 206 impudi-

341 227 414 254 cus,
426 227 485 249 nec
496 223 627 249 tantum
637 215 673 248 iu
684 215 843 249 Divinam
855 214 1062 257 Maiestatem
1074 210 1225 256 blasphe-

339 276 430 305 mus,
442 264 494 300 sed
508 266 608 299 etiam
619 265 654 297 in
667 264 872 305 Humanam,
894 265 997 313 Qod
1008 264 1099 298 enim
1111 263 1215 295 inoffi.

339 314 451 350 ciosas
462 340 472 355 ‚
483 314 554 349 imo
565 313 773 357 impudentes
795 314 922 349 Literas
943 314 982 348 ad
1005 315 1044 347 M
1047 324 1171 356 agnum
1183 313 1216 345 &

339 364 567 400 Christianum
577 366 811 406 Imperatorem
820 364 1080 399 Constantinum
1095 361 1218 405 scripse·

339 415 395 455 tit,
410 415 497 449 lucet
509 426 550 448 ex
563 413 661 455 hujus
672 412 713 446 ad
724 413 807 457 ipsas
820 414 1004 458 Responso,
1015 414 1056 448 de
1067 424 1134 457 quo
1147 413 1217 446 scri-

339 464 391 500 bit
405 466 434 499 S.
450 463 676 508 Epiphanius:
690 467 860 505 Imperator
873 489 883 504 ,
894 467 1019 498 Divtnae
1025 464 1101 507 fidei
1110 463 1218 495 ardore

337 523 498 549 commotus
508 538 518 553 ,
529 512 691 555 Epistolam
701 513 775 546 bene
787 516 904 558 longam
913 539 922 555 ‚
934 516 969 548 (ν
981 516 1166 552 Encycltcam
1177 512 1221 543 ad

336 575 441 596 omnes
455 561 877 606 RomanoImperiofichec‘los
888 563 1038 606 adversus
1062 568 1165 596 Arium
1182 572 1218 593 ac

336 616 403 655 ‹Jus
415 616 531 657 Dogma
537 612 656 656 scripsit
666 639 677 656 ,
689 621 767 647 omni
774 612 931 657 sapienna
942 626 977 647 ac
987 619 1117 648 veritate
1126 609 1218 652 refer-

336 673 405 697 tam
417 687 428 704 ‚
440 675 507 706 quae
517 670 550 696 in
562 663 738 697 hodiernum
749 662 840 706 usque
851 666 930 697 diem
946 663 1145 696 Eruditorum
1156 673 1218 694 ma·

334 714 427 747 nibus
438 721 555 747 teritur.
571 716 671 755 HuJ'us
681 718 803 748 initium
812 713 869 754 est:
891 712 1103 753 Constantinus
1117 714 1216 755 Augu-

330 763 410 805 stus,
422 767 581 797 Maximus
595 788 607 804 ‚
631 765 688 798 &a
701 768 791 806 Arius
801 775 868 796 cum
878 767 999 795 Arianis
1011 763 1109 795 malus
1119 764 1216 795 1nter—

330 809 407 856 pres
422 839 432 854 ‚
444 815 479 848 (θ’
490 813 622 856 ipfiffima
632 820 731 858 imago
740 811 989 854 acstmulachrum
1000 812 1127 845 Diaboli.
1142 814 1217 844 Tum

329 864 396 907 post
405 866 468 897 alia
475 865 629 906 quaedam,
639 875 675 896 ac
685 865 802 905 longam
812 863 893 910 illius
904 874 942 895 ex
948 857 1045 905 sacris
1053 865 1216 903 scripturis

330 913 547 955 refutationem
557 937 567 952 ‚
578 913 721 955 postremo
733 916 764 946 V
762 910 860 954 erficm
872 914 1032 955 quemdam
1043 924 1081 946 ete
1092 916 1218 945 Homero

331 973 399 997 cum
411 965 614 1005 indignatione
623 974 658 995 ac
663 961 810 1003 stomacho
818 972 999 1005 contorquet,
1009 974 1096 1005 quem
1104 961 1153 994 hic
1164 963 1217 994 ad·

327 1009 660 1055 scribendumputavi:
690 1016 750 1056 Age
759 1036 770 1053 ,
794 1019 908 1055 inquit,
922 1016 1008 1046 Mars
1022 1017 1076 1045 Ari
1089 1036 1100 1052 ,
1110 1012 1214 1054 clypeis

327 1061 405 1103 ‘opus
416 1061 463 1102 est.
473 1063 581 1095 Verum
599 1064 637 1096 ne*
646 1062 801 1103 idfacias,
812 1061 1007 1105 obsecramus:
1020 1067 1060 1095 Ac
1069 1072 1100 1095 te
1105 1060 1217 1105 saltem

331 1115 457 1152 Veneris
469 1110 642 1155 consuetudo
650 1111 791 1146 cobtbeat.
821 1112 878 1146 Est
890 1112 984 1147 locus
996 1137 1006 1154 ‚
1025 1124 1067 1147 ex
1089 1123 1157 1155 quo
1170 1112 1219 1145 su-

332 1173 389 1205 pra
412 1161 625 1206 probavimus
645 1162 720 1197 Arii
744 1163 1035 1198 incontinentiam.
1063 1163 1145 1196 Haec
1171 1161 1218 1195 est

330 1212 433 1246 versio
444 1212 604 1255 Dionyfii
614 1211 751 1246 Petavii.
779 1213 880 1255 Supra
901 1214 973 1247 sum
984 1214 1061 1246 usus
1072 1213 1218 1246 versione

330 1261 424 1295 Petri
436 1262 574 1296 Morini.
589 1262 729 1296 Dudum
740 1262 840 1296 latuit
851 1261 917 1296 haec
929 1261 1080 1306 Epistola
1093 1262 1217 1305 :ipsam

330 1311 466 1346 tandem
479 1312 515 1345 in
531 1311 910 1347 VaticanaBibliotheca
925 1311 1067 1351 invenit,
1078 1323 1116 1345 ac
1129 1311 1219 1346 Lati-

331 1374 410 1396 nam
422 1361 567 1396 reddidit
577 1362 730 1398 laudatus
741 1362 859 1397 Petrus
869 1387 879 1403 ,
906 1363 939 1396 &
951 1363 1017 1396 suis
1029 1362 1218 1396 Annalibus

331 1412 470 1446 inseruit
482 1411 671 1450 Cardinalis
684 1413 858 1447 Batonius.
871 1412 1022 1447 Eandem
1034 1412 1142 1447 lucide
1152 1413 1219 1446 lau-

329 1465 390 1496 dat
402 1463 568 1496 Socrates:
587 1463 672 1495 Alias
683 1474 796 1506 quoque
806 1464 914 1496 literas
934 1467 1102 1504 Imperator
1113 1472 1217 1495 contra

331 1517 438 1546 Arium
449 1514 483 1547 Θ
494 1514 560 1554 ejus
571 1518 719 1554 opinionis
732 1517 880 1546 Fautores
900 1519 998 1557 magis
1019 1514 1163 1555 populari
1183 1514 1218 1547 Θ

324 1561 404 1605 fusa
409 1561 563 1606 fitribendi
573 1568 692 1596 ratione
700 1562 866 1606 composuit.
891 1564 981 1606 ‚Quas
992 1565 1115 1606 quidem
1126 1589 1136 1605 ‚
1159 1565 1217 1605 quo

330 1614 398 1653 ejus
409 1619 571 1646 amentiam
580 1614 774 1653 merdam&
780 1613 881 1655 lepida
887 1612 1220 1656 dtffimulationisfpee-ie

330 1668 430 1696 acrius
435 1671 587 1707 pungeret
596 1688 606 1704 ,
629 1669 662 1696 in
676 1662 800 1707 fingults
819 1664 997 1697 civitatibus
1003 1666 1106 1707 paffim
1119 1664 1218 1696 divul-

325 1714 450 1758 gandus
461 1719 590 1746 curavit.
618 1714 765 1758 Epistola
777 1712 844 1748 haec
859 1715 923 1748 fuit
934 1715 968 1749 δε
980 1714 1164 1758 Encyclica
1176 1713 1216 1747 ad

330 1774 468 1797 omnem
479 1763 628 1798 Romani
638 1763 771 1808 imperii
781 1764 997 1808 Populum‚&
1005 1765 1102 1799 simul
1115 1764 1218 1809 singu-

331 1814 400 1848 lare
413 1813 624 1858 Rescriptum
636 1814 677 1849 ad
689 1815 809 1849 Arium
824 1815 858 1849 δε
870 1813 1023 1850 Arianos.
1050 1815 1120 1849 Hic
1127 1814 1219 1849 enlm

327 1865 376 1898 est
388 1863 457 1906 ejus
465 1864 603 1899 titulus:
626 1865 839 1906 Constantinus
851 1864 994 1910 Augustus
1007 1870 1076 1898 Ario
1087 1867 1122 1898 cb·
1133 1868 1219 1896 Arta-

327 1921 390 1952 μὴ.
415 1914 566 1958 Singulis
586 1912 661 1949 Arii
686 1915 794 1949 Dictis
810 1915 1008 1953 mordaciter
1034 1913 1216 1963 respondet.

328 1964 408 1998 Fuit
421 1963 498 1997 verti
509 1965 609 1998 etiam
624 1965 908 2016 Encyclica.Q1ia
921 1967 1023 2009 ipsam
1037 1977 1092 2009 per
1102 1976 1218 1999 omnes

329 2014 466 2057 imperii
479 2013 641 2048 Civitates
649 2015 734 2051 milit
745 2039 756 2056 ,
782 2016 818 2049 δε
843 2010 965 2058 ιὼίέῃιο
978 2016 1047 2059 legi
1060 2015 1218 2057 Princeps

330 2063 419 2107 jussit
431 2087 442 2103 ‚
469 2073 507 2096 ut
521 2062 746 2098 Haerefiarchae
759 2065 934 2108 impudens
943 2065 1043 2101 etiam
1054 2065 1089 2098 in
1104 2063 1219 2108 Augu-

329 2113 414 2148 stam
435 2113 644 2155 Majestatem
674 2114 900 2149 Contumacia
927 2114 1018 2149 fieret
1043 2113 1227 2160 manifesta·

330 2162 502 2203 omnibus,
515 2164 549 2197 ἀ
559 2162 600 2197 ab
612 2164 772 2200 omnibus
784 2164 1007 2198 damnaretur.
1020 2164 1217 2201 Dolendum

330 2214 378 2248 est
391 2212 467 2246 Arii
478 2212 519 2247 ad
531 2213 721 2258 Principem
744 2215 870 2249 Literas
892 2215 1018 2257 periisse
1036 2225 1093 2249 aut
1108 2215 1216 2248 latere.

333 2264 399 2298 Hae
420 2262 571 2311 hominis
593 2264 810 2307 pervicaciam
832 2264 932 2298 nobis
943 2264 1216 2299 demonstrarent.

332 2313 446 2351 Fuisse
458 2313 698 2356 procaciffimas
707 2315 832 2349 evincit
857 2314 1047 2350 aculeatum
1070 2315 1219 2357 Respon-

334 2364 408 2397 sum
420 2362 582 2397 mitiffimi
599 2363 773 2408 Principis.
800 2364 952 2399 Similem
975 2366 1161 2409 procaciam
1181 2365 1217 2399 in

334 2413 477 2446 Donato
488 2424 612 2458 magno
625 2414 878 2448 Donatistarum
890 2414 1043 2458 Principe
1067 2424 1162 2449 notat
1180 2427 1217 2449 ac

334 2461 539 2496 demonstrat
552 2465 583 2499 S.
595 2466 742 2506 Optatus
755 2465 934 2508 Episcopus
943 2464 1169 2500 Milevitanus.

388 2513 433 2546 Et
445 2511 579 2556 quidem
595 2511 696 2548 Arius
719 2525 788 2547 non
813 2515 879 2547 fuit
903 2514 1035 2557 penitus
1057 2516 1217 2549 indostus.

334 2563 431 2609 Qin
446 2573 507 2596 uec
521 2562 744 2598 dubitandum
757 2586 768 2603 ‚
787 2564 869 2606 quin
881 2564 972 2607 plura
984 2565 1150 2607 scripserit.
1162 2563 1217 2599 Ad

337 2611 591 2655 scriptitandum
612 2623 728 2647 manus
748 2614 899 2656 pruriunt
921 2615 1018 2651 omni
1042 2615 1216 2649 Haeretico.

336 2662 439 2702 Binas
449 2661 518 2704 ejus
527 2661 692 2705 Epistolas
703 2687 714 2704 ,
737 2673 838 2697 unam
862 2662 903 2697 ad
925 2663 1105 2698 Eusebium
1118 2665 1220 2698 Nico⁴

338 2712 542 2747 mediensem
554 2712 760 2756 Episcopum
771 2738 783 2754 ,
794 2713 931 2747 alteram
942 2713 983 2747 ad
994 2713 1216 2749 patriarcham

337 2761 580 2803 Alexandrum,
592 2764 652 2796 suo
666 2763 810 2797 Panario
823 2763 960 2797 inseruit
972 2762 1217 2807 &Epiphanius

338 2812 438 2848 Hanc
450 2812 509 2846 suo
521 2812 563 2847 de
574 2813 774 2847 Ariminensi
797 2825 835 2847 ac
858 2813 1054 2848 Seleucienfi
1075 2814 1219 2858 Synodis

336 2860 428 2894 libro
440 2862 576 2898 inseruit
588 2863 690 2897 etiam
710 2863 740 2896 S.
766 2862 971 2897 Athanasius.
997 2866 1126 2899 Omnes
1146 2863 1218 2901 Arii

339 2909 458 2944 Libros
467 2914 599 2947 cremari
613 2936 624 2952 ‚
635 2913 669 2948 &
681 2913 826 2957 ipsorum
838 2913 994 2947 nullum&
1005 2915 1165 2958 quopiam
1176 2925 1220 2949 re-

337 2960 440 2994 tineri
463 2985 475 3001 ,
508 2962 566 2995 sub
588 2963 735 3006 Capitali
757 2962 927 3007 Supplicio
945 2963 1049 2998 edixit
1075 2965 1221 3009 Magnus

340 3009 593 3044 Constantinus.
621 3013 715 3047 Hinc
727 3013 919 3049 eorumdem
928 3025 1100 3048 numerum
1113 3015 1148 3049 &
1159 3015 1222 3057 spe-

340 3059 426 3092 ciem
449 3059 579 3102 penitus
601 3061 799 3105 ignoramus.
828 3063 955 3098 Literas
977 3063 1019 3098 ad
1042 3063 1221 3098 Eusebium

342 3107 444 3145 Arius
454 3109 498 3143 ita
508 3109 694 3144 concludit:
719 3115 802 3147 Bene*
810 3113 911 3147 'valen
921 3123 950 3146 te
960 3120 1115 3156 cupiamus
1129 3115 1223 3147 Collu-

342 3157 484 3197 tht'am'sta
493 3170 563 3192 vere
587 3158 707 3202 Eusebi.
736 3163 864 3206 Nempe
888 3163 1049 3198 Eusebius
1071 3165 1104 3198 &
1124 3164 1222 3199 Arius

343 3208 473 3241 fuerant
495 3207 724 3252 Condiscipuli
747 3211 804 3244 sub
827 3213 855 3246 S.
877 3215 1027 3257 Martyre
1047 3215 1199 3251 Luciano
1210 3238 1220 3254 ,

343 3256 496 3294 Ecclefiae
506 3256 732 3292 Antiochenae
755 3259 953 3304 Presbytero
963 3288 973 3303 ,
999 3265 1033 3298 &
1054 3264 1222 3298 sacrat-um

343 3305 417 3344 istic
432 3306 615 3340 Literarum
629 3308 816 3351 Interprete.
846 3311 1063 3349 Restetamen
1075 3314 1115 3348 de
1127 3314 1223 3347 Euse-

210 3359 313 3394 Haeres.
344 3355 399 3392 bio
413 3355 524 3389 scribit
537 3357 566 3390 S.
579 3355 804 3399 Epiphanius:
833 3363 912 3393 Cum
935 3366 1064 3396 Luciano
1087 3369 1222 3397 Nicome-

210 3408 289 3441 6345·
302 3413 326 3440 ς.
342 3405 500 3446 diaefimul
507 3412 637 3441 vixerat.
663 3407 815 3440 Sand'tum
829 3409 1015 3445 Luciauum
1025 3415 1119 3448 fuisse
1130 3425 1224 3460 geness

344 3467 379 3495 xe
408 3454 555 3495 nobilem
589 3467 626 3490 ac
658 3455 853 3504 opulentum
875 3483 886 3502 2
924 3461 958 3495 &
983 3463 1138 3498 omnibus
1163 3460 1223 3508 pro

807 82 1247 133 DISSERTATzo
1297 84 1717 138 Pnoemmms.

1281 164 1492 200 CHRISTO
1515 168 1668 202 Domino
1690 168 1887 203 renuntiasse
1897 194 1906 209 ‚
1935 167 2046 202 scribit
2073 170 2159 204 Grae»

1281 224 1394 248 corum
1405 213 1640 262 Anthologion
1654 242 1665 258 ‚
1675 219 1708 257 δε
1720 219 1871 263 adjungit
1883 233 1890 252 :
1904 223 2055 252 Lucianus
2066 219 2160 262 deser-

1281 272 1315 295 ta
1324 265 1406 297 domo
1411 273 1545 307 paterna
1557 291 1567 306 ‚
1588 270 1623 301 et
1635 271 1841 302 Nicomediam
1854 269 2008 310 ProfeHus
2021 294 2030 309 ‚
2053 268 2094 301 ibi
2106 280 2162 302 va-

1280 314 1414 348 cillantes
1426 325 1506 349 metu
1511 311 1723 360 stsppliciorum
1734 318 1916 363 Christianos
1927 344 1938 359 ‚
1949 331 1984 352 ac
1991 313 2160 362 deficicnfes

1281 364 1300 394 ἃ
1307 362 1369 404 fide
1379 389 1389 405 ,
1401 368 1446 399 ad
1455 376 1602 399 certamen
1609 365 1796 409 subeundum
1806 376 1904 402 erexit
1918 371 1952 404 (τ
1961 369 2160 412 confirmavit.

1282 413 1383 462 Qod
1393 426 1434 450 an
1449 416 1589 451 subsistat
1599 442 1609 457 ,
1636 417 1767 461 ignoro.
1795 419 1929 453 Etenim
1955 417 2164 453 Anthentica

1280 462 1365 505 apud
1375 464 1561 503 Simeonem
1570 465 1819 510 Metaphrasten
1830 468 1913 504 Asta
1923 471 2087 504 affirmant
2098 470 2164 503 Lu-

1280 514 1413 555 cianum
1423 516 1516 551 fuiffe
1528 517 1784 550 Samosatensem
1797 541 1808 557 ‚
1825 518 1844 551 e*
1854 519 1994 554 Paterna
2006 520 2109 554 domo
2122 519 2163 553 ad

1282 561 1434 599 Scholam
1445 565 1637 601 Edessenam
1646 592 1655 608 ‚
1685 563 1766 600 hine
1778 569 1957 610 profestum
1981 569 2022 604 ad
2042 569 2165 604 Antio-

1280 612 1419 649 chenam
1430 615 1615 651 Ecclefiam.
1631 619 1743 664 Qare
1753 616 1935 651 audiendus
1946 620 1991 653 est
2003 621 2039 654 in
2053 620 2166 654 Eccie-

1283 663 1408 699 siastiea
1420 663 1554 701 historia
1565 667 1776 702 Caesaraeensis
1788 667 1948 702 Eusebius
1970 679 1979 700 t
2009 673 2163 703 Lucianus

1282 715 1469 760 Antiochense
1478 716 1614 759 Ecclefiae
1625 718 1781 757 Presbyter
1795 742 1806 759 ,
1832 724 1885 751 vir
1907 719 1973 751 cum
1995 719 2066 752 altis
2075 720 2165 752 rebus

1281 764 1415 798 omnibus
1428 791 1439 807 ,
1450 767 1512 799 tum
1524 775 1705 802 continentia
1713 774 1841 802 eximius
1854 793 1865 809 ,
1875 770 1940 802 tum
1952 774 1985 802 in
1994 771 2095 802 Sacris
2109 771 2165 811 Dt-

1276 812 1411 857 sbipltms
1422 817 1475 850 diu
1485 818 1520 852 Θ
1532 819 1657 851 multum
1667 825 1850 852 exercitatus
1862 844 1872 860 ‚
1884 821 1928 853 ad
1936 825 2097 853 civitatem
2107 823 2142 852 N
2144 825 2166 851 i⁴

1280 864 1488 910 comediensem
1501 892 1512 907 ‚
1538 873 1571 900 in
1579 861 1641 911 qua
1653 878 1723 902 tunc
1743 873 1910 912 Imperator
1930 869 2168 904 commorabatur

1281 914 1425 948 dedufflus
1437 940 1448 956 ‚
1472 928 1644 951 cumeorum
1655 919 1738 952 urbis
1752 919 1905 964 Prafec‘lo'
1920 921 2091 964 Apologiam
2108 927 2167 961 pro

1284 963 1393 1004 christi
1404 967 1542 1000 Mrina
1550 992 1561 1007 ‚
1585 970 1675 1009 cujus
1681 975 1882 1011 patrocinium
1889 967 2061 1013 susceperat
2076 995 2086 1010 ‚
2096 974 2169 1002 recl⁴

1282 1015 1365 1057 tasset
1378 1038 1388 1054 ,
1414 1020 1447 1048 in
1458 1027 1602 1051 carcerem
1612 1019 1760 1059 conjectus
1773 1019 1811 1060 est
1823 1044 1835 1061 ‚
1859 1020 1958 1062 ibique
1979 1021 2163 1053 trucidatus:

1283 1064 1428 1099 Proinde
1439 1077 1509 1100 non
1521 1077 1563 1101 ex
1573 1067 1715 1102 Paterna
1724 1069 1827 1104 dotno
1838 1070 1966 1113 juvenis
1988 1081 2026 1104 ac
2037 1071 2167 1114 sponta-

1284 1126 1362 1149 neus
1384 1139 1394 1155 ‚
1420 1115 1474 1150 sed
1495 1127 1538 1150 ex
1559 1114 1772 1151 Antiochena
1792 1118 1928 1165 civitate
1947 1121 2049 1154 senex
2067 1128 2167 1163 atque

1282 1165 1468 1208 compulsus
1491 1165 1619 1200 accessit
1642 1165 1887 1201 Nicomediam.
1915 1167 1993 1203 Fuit
2014 1169 2051 1202 in
2068 1169 2168 1212 cippo

1282 1216 1435 1249 extensus
1445 1217 1479 1249 ὅ(
1489 1215 1649 1250 diuturno
1663 1216 1725 1250 isto
1737 1226 1907 1251 tormento
1930 1216 2097 1252 barbarice
2114 1229 2169 1252 ex-
2205 1236 2207 1238 ·

1282 1266 1410 1300 tinstus.
1438 1266 1544 1309 Qod
1557 1266 1627 1298 insu
1633 1276 1687 1308 per
1699 1266 1778 1300 cibo
1791 1268 1825 1300 δε
1846 1277 1928 1310 potu
1949 1266 2047 1303 fuerit
2066 1268 2169 1311 priva-

1282 1327 1333 1350 tus
1347 1341 1357 1356 ,
1384 1315 1477 1350 addit
1488 1315 1577 1350 istud
1590 1314 1847 1361 Anthologium.
2157 1339 2160 1343 -

1333 1366 1452 1410 Aliqui
1465 1366 1524 1400 sub
1535 1366 1748 1399 Maximiano
1762 1365 1975 1402 Armentario
1988 1392 1998 1408 ,
2009 1368 2113 1412 aliqui
2121 1369 2168 1402 af-

1282 1417 1415 1449 firmant
1425 1417 1550 1459 passum
1560 1415 1617 1449 sub
1627 1415 1762 1450 Galerio
1770 1417 1967 1452 Maximino.
1973 1417 2168 1461 Utrumque

1281 1466 1376 1509 poffit
1389 1467 1452 1500 esse
1463 1477 1586 1500 verum.
1613 1465 1646 1500 Α
1659 1466 1870 1501 Maximiano
1893 1477 2048 1505 evocatus
2065 1468 2169 1502 Nico—

1281 1515 1426 1550 mediam
1437 1517 1533 1560 possit
1543 1516 1562 1549 a
1575 1516 1752 1551 successore
1762 1517 1968 1558 Maximino,
1977 1518 2013 1552 <St
2021 1517 2167 1561 ejusdem

1282 1567 1520 1610 persecutionis
1532 1566 1788 1607 Continuatore‚
1798 1568 1892 1601 fuiffe
1901 1576 2018 1610 tortus,
2028 1567 2167 1602 damnass

1281 1627 1334 1649 tus
1345 1641 1355 1657 ‚
1370 1627 1468 1659 atque
1479 1617 1626 1651 occisus.
1643 1618 1782 1652 Occisus
1794 1617 2051 1654 videtur-eodem
2063 1629 2167 1662 anuo,

1281 1677 1349 1709 quo
1359 1668 1393 1702 δε
1411 1667 1442 1700 8.
1463 1665 1580 1701 Petrus
1601 1666 1789 1707 Pan-larebat
1811 1667 2067 1713 Alexandrinus.
2095 1667 2171 1703 Aut

1281 1717 1366 1751 certe
1377 1718 1536 1761 sequenti.
1563 1716 1620 1753 Ob
1629 1719 1693 1751 ffiae
1702 1717 1783 1753 Pers
1779 1729 1850 1752 onae
1861 1730 1899 1752 ac
1910 1718 2080 1753 Dotis-ina
2089 1718 2176 1752 emi-³

1281 1767 1428 1801 nentiam
1440 1768 1504 1801 fiJit
1516 1775 1671 1802 evocatus
1683 1768 1725 1802 ad
1747 1768 1892 1812 Regiam
1914 1768 2084 1801 civitatem
2095 1790 2107 1807 ,
2132 1767 2169 1802 ἁ

1282 1818 1390 1860 >ipsum
1401 1816 1571 1851 Tribunal
1587 1814 1758 1861 Principis.
1786 1816 1975 1851 Laudatum
1999 1814 2168 1851 Anthdlo·

1279 1867 1374 1912 gium
1385 1866 1496 1902 scribit
1507 1879 1513 1899 :
1527 1871 1680 1901 Lucianus
1691 1864 1849 1908 'tantofutt
1859 1865 2137 1909 bominefiabltmtor
2154 1875 2167 1908 ι

1279 1926 1314 1950 ut
1329 1914 1396 1952 cum
1405 1919 1508 1951 urbem
1519 1917 1744 1959 manbularet
1755 1941 1766 1957 ,
1792 1918 1812 1948 ἂ
1823 1915 1930 1959 quibus
1941 1917 2034 1951 vellet
2046 1916 2165 1951 videre&

1279 1977 1338 2008 tur,
1347 1970 1369 2000 ἃ
1377 1967 1484 2010 quibus
1496 1968 1595 2007 nollet,
1607 1977 1664 2000 non
1673 1975 1848 2001 cerneretur.
1861 1969 1938 2011 ,Qua
1950 1967 1988 2001 de
1999 1979 2035 2001 re
2044 1967 2165 2017 udonus

1280 2021 1486 2050 Maximianus
1499 2042 1509 2057 ,
1533 2019 1568 2051 Θ
1579 2024 1696 2051 veritus
1709 2018 1827 2051 vultum
1836 2018 1917 2050 illius
1928 2026 2026 2050 coram
2038 2014 2163 2061 Inspicit-⁸
2175 2035 2180 2041 ·

1277 2077 1310 2100 re
1321 2091 1331 2107 ‚
1350 2069 1434 2100 intra
1445 2071 1586 2109 Tapetem
1595 2069 1695 2101 latens
1705 2067 1744 2108 est
1752 2079 1818 2101 cum
1827 2068 1877 2100 illo
1885 2070 2006 2101 locutus.
2035 2067 2082 2102 Es
2093 2059 2164 2103 1ιῖιῦ

1279 2117 1354 2151 data
1367 2117 1397 2150 S.
1410 2118 1549 2151 Luciani
1561 2118 1645 2160 aPud
1658 2118 1847 2153 Simeonem
1858 2116 2165 2162 Metaphrastenvi²

1279 2177 1311 2201 ta
1323 2179 1330 2198 :
1347 2171 1435 2199 Cum
1448 2168 1485 2199 de
1501 2171 1629 2202 Luclano
1648 2172 1668 2200 ἃ
1688 2170 1791 2202 multis
1814 2169 1935 2202 nutaret
1957 2166 2164 2201 Maxmaenot

1278 2225 1398 2250 tantam
1410 2223 1442 2249 in
1449 2218 1515 2257 ejus
1520 2216 1604 2259 facie
1615 2218 1738 2260 infidere
1747 2222 1965 2254 neven-entiam
1979 2241 1990 2257 ‚
2010 2227 2044 2251 ut
2059 2214 2166 2260 ficum

1275 2265 1370 2310 solibn
1379 2267 1498 2310 vidisset
1509 2291 1520 2307 ‚
1532 2274 1650 2302 veniret
1658 2275 1692 2301 in
1699 2270 1864 2310 periculum
1874 2267 2007 2310 neſseret
2019 2267 2163 2308 Christia-

1279 2326 1336 2350 nus
1347 2341 1358 2357 ,
1363 2316 1604 2359 pfflwamjuffit
1614 2326 1624 2358 ‚⁴
1634 2327 1669 2351 ut
1678 2319 1727 2351 ille
1737 2320 1947 2357 adduceretur,
1958 2323 2069 2352 timens
2083 2310 2164 2359 nefi-

1279 2367 1309 2399 bt
1320 2368 1380 2400 tale
1390 2368 1466 2408 quid
1475 2368 1623 2401 accideret
1633 2392 1644 2408 ,
1667 2369 1737 2403 Velo
1747 2367 1900 2409 interjeHo
1909 2375 2039 2409 coeperat
2049 2368 2164 2404 Sermoss

1279 2422 1327 2449 nts
1338 2417 1552 2460 congreffonem
1560 2442 1572 2459 ,
1590 2417 1838 2459 &verba-procul
1845 2419 1892 2451 ad
1899 2429 1965 2451 eum
1985 2417 2167 2456 emittebat}

1279 2468 1452 2500 intermedio
1469 2477 1556 2501 utens
1575 2469 1725 2501 Sermonis
1743 2467 1896 2508 minister-o.
1923 2466 1994 2500 Hic
2004 2466 2164 2511 Tyranni

1280 2517 1382 2550 timor
1394 2516 1547 2551 Luciano
1555 2518 1633 2552 fecit
1643 2517 1747 2564 largas
1754 2517 1841 2562 apud
1850 2514 2086 2552 Nicomediam
2093 2526 2165 2551 mo*

1281 2566 1373 2600 randi
1385 2567 1533 2601 inducias
1543 2592 1554 2607 ,
1580 2579 1641 2602 nec
1651 2579 1720 2602 non
1732 2569 1767 2602 δε
1790 2567 1983 2602 facultatem
2004 2565 2167 2613 recitandi

1281 2627 1394 2650 coram
1407 2616 1512 2650 Urbis
1524 2617 1680 2652 Praefesto
1693 2617 1910 2662 Apologetiei
1930 2641 1941 2656 ,
1966 2628 2004 2650 ac
2014 2615 2167 2659 patrandi

1281 2677 1401 2710 magna
1412 2667 1476 2700 alia
1488 2678 1596 2710 opera.
1625 2667 1664 2700 In
1674 2669 1739 2701 suis
1751 2668 1943 2703 Sannorum
1963 2661 2085 2702 tabulis
2098 2667 2166 2700 Ros

1283 2727 1377 2750 mana
1389 2716 1531 2750 Ecclesia
1544 2717 1649 2759 ipsum
1659 2729 1755 2751 ornat
1767 2716 1832 2751 hoc
1845 2717 2014 2751 Encomlo
2027 2729 2035 2749 :
2046 2719 2166 2751 'Beatus

1283 2770 1448 2806 Lucianus,
1461 2766 1647 2800 Antiochenae
1657 2766 1781 2808 Ecclesie
1788 2767 1943 2805 Presbyter
1953 2791 1962 2806 ‚
1969 2765 2050 2809 satis
2063 2766 2164 2800 clarus

1282 2816 1417 2849 doc‘lrina
1444 2817 1480 2849 (w
1511 2818 1677 2858 eloquentia
1697 2841 1708 2858 ‚
1739 2818 1841 2861 paffus
1863 2816 1900 2856 est
1923 2822 1958 2850 N
1961 2817 2110 2850 icomedtae
2130 2814 2167 2847 ob

1283 2868 1452 2898 CHRISTI
1469 2866 1663 2908 eonfeffionem
1675 2892 1686 2908 ‚
1702 2865 1894 2910 sepultusque
1905 2866 1943 2907 est
1955 2866 2121 2908 Helenopoh·
2133 2870 2167 2897 in

1284 2915 1427 2954 Bithynia
1438 2939 1449 2957 ,
1469 2919 1556 2957 cujus
1566 2918 1674 2950 laudes
1691 2919 1854 2962 5.Joanne
1872 2914 2085 2960 Chryfhflomus
2094 2916 2167 2948 celo-

1284 2966 1395 2999 bravit.
1425 2965 1529 3013 Qod
1538 2967 1608 3009 ejus
1619 2967 1805 3001 venerabile
1818 2977 1939 3011 corpus
1961 2976 2016 3010 per
2028 2962 2168 3007 Delphin

1286 3027 1345 3048 nos
1356 3016 1455 3049 fuerit
1466 3016 1659 3059 Drepanum
1670 3042 1681 3057 ,
1693 3017 1783 3060 quod
1795 3015 1969 3062 postmodo
1981 3014 2023 3048 ab
2034 3014 2168 3049 Helena.

1262 3104 1265 3110 Ι
1286 3066 1500 3100 Constantini
1508 3067 1618 3101 Matre
1629 3067 1754 3102 dietum
1763 3067 1812 3102 est
1823 3064 2055 3108 Helenopolis,
2066 3074 2169 3103 trans:-

2186 2441 2205 2485 ⁸¹.)

1286 3115 1388 3149 latum
1400 3140 1410 3156 ‚
1432 3115 1557 3150 ibidem
1567 3117 1767 3152 tumulatum
1777 3118 1796 3151 ὸ,
1807 3114 2002 3150 Christianis
2013 3139 2024 3155 ‚
2052 3127 2089 3148 ac
2100 3124 2169 3148 tan-
2191 3128 2194 3132 ⁴

1286 3165 1361 3204 dem
1372 3166 1529 3200 alaudam
1541 3166 1733 3210 Imperatice
1744 3159 1958 3201 ‘honoratum
1972 3165 2099 3210 insigni
2111 3164 2171 3198 Ba-

1286 3215 1372 3249 silica
1384 3240 1395 3255 ‚
1421 3214 1531 3250 scribit
1543 3217 1577 3250 N
1581 3215 1753 3260 icephorus
1765 3215 1940 3250 Callixtus.

1337 3264 1411 3298 Con
1418 3267 1509 3299 sonat
1524 3266 1671 3300 Usuardi
1681 3265 1965 3308 Martyrologium
1975 3277 1981 3296 :
1995 3268 2149 3298 Lucianus
2158 3289 2169 3306 ,

1289 3315 1473 3348 Antiochenae
1485 3319 1515 3348 E
1517 3316 1620 3358 cclefiae
1631 3315 1786 3354 Presbyter
1809 3316 1844 3348 Θ
1855 3318 1969 3353 Martyr
1981 3338 1992 3354 ‚
2020 3323 2072 3357 qui
2088 3314 2170 3358 satis

1287 3366 1385 3397 clarus
1398 3365 1534 3398 doctrina
1547 3368 1581 3400 et
1597 3368 1779 3407 eloquentia,
1800 3365 1903 3408 passus
1925 3364 1964 3404 eft
1983 3366 2169 3398 Nicomedia·

1288 3414 1320 3445 ob
1350 3419 1375 3445 C
1388 3419 1455 3447 HR
1467 3418 1512 3448 15
1523 3419 1577 3448 TI
1609 3415 1814 3457 Confeffioncm
1836 3420 1868 3447 in
1881 3413 2082 3457 persecutione
2104 3418 2170 3448 Ma-

1290 3469 1396 3497 xtmtm·
1421 3489 1431 3506 ‚
1463 3463 1654 3509 sepultusque
1674 3464 1714 3507 estu
1737 3465 1904 3509 Helenopolt
1925 3463 2089 3509 Bithynia,
2126 3465 2173 3500 Et

2072 3514 2172 3551 fausti

2185 3208 2248 3241 Lib.
2279 3212 2306 3239 8.

2186 3258 2251 3288 cap.
2259 3257 2274 3287 3
2283 3258 2318 3279 1.v
