2346 3776
157 3063 159 3096 ἰ

670 120 733 150 ετ
766 106 1097 152 venzonum
1130 106 1559 154 ΝοτΑειιιυΜ.

204 193 370 244 jejunium
386 198 516 236 quartu
531 213 544 232 ,
569 198 610 223 ae
645 189 741 225 sextae
774 189 864 225 feria
898 190 1078 235 antiquiffi·

250 249 366 281 mum.
394 241 471 280 ¹26·
495 250 518 274 ι.
556 239 660 274 Sexta
676 237 788 283 postea
804 238 946 275 defecit.
973 239 1054 277 ibid.

203 294 372 342 jejunium
389 290 546 327 illicitum
561 289 619 324 die
641 289 827 326 Dominica
846 315 854 323 .
899 300 972 340 13¹·
1001 301 1078 339 132.

253 344 411 382 Anolim
431 341 637 385 permissum.
667 351 745 390 133.
772 352 804 378 2.

204 395 368 440 Imagines
378 392 472 427 sacrae
481 391 524 426 ab
535 390 672 426 Arianis
683 392 825 435 dejesta.
857 400 919 436 92,-
948 402 977 426 1.

202 448 435 490 lmperatorem
444 452 515 477 non
536 441 672 477 adibant
688 441 845 486 Episcopi
866 439 999 477 advenae
1020 441 1079 478 nifi

252 505 328 531 cum
339 492 507 537 Episcopo
519 491 922 536 Constantinopolitano.
952 490 1028 539 156.
1055 500 1078 527 1.

203 544 491 590 Imperatorieerat
511 543 546 577 in
559 542 699 577 exilium
710 542 858 576 mittere.
888 538 965 588 148.
995 553 1025 578 1.

201 592 441 632 incarnationis
452 591 656 635 Mysterium
667 591 820 627 adversus
840 591 1057 628 Nestorianos
1067 615 1079 632 ,

250 645 285 680 δε
298 641 528 689 Eutychianos
538 653 581 677 ex
591 642 777 687 Evangelio
787 642 911 677 eruitur
919 667 926 675 .
957 651 1033 689 374.
1044 653 1078 679 2·

201 695 363 733 Indorum
385 693 531 740 Legatio
562 691 606 727 ad
627 691 851 729 Patriarcham
883 691 1078 728 Alexandri-

250 757 354 781 num.
383 753 439 782 10·
470 754 497 778 1.

202 794 416 841 indulgentia
426 792 679 838 dispensatoria.
711 804 775 828 111.
800 804 829 829 1.

203 845 409 882 lnfirmitatis
420 843 571 879 humanae
580 842 739 878 vocabula
762 850 973 887 acceptarunt
984 840 1078 878 Aria-

254 897 312 938 ni,
337 894 427 931 secus
454 893 665 928 Nestoriani.
692 903 772 940 379.
801 903 829 926 1.

203 942 438 992 Ingeniaacria
450 942 579 986 injuriis
599 942 859 979 nonirritanda.
885 940 966 989 358.
995 951 1024 977 1.

200 994 380 1030 Invocatio
400 992 591 1037 Martyrum
610 1017 622 1035 ,
657 994 697 1028 ἀ
713 994 887 1028 ‘Sacrarum
913 992 1079 1036 Reliquia-

251 1055 326 1080 rum
348 1043 456 1079 cultus
472 1068 483 1085 ,
513 1043 734 1088 antiquiffima
754 1066 767 1085 ‚
791 1042 834 1078 ab
855 1042 928 1087 ipfis
946 1042 1093 1090 inducta,

250 1093 440 1139 Apostolis.
463 1102 519 1142 94.
545 1103 578 1130 a„

199 1143 340 1188 loannis
350 1143 559 1180 Antiocheni
570 1141 775 1190 Ephefinum
788 1141 1061 1179 Conciliabulum
1069 1167 1077 1176 .

301 1221 309 1228 .
340 1206 368 1232 1.

200 1244 235 1279 S.
253 1203 307 1289 300:
330 1243 542 1291 Evangelista
563 1244 629 1280 suit
648 1244 781 1289 Martyt
804 1269 814 1279 .
849 1243 927 1292 '¹⁶9-
957 1255 990 1281 1.
1022 1242 1081 1279 Ob

252 1294 338 1331 novi
349 1294 560 1331 Testamenti
571 1295 809 1340 Episcopatum
827 1293 970 1340 gestavit
992 1293 1082 1328 lami·

247 1355 331 1379 nam
340 1355 492 1386 auream,
515 1345 607 1380 unde
627 1345 725 1390 origo
738 1344 942 1389 Episcopalis
951 1343 1056 1379 miti-2
1073 1368 1081 1376 .

248 1392 333 1429 ibid.
371 1394 586 1430 Laodicenfis
608 1395 791 1440 Episcopus
823 1394 862 1430 in
881 1392 1081 1439 Apocalypsi

249 1454 455 1481 memoratus
475 1445 541 1481 fuit
562 1445 593 1480 S.
604 1445 756 1491 Sagaris,
779 1444 815 1480 dt
835 1443 1031 1480 Sardicenfis
1051 1442 1084 1477 S.

249 1493 390 1531 Milito.
417 1494 499 1531 ibid.
538 1493 641 1539 Apud
663 1493 832 1539 Ephesum
853 1503 1022 1531 mortuus,
1048 1492 1082 1523 &

248 1545 397 1587 sepultus
407 1568 415 1575 .
438 1545 488 1575 ib.

200 1591 374 1637 Judaizare
382 1591 470 1626 circa
480 1588 649 1624 Paschatis
661 1588 751 1622 diem
762 1586 846 1621 olim
856 1586 952 1621 licuit
972 1585 1084 1621 Eccle-

200 1636 482 1736 Jugilcsialiilgde·
506 1686 674 1732 Episcopo
712 1685 943 1722 instantiarum
976 1685 1061 1722 ordo
1076 1712 1083 1719 .

202 1737 504 1837 Ῑιιᾶἰὲῗῑιωιὸῗηὲἓ
522 1768 685 1832 Cypriani
706 1785 747 1821 de
767 1785 865 1821 Nino
891 1811 903 1828 ,
929 1786 1085 1822 Clemen-

255 1839 350 1875 tiano
371 1862 383 1880 ,
422 1836 525 1872 Floro
543 1862 555 1879 ,
591 1837 624 1872 vi
645 1845 886 1872 tormentorum
919 1836 1054 1872 subastis
1079 1862 1086 1869 .

204 1888 443 1985 Ju3i6tiae2r⁰adix
455 1935 569 1973 debuit
578 1937 641 1973 effe
659 1934 869 1973 Deus-homo
883 1961 891 1970 .
921 1946 997 1985 359.
1033 1948 1060 1970 1.

606 2034 687 2124 L

290 2190 440 2227 Astantii
453 2187 685 2234 persecutionis
704 2189 738 2222 in
752 2185 960 2224 Christianos
971 2185 1087 2222 descri-

317 2242 387 2286 ptio
412 2266 422 2281 ‚
447 2241 479 2276 &
502 2239 735 2284 amplificatio.
765 2248 820 2285 94.
854 2249 881 2275 1.

207 2291 351 2326 Laicalis
360 2290 555 2326 communio
566 2290 649 2325 olim
662 2290 699 2323 in
711 2289 789 2323 usu.
823 2287 897 2336 158.
930 2300 958 2325 1.

207 2341 304 2376 Laici
324 2353 392 2376 non
409 2341 454 2376 est
466 2341 507 2377 de
519 2339 688 2384 Episcopis
700 2338 846 2381 judicare
859 2364 866 2371 .
897 2348 976 2386 274.
1003 2347 1034 2371 2.

212 2391 396 2432 Lamponis
408 2389 557 2423 Ab-astis
578 2388 730 2422 scelerata
743 2387 889 2423 facinora
909 2389 929 2422 a
943 2386 1087 2423 Philone

259 2439 369 2484 Judaeo
388 2438 556 2482 exposita.
596 2447 672 2474 102-
700 2449 731 2475 2·

208 2489 304 2532 Lapfi
327 2487 368 2523 ad
381 2487 517 2523 Cletum
538 2499 608 2523 non
622 2487 769 2522 admiffi.
796 2499 876 2535 252.
906 2499 934 2525 1.

208 2539 304 2583 Lapfi
327 2538 507 2582 Episcopi,
531 2549 570 2572 ac
591 2537 715 2572 Clerici
735 2538 902 2572 interdum
928 2537 970 2572 ad
986 2537 1088 2572 Com-

259 2589 457 2624 munionem
468 2588 614 2630 Laium,
626 2587 793 2622 interdum
803 2588 886 2623 infra
902 2587 1029 2622 detrufi.
1042 2587 1089 2624 ib..

209 2639 306 2683 Lapfi
319 2639 461 2679 stantes,
486 2639 569 2682 qui?
595 2647 674 2685 252.
706 2647 734 2672 1.

208 2688 307 2732 Lapfi
326 2687 504 2733 adjuvandi
529 2687 650 2733 junstis
677 2687 782 2723 totius
809 2688 963 2724 Ecclesiae
985 2688 1074 2734 preci

261 2738 338 2773 bus.
361 2751 435 2777 ιη.
464 2751 497 2777 2.

207 2785 308 2833 Lapfi
334 2789 532 2824 confitentes
551 2787 632 2823 dure
656 2788 846 2832 increpandi
884 2800 953 2823 non
989 2790 1085 2830 sunt,

257 2839 488 2875 coufimdendi
503 2863 513 2880 ,
539 2849 596 2873 aut
605 2839 671 2873 fine
691 2838 957 2873 absolutionibus
976 2838 1088 2873 dimit-

259 2887 377 2931 tendi,
397 2889 482 2924 citra
495 2890 641 2934 ipsorum
655 2887 897 2931 neceffitatem,
921 2898 980 2924 aut
1000 2888 1088 2923 utili·

258 2947 382 2974 tatem.
409 2949 478 2977 112·
504 2951 536 2976 2·

210 2986 321 3034 Lapfis
331 2987 378 3024 ob
387 2998 512 3024 metum
522 3013 534 3031 ,
560 2988 696 3024 triennii
717 2988 911 3034 poenitentia
921 2989 1086 3033 injuncta.

211 3038 429 3124 vssffufihm
449 3087 577 3134 Lapsus
605 3087 768 3136 fignificat
788 3088 987 3125 1d0101atriae
1008 3087 1085 3124 deu-

212 3140 639 3234 hffitgipoassg,1kmstus
663 3201 734 3227 non
764 3189 870 3236 potest
905 3189 1087 3234 resurgere.

215 3247 339 3329 &335
347 3251 457 3325 ²dumis
466 3257 668 3326 Idololatria
678 3302 748 3327 non
759 3289 984 3326 absolvebatur
1003 3289 1088 3324 olim

271 3345 333 3369 nee
358 3340 394 3373 in
406 3340 520 3375 mortis
531 3341 687 3377 articulo.
721 3340 775 3389 96.
803 3351 834 3375 2.

218 3383 343 3421 Latina
362 3386 504 3425 Ecclesia
526 3389 729 3427 Arianorum
750 3416 762 3434 ,
786 3389 1087 3430 Macedoniorum,

270 3433 557 3476 Marcellhmrum
582 3466 593 3481 ‚
616 3443 650 3478 dc
671 3441 947 3490 Apollinistarum
968 3451 1089 3478 errores

270 3482 339 3522 fer&
352 3483 535 3534 ignoravit.
563 3488 631 3540 187.
661 3501 693 3540 ,¹-

1548 184 1550 186 ,
1841 128 1944 176 415

1143 190 1262 225 Latina
1273 189 1437 233 Ecclesia,
1459 191 1634 234 przsertim
1655 192 1832 238 Romana,
1853 198 1890 233 dc
1909 197 2017 244 Aqui.

1192 239 1316 282 lejenfis
1342 240 1406 275 suis
1428 239 1688 275 -Catechumenis
1722 246 1844 291 semper
1878 249 2015 284 tradidit

1194 288 1427 334 Apostolicum
1442 290 1659 334 Symbolum.
1690 290 1764 328 186.
1794 307 1822 333 1.
1874 296 2018 342 Ubique

1193 340 1259 374 fine
1279 339 1423 376 Nicaenis
1440 341 1695 376 additamentis.
1722 340 1766 375 ib.
1792 354 1823 380 2.
1857 348 2017 393 exemplis

1193 389 1455 426 demonstratur.
1479 391 1527 427 ib.

1140 439 1300 477 Latinam
1321 440 1500 476 Ecclesiam
1522 466 1534 483 ,
1575 453 1647 487 qua».
1668 441 1760 477 aliud
1784 442 1821 476 in
1845 441 2020 488 baptismi,

1192 489 1281 526 aliud
1306 490 1338 525 in
1347 490 1422 526 aliis
1444 491 1573 527 astibus
1584 492 1692 538 exigit
1712 492 1932 537 Symbolum,
1957 494 2023 529 Hi-

1193 542 1303 585 spania
1322 540 1448 576 irritata
1460 542 1525 576 est.
1557 539 1634 579 188.
1666 552 1695 577 1.

1137 591 1287 636 ,Legatus
1299 590 1447 626 Romani
1461 591 1637 627 Pontificis
1657 593 1693 627 in
1703 593 1860 629 omnibus
1883 592 2021 630 Provin-

1192 641 1252 675 ciis
1263 640 1437 685 Synodum
1449 637 1567 676 habere
1581 652 1728 686 poterat.
1761 644 1837 691 158.
1862 655 1895 682 2.

1143 690 1332 726 Libellatici
1346 691 1506 734 quinam?
1535 701 1598 728 101.
1625 703 1646 726 ι.

1144 741 1357 777 Libellaticos
1368 752 1445 776 cum
1457 741 1644 777 sacrificatis
1653 743 1773 789 aequari
1787 755 1857 779 non
1867 753 1998 789 oportet
2008 768 2021 779 .

1191 791 1272 826 ibid.

1144 840 1350 876 Libellorum
1360 842 1534 886 profeffio,
1562 841 1669 885 quid?
1697 853 1773 881 102.
1797 855 1820 879 i.

1145 890 1294 926 Libellus
1305 892 1396 936 quis,
1416 893 1456 927 ἀ
1468 892 1574 936 qualis
1594 893 1693 928 fuerit
1706 917 1714 925 .
1740 892 1821 929 ibid.

1145 941 1294 977 Libellus
1314 943 1418 977 solam
1439 943 1608 984 animam,
1634 953 1704 977 non
1715 954 1773 985 ος,
1799 952 1862 979 aut
1882 954 2021 978 manum

1194 991 1379 1026 maculabat
1396 1017 1408 1025 ..
1436 1001 1512 1039 103.
1541 1005 1572 1029 2.

1145 1041 1452 1086 Librorumjudicia
1462 1042 1503 1077 ad
1515 1042 1720 1089 dogmaticas
1729 1042 1942 1079 definitiones
1954 1054 2020 1088 pet·

1195 1092 1321 1127 tinent.
1350 1101 1431 1139 327.
1459 1101 1481 1126 «ι.

1143 1141 1285 1178 Luciani
1297 1152 1426 1186 genus,
1452 1143 1541 1184 vita,
1566 1143 1719 1179 ἄπιστε.
1747 1154 1803 1191 54.
1829 1155 1862 1180 2.
1897 1142 2023 1186 injuria

1194 1191 1353 1227 nonnulli
1372 1191 1561 1227 Lucianum
1579 1203 1736 1236 tanquam
1757 1193 1890 1229 Ariana
1914 1193 2024 1227 Haere-

1194 1242 1266 1277 seos
1275 1243 1439 1277 fautorem
1448 1242 1692 1279 calumniantur
1699 1268 1707 1277 .
1739 1244 1795 1292 56.
1822 1242 1902 1287 Ejus
1913 1241 2028 1278 defen·

1194 1291 1261 1326 fio.
1288 1301 1344 1339 57.
1374 1303 1400 1326 1.
1426 1293 1460 1327 ὅ(
1484 1305 1517 1329 2.

1147 1341 1317 1377 Lucianus
1335 1342 1508 1386 antiquam
1531 1353 1589 1392 70.
1613 1343 1835 1389 Interpretum
1845 1341 2029 1391 versionem

1194 1402 1241 1426 vex
1260 1391 1621 1430 Haebreoemendavit.
1647 1391 1702 1441 58-
1732 1405 1762 1432 1-

1517 1518 1631 1622 M

1216 1719 1218 1722 ,
1263 1685 1480 1722 Acedoniana
1492 1685 1614 1721 haerefis
1626 1686 1660 1722 in
1673 1688 1812 1732 Synodo
1837 1689 2031 1728 constanti·-

1286 1737 1480 1781 nopolitana
1492 1737 1663 1772 damnata.
1695 1739 1772 1785 356.
1803 1750 1835 1776 1·
1860 1741 2029 1787 &357.1.

1149 1786 1738 1822 MacedonianidiffiMarathoniani
1756 1812 1768 1829 ,
1793 1789 1876 1823 cur?
1905 1799 1983 1838 357.
1999 1801 2030 1826 1.

1151 1836 1355 1871 Manichaeus
1368 1837 1490 1880 primus
1503 1837 1609 1881 legem
1620 1837 1661 1871 de
1694 1849 1762 1872 non
1775 1837 1955 1882 jejunando
1974 1838 2031 1875 die

1200 1887 1380 1921 Dominica
1407 1887 1529 1921 violare
1546 1887 1664 1930 coepit.
1695 1897 1769 1934 132.
1797 1900 1829 1926 2.

1149 1937 1273 1971 Manus
1284 1935 1450 1980 impositio
1465 1935 1626 1972 haereticis
1639 1938 1851 1973 redeuntibus
1874 1938 1950 1974 data
1963 1938 2033 1975 fuit

1201 1986 1461 2031 poenitentialis.
1487 1996 1567 2035 343.
1595 1999 1626 2026 2.

1151 2038 1317 2071 Mannum
1327 2037 1493 2079 impositio
1505 2061 1515 2076 ,
1543 2039 1584 2071 de
1597 2049 1660 2083 qua
1676 2038 1795 2073 Canon
1811 2041 1947 2076 octavus
1968 2036 2033 2075 Ni·

1201 2099 1331 2127 caenus,
1357 2087 1459 2130 quid?
1483 2096 1565 2133 250.
1598 2099 1627 2124 1.

1150 2138 1387 2172 Marcellinum
1408 2137 1530 2179 Papam
1555 2138 1648 2172 fuiffe
1670 2139 1817 2183 lapsum,
1844 2138 2029 2175 Donatista·

1200 2200 1274 2222 rum
1285 2187 1330 2221 est
1342 2198 1585 2225 commentum.
1614 2199 1694 2234 252.
1722 2202 1753 2228 2.

1152 2237 1596 2281 Marcellianorumlegendum
1611 2239 1715 2281 primo
1735 2238 1876 2273 Canone
1897 2239 2030 2282 Synodi

1197 2287 1581 2331 Constantinopolitanae
1594 2289 1702 2332 prima:
1720 2300 1780 2333 pro
1803 2290 2030 2324 Macedoniam-

1200 2350 1285 2372 rum.
1313 2348 1392 2386 230·
1422 2349 1453 2374 2·

1150 2389 1301 2423 Marcelli
1315 2388 1435 2422 haerefis
1446 2387 1616 2423 damnata.
1647 2401 1726 2438 325.
1752 2402 1783 2428 2·
1826 2390 1926 2425 Circa
1937 2389 2028 2424 Mar-

1199 2439 1274 2474 celli
1302 2438 1480 2473 Personam
1508 2451 1567 2473 nec
1579 2441 1597 2473 a
1610 2440 1699 2482 Julio
1713 2466 1723 2481 ,
1751 2451 1812 2475 nec
1829 2440 1849 2474 ὲ
1860 2439 2030 2475 Sardiceu·

1197 2490 1222 2523 fi
1238 2489 1439 2523 verisimilius
1449 2500 1590 2523 erratum
1635 2490 1712 2535 326.
1746 2503 1772 2527 1.

1150 2539 1355 2574 Marcellus&
1367 2539 1543 2574 Sardicenfi
1560 2541 1745 2580 restitutus,
1770 2541 1831 2583 qui
1851 2538 2029 2584 Synodum

1196 2589 1415 2623 circumvenit
1439 2615 1446 2620 .
1485 2598 1565 2634 325.
1595 2600 1622 2621 ι.

1149 2639 1326 2673 Marcellus
1337 2638 1469 2672 tandem
1490 2640 1663 2672 damnatus
1678 2663 1687 2671 .
1713 2640 1791 2686 326.
1818 2649 1851 2675 2.

1151 2691 1181 2724 S.
1204 2690 1311 2723 Marci
1332 2689 1514 2731 sepulcrum
1532 2712 1542 2727 ‚
1566 2687 1647 2722 ubi?
1675 2699 1716 2736 3¹·
1747 2700 1775 2724 1-

1148 2738 1425 2773 Marcionitarum
1447 2739 1665 2780 quorumdam
1685 2749 1773 2772 error
1786 2738 1875 2771 suam
1893 2749 2026 2773 carnem

1195 2788 1396 2828 odientium,
1408 2789 1503 2832 seque
1514 2787 1687 2830 Tyr-annis
1697 2788 1907 2822 tradentium.
1920 2798 1992 2833 ¹07·
2002 2800 2024 2823 ι.

1147 2840 1314 2874 Mareotes
1334 2838 1456 2882 duplex
1468 2849 1544 2882 ager
1561 2838 1607 2872 est
1621 2862 1629 2869 .
1657 2849 1688 2884 5.
1717 2848 1749 2873 2.

1147 2889 1178 2924 S.
1189 2888 1332 2924 Martini
1348 2887 1441 2922 verba
1452 2887 1509 2922 illa
1521 2887 1752 2932 expenduntur
1764 2901 1775 2921 :
1800 2886 2024 2930 Dominefiad-

1141 2969 1147 2978 ,
1196 2938 1465 2982 hucpopulo,&c.
1493 2947 1561 2974 110.
1590 2951 1621 2975 2.

1147 2989 1314 3024 Martinus
1336 2989 1493 3023 Pontifex
1523 2988 1558 3023 in
1580 2989 1639 3022 suo
1652 2989 1860 3024 Lateranenli
1883 2987 2026 3032 Synodo

1196 3039 1399 3079 Sabellium,
1426 3037 1560 3079 Arium,
1591 3039 1823 3080 Eunomium‚
1848 3037 2025 3082 Apollina-

1196 3090 1306 3130 rium,
1333 3086 1555 3132 Eutychetem
1574 3113 1585 3129 ,
1610 3091 1646 3124 ἀ
1668 3101 1784 3126 omnes
1807 3089 2023 3124 Confunden-

1196 3149 1245 3174 tes
1267 3139 1433 3173 haereticos
1455 3136 1709 3174 anathematizat
1722 3165 1730 3173 .
1757 3150 1812 3187 90.
1843 3149 1874 3174 2.

1147 3190 1348 3234 Martyrium
1362 3201 1428 3224 non
1443 3188 1665 3224 invadendum
1677 3190 1815 3232 temere,
1842 3188 1898 3224 sed
1918 3197 2022 3224 matu-

1197 3252 1235 3275 ro
1259 3239 1397 3274 consilio
1416 3238 1657 3274 differendum.
1687 3249 1764 3288 109.
1795 3251 1824 3278 1.

1147 3290 1292 3324 Maximi
1303 3289 1425 3332 Cynici
1451 3288 1619 3324 ordinatio
1630 3290 1806 3327 damnata·
1834 3297 1910 3335 359-
1941 3296 1969 3320 1·

1147 3340 1318 3374 Maximus
1353 3339 1505 3382 Cynicus
1540 3339 1742 3374 clandestine
1774 3337 1943 3373 ordinatus
1978 3334 2020 3369 ad

1199 3389 1399 3433 Apollinarii
1418 3387 1736 3434 haerefimdelapsus.
1764 3395 1842 3434 335.
1871 3396 1899 3421 1·
1926 3385 1961 3419 &
1986 3396 2019 3420 2-

1147 3438 1268 3474 Maechi
1280 3439 1388 3474 multo
1399 3439 1553 3484 gravior,
1577 3439 1611 3475 ἀ
1622 3439 1710 3485 pejor
1721 3447 1820 3481 quam
1833 3433 2019 3472 Libellatici

1196 3489 1291 3526 causa
1313 3488 1379 3525 est.
1411 3498 1485 3527 101.
1516 3497 1543 3524 1.

1867 3534 1972 3581 Meles
