2346 3776
640 91 1087 141 DrssnRTATm

197 177 386 222 politanum
407 189 415 211 ε
452 177 558 210 Ariani
578 173 700 206 addunt
719 174 818 205 Deum
837 170 966 204 Verbum
987 180 1081 204 muta-

198 228 270 262 bilis
286 228 338 272 effic
355 235 494 264 naturae,
520 221 701 266 virtutisque
719 222 755 256 Θ
776 226 848 255 vitii
865 229 1020 262 capacem,
1047 222 1081 255 Θ

198 277 258 312 bac
267 302 279 318 ,
303 289 342 311 ex
351 287 408 310 non
416 274 601 315 exstantibus
613 297 624 313 ,
645 282 715 305 voce
723 271 849 304 indulla
860 295 871 311 ,
884 274 1018 304 Divinas
1032 275 1081 304 Li-

196 337 282 362 teras
295 351 306 367 ‚
329 326 408 369 quod
410 323 529 368 semper
536 322 638 364 fuerit
649 346 660 362 ‚
686 321 897 363 labefae‘lant,
923 332 991 363 quae
1011 325 1081 354 Ver-

197 378 230 412 bi
244 374 516 410 inmutabilitatem
538 383 574 406 ac
593 375 757 415 Sapientiae
778 371 867 404 Verbi
877 374 1081 404 Divinitatem

221 434 300 460 ocent
311 448 322 464 ,
334 425 416 466 quod
421 423 459 464 est
470 422 614 462 cbristus.
641 421 899 466 ,Quarepeffiimus
909 422 943 454 (vt
954 432 1006 454 nos
1019 445 1030 460 ,
1047 430 1081 453 ut

195 429 358 519 &suriae
368 475 470 507 dicunt
483 497 494 513 ,
520 474 595 506 Filii
608 476 668 506 Dei
680 472 750 514 fieri
761 494 772 510 ‚
789 470 864 512 ficut
875 471 910 504 ζ’]
921 472 978 504 ille.
1005 473 1081 504 Scri-

191 523 439 571 ptumestenim:
466 524 563 556 Filios
580 528 694 566 genui,
719 522 754 555 &
772 521 918 555 exaltavi.
955 525 995 553 At
1016 532 1081 554 cum

195 577 258 610 illis
267 574 424 616 objicitur,
450 571 508 615 ipfi
512 582 612 606 autem
633 570 815 615 spreverunt
837 582 906 609 me,
930 572 1081 613 quodser-

194 613 314 663 eiatoris
327 633 446 658 naturae
457 635 514 656 non
525 629 685 662 convenit,
711 626 762 664 qui
783 629 895 655 natura
917 621 956 662 est
978 627 1082 653 immu-

193 675 300 710 tabilis
313 699 325 715 ,
345 675 492 716 pudorem
512 684 626 707 omnem
644 680 786 706 exuentes
808 694 819 711 ,
846 673 944 704 Deum
967 672 1058 709 aiunt
1070 694 1080 710 ,

192 736 262 760 cum
269 723 462 768 praefhientia
480 725 515 758 Θ
532 720 727 766 praesenfione
742 719 801 763 sua
812 721 899 763 noffet
909 718 1082 763 aspernatu-

195 787 265 809 rum
276 786 334 808 non
346 776 418 818 ff,
444 771 541 815 ipfiim
550 784 589 806 ex
611 771 744 805 omnibus
765 771 876 814 eligiffe.
904 774 977 803 Non
1003 775 1081 802 enim

194 824 279 868 quod
287 831 399 857 natura
409 847 421 863 ,
445 824 481 856 (tr
488 830 558 863 prae
569 823 639 855 aliis
645 820 721 863 filiis
727 826 916 862 praecipuum
935 821 1082 862 quiddam

197 874 343 915 haberet;
368 881 480 905 natura
490 877 600 914 quippe
611 895 622 910 ,
648 880 683 904 ut
691 871 794 911 dicunt
804 893 816 910 ,
834 873 892 904 Dei
908 870 1007 904 Filius
1018 870 1082 902 nul-

193 924 245 962 lus
256 922 317 963 est,
342 933 397 956 nec
405 922 499 955 ullam
508 922 552 954 ad
571 932 638 954 eum
659 919 750 954 habet
766 925 1004 962 proprietatem;
1025 918 1085 962 fird

195 978 271 1017 quia
280 983 346 1006 cum
356 971 510 1005 mutabilis
521 972 586 1014 mser
605 979 725 1004 naturae
736 994 746 1010 ,
768 978 893 1013 propter
904 969 1081 1014 ‚singularem

192 1033 313 1057 morum
333 1033 438 1056 curam
459 1022 495 1055 Θ
514 1021 700 1064 diligentiam
719 1022 766 1053 ad
781 1021 929 1054 deteriora
947 1028 1080 1053 mutatus

189 1084 256 1109 ,non
266 1072 304 1113 est
315 1097 326 1113 ‚
351 1070 448 1114 ipsum
458 1072 554 1116 elegit.
582 1071 661 1104 Adeo
671 1069 740 1112 utfi
746 1073 860 1103 Paulus
870 1072 905 1104 ὁ·
916 1073 1026 1104 Petrus
1046 1073 1079 1100 in

189 1122 247 1158 boc
256 1122 437 1156 elaborarint
448 1145 459 1161 ‚
484 1120 577 1154 nihilo
586 1119 833 1161 hispraestantior
838 1119 923 1161 foret
933 1120 1012 1152 illius
1025 1120 1079 1150 Fi-

191 1174 285 1208 datio.
314 1174 418 1215 ,Quam
428 1170 473 1209 isti
485 1168 632 1213 vesanam
654 1170 829 1204 DoHrinam
847 1179 882 1202 ut
902 1168 1077 1210 adstruant,

192 1225 357 1264 scripturis
369 1231 483 1263 quoque
501 1220 661 1252 illudentes
674 1243 686 1258 ‚
712 1220 790 1251 illud
797 1219 949 1258 adficiunt
957 1218 1038 1260 quod
1046 1218 1079 1250 in

192 1271 326 1314 Psalmis
336 1271 374 1304 de
385 1268 500 1309 Christo
513 1268 626 1303 diHum
637 1266 692 1308 est:
721 1266 1013 1307 Dilexistijustitiam
1022 1292 1033 1307 ,
1046 1266 1080 1301 6·

189 1320 276 1361 odisti
284 1324 475 1360 iniquitatem
485 1340 496 1356 ,
517 1322 679 1358 propterea
691 1321 783 1349 unxit
805 1325 837 1350 te
859 1319 945 1350 Deus
957 1341 969 1358 ,
994 1319 1078 1350 Deus

190 1380 264 1405 tuus
280 1372 340 1403 oleo
349 1369 541 1411 laetitiaeprae
554 1365 756 1408 participibus
778 1372 848 1399 tuis.
877 1364 979 1403 Arius
1001 1377 1078 1401 cum

189 1420 340 1465 Origene
361 1418 495 1464 garrivit
511 1428 554 1450 ex
573 1415 731 1451 omnibus
740 1415 782 1451 ab
799 1415 939 1451 exordio
962 1416 1077 1451 creatis

189 1469 364 1505 Mentibus
375 1478 491 1502 omnes
501 1466 690 1510 apostatasse
700 1476 811 1510 praeter
823 1466 976 1500 unicam:
988 1465 1079 1509 Apo-

188 1518 317 1555 statasse
329 1529 384 1562 per
398 1517 538 1552 liberum
550 1515 734 1557 arbitrium,
745 1516 884 1561 ideoque
895 1516 928 1550 ἀ
938 1517 1079 1560 perseve-

187 1579 263 1605 eare
271 1568 421 1613 potuisse.
435 1566 492 1601 An
506 1565 580 1601 istas
592 1566 627 1600 in
639 1567 724 1601 resta
734 1566 906 1601 voluntate
915 1565 1078 1606 conditas,

187 1620 224 1655 ἀ
236 1618 340 1663 plenis
351 1618 440 1652 illius
451 1616 671 1652 custodiendae
680 1616 805 1651 viribus
826 1615 996 1651 instructas
1013 1627 1080 1650 cre-

190 1669 338 1705 diderint
352 1693 364 1709 ,
388 1669 526 1713 ignoro:
555 1666 590 1701 Si
599 1666 798 1701 crediderint
807 1691 819 1707 ,
843 1678 885 1701 eo
898 1667 998 1710 usque
1009 1677 1078 1700 non

189 1719 478 1763 pelagianizarunt.
505 1717 642 1752 Interim
652 1716 737 1751 varie
747 1726 904 1752 errarunt.
941 1715 1056 1750 Primo
1069 1739 1080 1755 ‚

190 1768 284 1812 quod
297 1767 430 1801 istarum
450 1767 621 1800 Mentium
640 1767 857 1809 aequalitatem
875 1766 1078 1801 somniarint.

188 1817 325 1855 Deinde
336 1840 348 1857 ,
375 1815 465 1860 quod
475 1826 592 1850 omnes
602 1825 710 1858 praeter
720 1826 822 1850 unam
832 1815 1023 1859 apostatasse
1034 1814 1080 1848 di-

189 1868 311 1905 xerint.
338 1864 459 1900 Tertio
473 1889 485 1905 ‚
503 1864 594 1908 quod
605 1865 759 1899 Mentem
769 1866 1025 1909 perseverantem
1035 1863 1080 1898 ob

189 1917 284 1952 istius
295 1913 537 1960 perseverantiae
546 1914 701 1948 meritum
712 1914 855 1948 dixerint
875 1913 1080 1959 adsumptam

187 1966 234 2002 nd
246 1966 408 2002 Divinam
430 1963 609 1999 Unionem
629 1975 667 1997 ac
691 1963 899 1998 filiationem.
925 1963 1056 2011 Qartd
1067 1987 1078 2005 ,

187 2016 283 2061 quod
293 2015 439 2051 dixerint
450 2014 551 2049 etiam
564 2013 706 2048 sanstam
718 2012 805 2047 Petri
827 2025 865 2047 ac
876 2013 971 2047 Pauli
983 2014 1081 2048 Men·

187 2077 260 2102 tem
282 2067 480 2110 perseverare
500 2088 511 2104 ,
536 2073 634 2107 atque
656 2064 702 2097 ita
721 2061 890 2097 Christum
910 2063 987 2097 fieri.
1028 2063 1077 2097 Hi

187 2116 259 2151 duo
270 2116 461 2160 posteriores
472 2115 547 2148 sunt
561 2110 743 2158 Pelagianae
763 2125 801 2147 ac
822 2113 903 2147 item
914 2113 1078 2147 Nestoria-

188 2178 240 2201 nae
250 2165 373 2200 haerefis
384 2164 515 2199 articuli
528 2188 539 2205 ,
558 2174 641 2208 quos
652 2164 818 2208 insigniter
830 2173 997 2207 expugnat
1011 2164 1078 2197 san-

189 2218 259 2251 stus
269 2215 476 2261 Augustinus
486 2215 522 2249 in
533 2213 635 2248 Libro
646 2213 687 2247 de
698 2213 984 2247 Praedestinatione
999 2214 1073 2247 San-

189 2268 321 2301 &orum
334 2290 345 2306 ,
370 2266 452 2301 acin
465 2264 567 2299 Libro
581 2263 622 2299 de
631 2263 723 2298 dono
734 2264 983 2307 perseverantiae.
1022 2263 1075 2297 Ex

187 2314 258 2351 istis
271 2317 352 2351 item
363 2315 451 2350 vides
462 2315 584 2349 Arium
593 2314 686 2350 fuiss‘e
705 2313 842 2350 abusum
860 2313 969 2349 media
980 2314 1075 2348 Divi-

187 2377 240 2402 nae
250 2365 430 2410 Majestatis
440 2366 594 2400 Scientia.

242 2414 345 2451 Arius
357 2415 517 2451 laboravit
531 2416 633 2450 etiam
644 2416 878 2451 Iconoclastica
890 2415 1009 2449 Haerefi
1019 2439 1030 2456 ,
1040 2415 1074 2449 ὅ(

187 2465 236 2500 est
248 2466 374 2509 primus,
388 2467 463 2500 fons
486 2467 521 2500 ὃ(
539 2464 665 2500 Auctor
686 2467 783 2501 illius.
810 2467 858 2501 lta
883 2466 1016 2499 testatur
1036 2477 1073 2499 ac

187 2514 391 2550 demonstrat
413 2515 548 2558 septima
573 2516 733 2558 Synodus.
773 2517 908 2550 Etenim
938 2517 1072 2558 profana

188 2565 407 2599 Constantini
420 2564 588 2599 Caballini
599 2565 635 2599 in
645 2566 766 2600 Hieriae
778 2566 908 2600 Palatio
921 2565 1073 2609 Synodus

187 2614 227 2649 in
238 2614 524 2652 nosOrthodoxos
537 2616 663 2649 vomuit
685 2614 749 2650 hoc
772 2616 956 2650 convitium
978 2628 985 2648 :
1019 2620 1074 2649 Vae

188 2666 252 2698 iliis
264 2690 274 2706 ‚
300 2671 372 2707 quia
393 2666 456 2698 cum
478 2668 569 2705 Ario,
596 2666 631 2699 (Ὺ
650 2664 783 2708 Dioftoro
800 2690 811 2706 ,
836 2667 871 2700 (²5
893 2664 1072 2705 Eutychen,

187 2723 279 2757 atque
297 2716 361 2748 cum
382 2714 597 2757 Acephalorum
618 2714 726 2757 haerefi
738 2725 926 2749 erraverunt.
966 2715 1072 2750 Blate-

186 2766 272 2798 ravit
294 2789 305 2805 ,
331 2764 418 2808 quod
441 2764 564 2799 Christi
587 2764 730 2800 Domini
756 2765 976 2800 Divinitatem
995 2765 1071 2799 cum

187 2813 274 2848 Ario
285 2815 624 2858 circumscripserimus
645 2814 722 2850 loco
734 2839 745 2855 ‚
770 2826 827 2849 aut
839 2827 916 2850 cum
934 2816 1072 2850 Diosco-

187 2876 225 2898 ro
236 2865 269 2898 δε
282 2863 457 2897 Eutichete
469 2865 649 2899 miserimus
670 2866 705 2898 in
725 2877 855 2899 carnem
870 2890 882 2906 ‚
907 2876 1006 2909 atque
1026 2866 1070 2900 ita

188 2914 394 2948 crederemus
407 2914 494 2956 poffe
503 2913 646 2959 depingi.
674 2914 723 2949 At
739 2916 815 2950 vero
834 2916 871 2950 in
893 2916 1072 2950 Eruditiffi-

186 2975 243 2998 mo
257 2988 268 3004 ‚
294 2975 350 3007 per
363 2963 531 3007 septimam
544 2963 716 3006 Synodum
726 2965 864 3009 probato
875 2990 886 3006 ,
913 2966 994 3000 acin
1006 2967 1071 3000 sex-

185 3022 220 3048 ta
232 3013 298 3056 ejus
310 3012 452 3046 Affione
476 3024 531 3055 per
551 3013 775 3057 Epiphaniam
788 3015 1071 3059 Constantinopo-

187 3062 295 3097 litanae
307 3063 453 3097 Ecclefiae
465 3063 656 3097 Diaconum
673 3063 753 3099 leste
775 3067 884 3110 Opere
904 3065 1069 3109 respondit

187 3113 311 3147 sanstus
323 3111 506 3156 Stephanus
529 3112 682 3155 Martyr,
707 3125 745 3148 ac
766 3115 881 3149 Abbas
899 3115 986 3159 apud
1007 3116 1070 3159 By-

188 3160 358 3197 thiniosin
372 3162 494 3196 Monte
514 3162 613 3196 sancti
636 3162 814 3197 Auxentii:
841 3168 922 3208 ,Quis
944 3177 990 3199 eos
1012 3177 1068 3198 non

188 3212 374 3245 execrabitur
385 3223 450 3245 cum
463 3216 531 3244 Ario
542 3236 553 3252 ,
577 3213 612 3246 (θ’
623 3211 755 3256 Dioftoro
765 3238 776 3253 ,
802 3216 837 3247 Θ
853 3215 1014 3254 Eutycbete
1023 3217 1068 3248 di-

187 3270 286 3295 centes
297 3286 307 3302 ‚
333 3271 422 3304 atque
431 3263 495 3295 cum
509 3261 720 3304 Acepbalorum
733 3262 837 3305 baerefi
842 3275 944 3299 errare
956 3265 1066 3300 Eccle-

188 3310 265 3344 fiam
279 3335 290 3351 ,
312 3310 379 3353 ipfis
388 3311 443 3344 hos
454 3310 631 3345 habentibus
642 3315 841 3354 Praeceptores
855 3338 866 3353 ,
890 3315 927 3348 (θ’
944 3317 1066 3348 Tutores

184 3357 251 3403 fitae
257 3359 346 3401 ipfius
359 3372 438 3394 nova
448 3362 581 3405 eligentis
592 3361 723 3404 haerefios
738 3363 754 3395 ?
782 3364 915 3397 Etenim
930 3370 963 3397 in
966 3363 1066 3407 subse-

189 3409 345 3452 quentibus
367 3409 514 3453 Eusebius
533 3412 686 3454 Pamphili
703 3413 742 3446 ab
761 3419 804 3446 eis
823 3419 856 3446 in
876 3413 1065 3453 testimonium

187 3459 303 3492 ducitur
316 3482 326 3497 ,
350 3461 450 3501 queab
460 3467 538 3494 omni
549 3461 675 3503 Ecclefia
685 3462 838 3498 catholica
859 3461 985 3508 noscitur
1003 3468 1063 3500 Pa-

287 3508 402 3552 Differt.
415 3511 538 3546 Prooem.
551 3514 629 3547 Tom.
641 3516 665 3546 I.

1138 85 1555 139 PRooeMmLm
1970 116 2013 152 91

1141 177 1244 202 tronus
1256 169 1307 212 effe
1319 173 1383 202 Arii
1392 168 1523 212 baerefios
1535 194 1548 211 ‚
1572 173 1818 214 quemadmodum
1836 182 1869 212 in
1885 177 2020 213 omnibus

1141 217 1312 261 conscriptis
1326 217 1393 262 fiiis
1411 220 1649 262 Equli‘tionibus
1659 229 1837 266 continetur,
1856 227 2018 270 secundum

1140 269 1291 302 adorabile
1301 272 1397 302 Deum
1416 270 1545 303 Verbum
1571 273 1673 306 dicens
1684 298 1696 314 ,
1721 275 1757 307 Θ·
1773 275 1940 315 Ministrum
1960 282 2018 312 Pa-

1142 324 1199 351 tris
1211 342 1223 360 ,
1249 320 1284 352 (9
1297 317 1430 365 secunda
1453 323 1622 363 Dignitatis
1641 322 1799 357 habentem
1810 348 1821 364 ,
1846 325 1885 357 ab
1898 331 2019 360 Homou·

1137 366 1174 408 Jr'i
1192 367 1334 408 differens
1357 368 1512 410 Majellate
1532 395 1542 411 ,
1578 374 1613 406 (9·
1637 381 1890 408 commutationem
1904 373 2021 417 sanc‘lae

1140 421 1253 449 Carnis
1274 420 1394 452 Domini
1414 424 1448 451 in
1469 423 1653 455 Divinitatis
1676 434 1836 468 naturam3
1862 436 1898 458 ac
1901 433 1958 466 per
1970 424 2023 458 hoc

1139 466 1326 508 confufionem
1346 469 1575 512 dogmatizans,
1601 484 1653 505 nec
1671 478 1788 506 Iconam
1809 481 1914 517 recipit
1931 499 1943 515 ,
1964 472 2024 517 sed

1143 527 1234 559 neque
1255 523 1350 550 omnis
1373 523 1553 552 Arianorum
1567 519 1715 563 scelerata
1736 525 1878 558 coliec‘iio.
1907 525 2024 558 Praedi-

1139 576 1210 599 cant
1227 573 1306 600 enim
1319 566 1383 608 fine
1403 574 1508 602 anima
1519 573 1659 604 rationali
1670 572 2023 618 hominemfaHumfuis-

1135 615 1169 658 je
1190 620 1348 650 Dominum
1367 617 1493 658 nastrum
1514 643 1526 660 ,
1563 622 1598 653 (τ
1618 630 1676 663 pro
1696 630 1799 657 anima
1819 628 2023 658 Divinitatem

1140 665 1269 707 habere,
1294 676 1329 700 ut
1351 669 1508 708 Paffionem
1529 675 1562 702 in
1581 682 1648 704 eam
1664 671 1810 714 efferant,
1829 673 1915 715 ficuti
1935 674 2023 718 testa-

1140 725 1190 748 tur
1211 719 1370 760 Gregorius
1387 721 1568 762 Dei—loquus.
1596 724 1642 754 Et
1664 724 1766 764 utpote?
1785 726 1937 757 Deitatem
1950 722 2022 767 pas-

1135 764 1203 807 sam
1207 765 1346 807 fatentes
1359 791 1370 807 ‚
1395 779 1454 801 non
1462 771 1631 804 admittunt
1642 776 1813 816 Imaginem.
1840 772 1945 807 Porro
1957 774 2022 807 Eu-

1140 815 1219 848 sebii
1230 827 1285 858 per
1302 817 1490 853 sceleratam
1509 820 1604 855 istam
1625 821 1799 866 Synodum
1825 822 1963 857 adducta
1983 834 2023 857 ac

1140 864 1270 898 laudata
1284 868 1458 903 auctoritas
1470 893 1482 909 ,
1491 869 1536 904 est
1547 869 1616 913 ejus
1626 871 1667 906 ad
1677 872 1920 916 Imperatr-icem
1932 873 2023 908 Con-

1140 913 1293 948 stantiam
1311 916 1432 961 Magni
1459 919 1673 956 Constantini
1699 922 1901 958 Germanam
1926 923 2023 958 Soro-

1139 975 1227 1004 rem,
1253 976 1324 1009 quae
1336 965 1461 1001 Christi
1471 969 1614 1004 Domini
1634 972 1820 1017 Imaginem
1840 973 2024 1017 postulave-

1138 1023 1186 1048 rat
1207 1013 1265 1047 fibi
1283 1015 1482 1058 transmitti,
1508 1018 1574 1053 hoc
1594 1020 1800 1065 Rescriptum
1821 1036 1828 1055 :
1851 1026 1938 1067 ,Quia
1947 1026 2021 1057 vero

1139 1065 1177 1096 de
1187 1065 1319 1105 quadam
1330 1069 1464 1109 Imagine
1483 1068 1570 1110 quast
1586 1069 1857 1115 Christiscripfisti,
1884 1073 1961 1106 banc
1971 1084 2022 1106 vo-

1136 1114 1202 1146 lens
1214 1114 1270 1146 eibi
1280 1115 1302 1146 a
1323 1114 1408 1148 nobis
1419 1121 1502 1149 mitti
1512 1131 1527 1159 ‚·
1554 1130 1645 1161 quam
1655 1122 1750 1161 dicis,
1776 1124 1934 1165 &qualem
1944 1123 2030 1155 banc,

1137 1174 1228 1205 quam
1250 1162 1393 1205 perhibes
1413 1190 1426 1207 ,
1463 1167 1572 1209 Christi
1601 1173 1802 1214 Imaginem?
1836 1172 1941 1205 Utrum
1973 1183 2024 1205 ve-

1136 1224 1203 1245 ram
1228 1215 1263 1248 &⁶
1290 1226 1403 1248 morum
1422 1217 1609 1252 mutabilium
1630 1244 1641 1260 ,
1685 1227 1720 1254 O·
1746 1231 1857 1255 natura
1873 1221 2024 1256 chamele-

1137 1275 1185 1296 res
1202 1261 1272 1306 suos
1291 1272 1487 1307 portantem,
1513 1280 1554 1301 an
1573 1268 1658 1309 istam
1669 1282 1760 1313 quam
1777 1280 1903 1314 propter
1913 1284 1966 1306 nos
1970 1271 2023 1315 fii-

1132 1311 1227 1355 scepit
1237 1338 1247 1353 ‚
1255 1312 1281 1356 s
1275 1321 1343 1347 ervi
1344 1315 1447 1357 forme
1451 1315 1603 1359 fibemate
1614 1322 1861 1355 circum-amic‘ius
1874 1323 1891 1354 ἒ
1915 1325 1936 1355 5
1936 1324 1977 1357 ed
1984 1323 2023 1355 de

1131 1362 1235 1405 fhrma
1245 1365 1364 1406 quidem
1377 1369 1434 1399 Dei
1455 1379 1507 1400 nec
1527 1367 1590 1411 ipse
1608 1370 1741 1404 arbitror
1761 1382 1791 1405 te
1801 1384 1954 1414 quaerere,
1973 1371 2024 1415 ſs-

1138 1414 1197 1446 mel
1215 1414 1255 1446 ab
1275 1413 1338 1455 ipso
1358 1415 1513 1457 edocqam,
1538 1425 1676 1460 quoniam
1696 1432 1788 1463 neque
1810 1425 1934 1455 Patrem
1953 1428 2021 1464 quis

1137 1469 1223 1496 novit
1238 1487 1248 1502 ,
1274 1463 1331 1506 nisi
1337 1466 1436 1497 Filius
1451 1490 1462 1505 ‚
1479 1478 1573 1509 neque
1583 1470 1699 1502 Filium
1711 1477 1796 1503 novit
1806 1478 1874 1513 quis
1885 1473 2024 1513 aliquan-

1137 1515 1173 1546 do
1183 1514 1274 1556 digne
1286 1537 1296 1553 ,
1322 1513 1379 1556 nisi
1380 1513 1407 1556 s
1401 1515 1464 1547 olus
1477 1519 1571 1551 Pater
1582 1542 1593 1558 ,
1618 1525 1670 1561 qui
1679 1531 1745 1553 eum
1751 1527 1865 1564 genuit.
1894 1523 1955 1554 sed
1964 1530 2023 1555 uti-

1141 1574 1198 1606 que
1203 1561 1405 1606 servisormae
1416 1569 1580 1610 Imaginem
1590 1575 1702 1610 quaeris
1712 1594 1722 1610 ‚
1750 1572 1784 1604 cb·
1793 1570 1951 1614 corpusculi
1965 1584 2022 1614 quo

1140 1612 1267 1646 amilius
1280 1613 1318 1652 est
1331 1622 1455 1656 propter
1467 1628 1530 1649 nos.
1555 1620 1618 1651 sed
1635 1620 1669 1653 (Ὺ
1679 1622 1716 1653 id
1726 1623 1825 1664 gloria
1835 1625 2022 1655 Divinisatis

1139 1671 1336 1705 temperatum
1348 1665 1508 1700 didicimus
1518 1693 1529 1708 ‚
1554 1669 1589 1701 &¹
1600 1668 1771 1712 absorptum
1780 1673 1901 1705 mortale
1910 1675 1931 1704 ᾶ
1943 1678 2021 1705 vita.

1138 1716 1220 1757 ,Quis
1232 1716 1299 1757 ergo
1310 1713 1476 1757 hujusmodi
1486 1719 1646 1761 dignitatis
1658 1721 1693 1754 (5·
1698 1723 1803 1764 gloriae
1815 1722 1973 1755 vibrantes
1987 1723 2025 1756 (w

1132 1763 1350 1807 praefulgentes
1355 1762 1529 1807 splendores
1540 1779 1670 1803 exarare
1685 1772 1821 1814 potuiffit
1842 1778 1967 1805 mortuis
1986 1773 2022 1805 (θ’

1137 1813 1278 1846 inanibus
1297 1814 1438 1848 coloribus
1469 1818 1503 1851 <ir
1517 1815 1682 1861 scripturis
1695 1821 1894 1856 umbraticis?
1913 1821 2022 1856 Addit:

1138 1863 1402 1907 transfiguratum
1423 1866 1566 1902 Domini
1588 1869 1717 1913 Corpus
1737 1871 1772 1904 in
1785 1872 1908 1906 Monte
1929 1871 2025 1906 Tha-

1138 1911 1198 1946 bor
1219 1912 1260 1946 ab
1279 1913 1449 1956 Apostolis
1468 1927 1537 1950 non
1559 1920 1698 1961 potuisse
1721 1922 1866 1964 conspici
1886 1946 1896 1961 ,
1922 1932 2022 1965 atque

1137 1962 1219 1996 adeo
1241 1962 1341 2008 longe
1367 1967 1476 1999 minus
1503 1968 1591 2010 posse
1617 1969 1761 2015 depingi.
1799 1971 1842 2005 Et
1869 1971 2022 2006 laudatus

1138 2013 1267 2055 Martyr
1289 2012 1471 2056 Stephanus
1480 2016 1592 2052 denuo
1613 2021 1773 2060 affirmat,
1800 2033 1837 2054 ac
1849 2021 1957 2055 lucide
1967 2022 2022 2056 de-

1135 2061 1295 2096 'rnonstrat
1317 2063 1497 2099 Eusebium
1515 2068 1607 2102 fuisse
1628 2071 1790 2104 Arianum
1803 2095 1813 2110 ,
1839 2082 1937 2115 atque
1951 2083 2021 2115 pro-

1135 2112 1301 2155 sequitur:
1329 2114 1406 2146 Cum
1426 2115 1483 2148 bac
1504 2118 1667 2159 Apostatica
1684 2118 1742 2163 sua
1766 2121 1880 2163 Haeresi
1898 2126 2020 2154 Arianae

1135 2161 1263 2206 insaniae
1282 2167 1459 2199 Inventores
1483 2168 1517 2200 (¹2
1536 2180 1628 2201 unam
1648 2180 1789 2204 naturam
1815 2172 2019 2215 dogmatizant

1136 2219 1168 2246 in
1189 2220 1342 2254 unitione,
1367 2227 1435 2258 quae
1458 2217 1496 2257 est
1511 2226 1567 2260 per
1585 2218 1796 2262 subfistentiam
1819 2246 1829 2261 ‚
1856 2223 1891 2255 (9⁶
1905 2223 2020 2263 praedi-

1134 2273 1204 2296 cant
1224 2275 1343 2297 carnem
1359 2265 1423 2307 sine
1443 2274 1546 2301 anima
1551 2267 1702 2313 suscepisse
1722 2275 1880 2304 Dominum
1892 2271 2019 2311 nostrum

1135 2321 1166 2347 in
1183 2311 1315 2357 salutari
1337 2314 1557 2360 dispensatione
1562 2318 1641 2362 sua,
1668 2322 1801 2354 dicentes
1813 2324 2019 2354 Divinitatem

1134 2365 1303 2408 adimplesse
1320 2373 1430 2400 animae
1451 2369 1636 2402 voluntatem
1654 2371 1689 2404 ἐν
1711 2380 1822 2403 motum
1835 2395 1844 2410 ‚
1869 2380 1904 2404 ut
1916 2372 2019 2411 Paffio-

1134 2427 1199 2448 nem
1211 2439 1220 2454 ,
1240 2414 1312 2455 sicut
1323 2423 1368 2450 ait
1381 2421 1538 2461 Gregorius
1550 2418 1710 2464 Theologus
1731 2445 1742 2460 ,
1770 2424 1940 2454 Divinitati
1961 2422 2020 2453 ad-.

1128 2465 1271 2508 ftribant.
1308 2470 1354 2499 Et
1376 2475 1428 2509 qui
1450 2469 1618 2508 Paffiionem
1639 2473 1809 2503 Divinitati
1835 2473 1991 2512 applicant
2004 2495 2016 2510 ,

1132 2514 1239 2555 constat
1249 2527 1296 2548 eos
1319 2516 1516 2560 Theopaffitas
1537 2520 1598 2562 effe.
1627 2523 1674 2553 Et
1694 2527 1746 2562 qui
1765 2519 1858 2561 hujus
1881 2519 2013 2560 baerefios

1128 2564 1201 2608 sunt
1207 2572 1372 2609 participes
1384 2592 1394 2607 ‚
1419 2573 1568 2612 Imagines
1581 2582 1638 2603 non
1651 2571 1831 2604 admittunt.
1860 2572 2016 2613 ,Quemad-

1133 2617 1248 2648 modum
1272 2628 1323 2650 nec
1339 2624 1449 2659 impius
1460 2620 1590 2653 severus
1600 2645 1611 2660 ‚
1639 2621 1674 2653 (5
1692 2623 1802 2654 Petrus
1815 2619 1990 2661 Cnapbaeus
2003 2644 2014 2659 ,

1132 2667 1166 2700 (5
1187 2666 1368 2700 Philoxenus
1390 2670 1630 2710 Hierapolitanus
1653 2694 1664 2709 ‚
1699 2671 1733 2704 (τ
1755 2676 1847 2702 omnis
1868 2676 1920 2711 qui
1935 2675 2013 2702 circa

1131 2728 1177 2748 eos
1188 2715 1226 2755 est
1239 2717 1441 2759 Polycephalos
1455 2718 1555 2760 &fine
1566 2724 1675 2761 Capite
1687 2722 1795 2758 Hydra.
1826 2721 1924 2759 Hujus
1946 2722 2015 2762 ergd

1124 2766 1269 2807 sallionis
1290 2774 1382 2800 etiam
1405 2767 1553 2811 Eusebius
1574 2769 1700 2810 existens
1719 2774 1881 2812 Imaginem
1903 2767 2013 2808 chrias·

1131 2825 1276 2858 tanquam
1298 2817 1533 2859 Theo-paffianus
1554 2819 1659 2860 abjicit
1678 2845 1689 2859 ,
1715 2821 1749 2852 (Ὗ
1771 2818 1826 2850 hac
1842 2826 1900 2859 pro
1918 2819 2014 2860 cauffa

1131 2866 1311 2906 Constantia·
1330 2891 1340 2906 ‚
1368 2871 1475 2900 Licinii
1496 2873 1587 2901 Uxori
1610 2893 1621 2909 ‚
1650 2867 1756 2912 scribit
1779 2879 1836 2900 non
1846 2869 2008 2911 aliquando

1130 2917 1215 2958 apud
1218 2915 1252 2959 se
1262 2919 1475 2953 inveniendam
1487 2922 1659 2963 Imaginem.

1181 2967 1235 3000 De
1255 2966 1370 3000 eadem
1394 2968 1546 3002 scelerata
1559 2967 1772 3001 Constantini
1784 2966 1923 3011 Synodo
1936 2992 1947 3008 ‚
1972 2980 2012 3003 ac

1129 3015 1171 3049 de
1192 3015 1306 3050 eadem
1329 3017 1536 3051 Caesaraeensis
1562 3016 1693 3050 Eusebii
1716 3017 1756 3051 ad
1778 3017 2010 3052 Constantiam

1130 3066 1370 3108 Imperatricem
1393 3067 1540 3109 Epistola
1558 3066 1642 3100 dixit
1668 3067 1702 3099 in
1729 3066 1844 3111 quinta
1873 3067 2011 3102 laudatae

1130 3115 1256 3157 Synodi
1288 3115 1430 3150 Adiione
1462 3118 1587 3150 sandius
1614 3114 1789 3151 Tharafius
1820 3116 2010 3151 Patriarcha.

1130 3164 1534 3208 Constantinopolitanus:
1561 3164 1723 3209 Eusebium
1742 3168 1907 3201 attulerunt
1927 3174 1959 3200 in
1969 3178 2011 3201 te-

1121 3214 1290 3255 stimonium
1303 3239 1313 3254 ‚
1340 3222 1390 3257 qui
1403 3217 1568 3259 adversum
1579 3216 1769 3250 venerandas
1782 3221 1933 3261 Imagines
1938 3230 2009 3261 gar-

1130 3271 1268 3298 riverunt
1280 3287 1290 3303 ,
1315 3271 1347 3297 in
1362 3265 1493 3306 Epistola
1503 3268 1568 3307 ejus
1580 3278 1672 3308 quam
1679 3267 1725 3299 ad
1740 3266 1945 3307 Constantlam
1957 3271 2009 3300 Li-

1127 3320 1197 3347 cinii
1219 3318 1343 3347 Uxorem
1356 3313 1478 3357 scripsi).
1515 3316 1560 3350 Et
1592 3316 1745 3360 Episcopi
1774 3317 2007 3360 responderunt
2045 3344 2050 3348 .

1129 3364 1306 3397 Eusebium
1333 3364 1425 3399 fuifle
1450 3366 1634 3407 Arianum,
1658 3366 1799 3411 ideoque
1826 3366 2007 3401 istiusmodi

1130 3415 1261 3457 Dogma
1285 3414 1320 3446 in
1343 3415 1413 3458 ipso
1437 3427 1505 3448 non
1526 3416 1765 3450 admirandum.
1795 3417 1896 3463 Qod
1921 3427 2008 3450 nem-

1129 3474 1167 3506 pe
1189 3465 1222 3497 &
1246 3461 1346 3499 Arius
1364 3465 1397 3500 &
1418 3465 1535 3501 Ariani
1565 3477 1682 3550 ozffixes
1706 3466 1807 3501 essent
1835 3466 1950 3546 famosi
1966 3464 2008 3498 de

1691 3528 1712 3552 2
1953 3525 2006 3547 co-
