2346 3776
600 76 908 133 Scuorns,
943 91 1007 122 nr
1043 87 1217 119 noris
1252 82 1635 123 irrusrxarri

211 168 331 198 natione
336 159 438 206 posuit
451 184 462 204 ,
487 160 618 206 religans
630 159 833 204 blasphemam
843 162 1009 194 Macedonii
1031 159 1086 192 lin·

204 226 299 259 guam
320 237 332 254 ,
357 215 392 247 ὁ·
411 223 503 246 unam
532 218 677 243 naturam
696 211 748 254 effe
781 212 907 245 eandem
931 213 1020 244 Patri
1052 212 1087 245 ὁ·

210 265 292 299 Filio
311 265 346 298 ό·
367 265 494 306 Spiritui
508 259 611 303 sanblo
639 261 757 303 publice
777 262 919 304 confitens
942 285 950 293 .
978 260 1085 295 Addit

211 313 368 355 Trefius,
394 311 559 346 Melitinae
570 311 774 356 Episcopus,
800 310 966 349 Armeniae
976 313 1088 349 secun-

210 363 260 401 dz
287 361 506 406 Metropolita
525 385 536 402 ,
562 360 651 404 quod
672 360 825 398 adversus
847 360 1087 396 Macedonium

210 413 280 450 haec
300 411 455 455 Synodus
478 411 648 446 stabilierit
660 413 760 447 trium
785 413 996 456 personarum
1017 423 1089 447 ean-

211 463 290 498 dem
305 461 541 503 substantiam,
570 461 725 499 virtutem
751 487 762 504 ,
787 462 1021 503 divinitatem,
1045 462 1089 497 di·

209 511 396 558 gnitatem,
422 513 648 547 auderitatem
660 537 671 552 ,
699 517 938 547 nominationem
954 519 1090 546 imminu·

210 573 277 599 ram
290 586 298 594 .
325 562 369 596 Et
380 562 508 606 Synodi
520 561 795 598 Chalcedonensis
804 562 938 597 Relatio
949 564 989 598 ad
1001 562 1091 603 Prin·

211 613 322 657 cipem
351 612 562 647 Marcianum
585 626 592 646 :
619 614 706 656 ,Quia
724 612 803 655 fides
832 618 962 649 Nicaena
981 612 1092 656 fimpli-

212 674 276 697 cem
304 664 342 696 de
364 665 477 705 Spiritu
494 661 600 706 sanilo
626 661 792 696 doctrinam
808 665 938 705 protulit
963 687 975 704 ‚
1015 665 1094 697 nullo

211 711 310 746 adbuc
328 723 478 748 certamen
501 712 644 754 afferente
665 714 703 746 de
728 724 784 753 eo,
808 714 879 753 illi,
903 718 955 756 qui
980 715 1017 747 de
1030 717 1094 746 Arii

207 761 302 805 stirpe
316 769 468 808 progeniti
480 761 554 807 sunt
576 787 588 803 ,
612 763 699 804 apud
713 761 888 806 semetipsos
910 762 989 797 hanc
1005 763 1095 806 pesti-

215 814 342 846 lentiam
362 819 526 848 retinentes
536 837 547 854 ,
573 818 657 847 veris
667 812 897 854 refutationibus
915 814 1044 847 conviHi
1055 815 1092 848 de

31 315 121 357 epist·
138 325 185 353 49·

209 864 296 900 ,Filio
314 887 327 904 ,
361 868 395 897 'in
424 866 573 907 Spiritum
596 861 736 905 sachum
754 862 847 905 fitam
878 862 1093 907 blasphemiam

203 911 432 954 'transtulerunt
456 937 468 953 ,
493 911 680 947 arbitrantes
710 914 893 947 calumniam
918 913 1010 957 suam
1034 926 1092 947 non

207 962 287 1006 peffe
306 962 426 1006 detegi,
450 963 516 997 cum
528 964 684 999 temerarie
707 975 773 997 eum
784 970 862 998 inter
886 974 1033 999 ereaturae
1045 970 1092 1001 vi-

211 1008 259 1051 lia
277 1012 460 1053 deputarent
472 1035 481 1047 .
507 1014 594 1046 Unde
615 1018 666 1056 qui
693 1013 885 1056 defensionem
904 1020 1090 1056 veritatipo-

203 1060 269 1103 stra
279 1062 475 1103 detulerunt,
499 1074 600 1097 eorum
619 1069 747 1106 penitus
769 1066 909 1107 expulere
932 1070 1090 1109 contagia,

211 1114 374 1148 Dominum
393 1114 478 1150 illum
500 1114 705 1150 declarantes.
734 1114 839 1161 Qod
864 1114 1017 1159 ipsumiu
1030 1115 1090 1154 ser-

212 1172 315 1196 mone
334 1162 376 1197 ad
398 1162 588 1209 Principem
617 1165 855 1203 acclamatorio
883 1164 966 1203 dicit
987 1164 1091 1207 Synoe

210 1211 275 1245 dus
285 1212 392 1247 sexta.

261 1265 310 1294 Et
332 1262 559 1305 vivificantem.
587 1264 668 1299 Hoc
680 1263 770 1298 enim
791 1263 888 1300 estin
910 1263 997 1304 illis,
1023 1264 1091 1308 quir

212 1311 275 1351 bus
294 1322 402 1347 veram
414 1313 639 1348 Divinitatem
665 1315 827 1357 Scriptura
848 1314 1028 1357 exprimere
1047 1315 1093 1348 so-

207 1361 279 1401 let,
305 1362 502 1399 nominibus
522 1372 731 1408 nequaquam
757 1364 936 1404 infimum,
961 1363 1002 1398 de
1027 1376 1094 1407 quo

38 1426 126 1455 om,
160 1421 195 1455 de
213 1411 342 1446 Doctor
363 1411 613 1447 Nazianzenus:
639 1416 732 1458 ‚Quid
748 1416 822 1448 adeo
842 1426 983 1458 magnum
1007 1415 1097 1447 &di-

45 1463 157 1503 Spir.S.
212 1468 324 1498 vinum
345 1461 407 1505 eft,
434 1466 514 1506 quod
522 1475 580 1497 non
598 1465 684 1506 pfft
694 1466 824 1506 spiritus
828 1462 979 1506 sanHus?
1004 1464 1099 1506 ‚Quod

212 1521 280 1546 tam
301 1515 452 1546 Divinum
471 1524 599 1552 nomen,
624 1525 683 1554 quo
701 1524 762 1546 non
785 1514 953 1553 appelletur
970 1512 987 1543 ?
1013 1515 1097 1545 Eam

213 1567 282 1598 vim
300 1560 392 1595 babet
413 1585 425 1601 ,
447 1570 486 1594 ut
507 1562 592 1594 nobis
624 1567 726 1598 vitam
755 1561 866 1602 afferat
889 1585 901 1602 ‚
928 1563 1017 1594 imm&
1044 1568 1096 1604 qui

214 1608 345 1653 ipsamet
376 1616 445 1644 vita
470 1610 509 1650 est
526 1634 538 1651 ,
565 1616 619 1653 qui
643 1619 703 1652 per
728 1610 880 1654 baptisma
905 1612 940 1645 Θ·
972 1609 1098 1653 resurre-

213 1659 339 1693 dionem
364 1661 457 1693 denuo
482 1669 563 1696 creat
589 1671 597 1690 :
625 1659 731 1709 Qod
756 1659 803 1699 cst
843 1660 944 1695 solius
969 1661 1098 1696 virtutis

214 1708 350 1747 Divinae
362 1734 370 1742 .

268 1761 324 1794 Ex
346 1761 443 1796 Patre
462 1759 686 1802 procedentem,
715 1759 770 1793 Ex
780 1757 870 1795 hisce
881 1758 992 1794 verbis
1012 1759 1100 1793 Grae-

217 1808 251 1842 ci
273 1809 436 1851 sumpsere
458 1809 809 1852 occasionemerrandi
832 1810 874 1845 de
898 1809 1101 1853 processione

216 1858 360 1901 Spiritus
382 1860 502 1903 sansti3
528 1860 623 1893 ineis
646 1858 846 1897 hodiernum
868 1859 1005 1894 schisma
1030 1861 1102 1895 fun-

218 1909 323 1949 dant,
349 1919 524 1953 arguentes
546 1921 608 1943 nos
626 1918 785 1954 tanquam
813 1908 909 1953 hujus
930 1909 1101 1952 Symbofi,

219 1958 255 1993 &
276 1956 430 2001 Ephesini
467 1959 510 1997 de
535 1958 599 1993 illo
635 1959 788 1994 Canonis
817 1960 1077 2003 praevaricatores
1093 1984 1103 2000 ‚

219 2007 445 2046 ausosaddere
467 2020 604 2049 vocem,
631 2012 686 2042 Ex
709 2011 866 2053 Filioque.
893 2010 1037 2050 Franci,
1063 2009 1103 2044 de

219 2057 341 2092 eodem
360 2058 589 2094 additamento
614 2070 691 2094 eum
713 2061 828 2095 Leone
840 2060 938 2095 tertio
964 2059 1104 2094 Pontifi-

220 2119 260 2144 ce
286 2108 549 2150 contendentes,
575 2121 631 2154 per
641 2108 786 2155 Legatos
797 2110 988 2149 Bernarium
1009 2111 1106 2143 Wor-

220 2158 415 2201 mariensem
448 2159 650 2205 Episcopum
672 2184 683 2200 ,
709 2161 790 2203 Jeffe
822 2159 1103 2199 Ambianensem‚

222 2208 258 2240 ἅ
269 2207 473 2242 Adalardum
497 2208 663 2246 Abbatem
678 2210 879 2253 postulavere
890 2210 942 2244 >de
954 2209 1104 2247 Patribus

222 2257 608 2302 Constantinopolitanis
620 2258 725 2293 hocce
739 2259 935 2302 Symbolum
963 2259 1104 2294 conden-

222 2306 312 2341 tibus
335 2321 347 2341 .·
373 2311 530 2351 Nunquid
547 2321 605 2341 non
627 2310 702 2343 bene
720 2309 856 2351 fecissent
879 2334 891 2350 ,
920 2310 951 2352 fi
979 2319 1105 2351 quatuor

223 2357 345 2401 tantum
364 2360 502 2392 addendo
522 2357 651 2401 sillabas
677 2367 742 2392 tam
757 2362 1003 2402 pernecessarium
1032 2359 1105 2401 fidei

222 2409 449 2441 sacramentam
478 2409 591 2442 cunetis
613 2411 753 2450 deinceps
769 2408 889 2452 saec-ulis
917 2409 1105 2453 perspicuum

223 2458 399 2492 redderetur
426 2460 439 2490 2
466 2458 653 2500 Respondit
677 2459 753 2492 vero
791 2458 951 2494 Pontifex
975 2474 987 2494 .-
1024 2462 1105 2492 Sicut

224 2517 276 2550 ego
298 2518 356 2539 non
389 2508 482 2549 audeo
503 2509 597 2540 dicere
631 2519 689 2540 non
712 2508 785 2541 bene
810 2507 911 2552 fectffe
934 2533 945 2549 ,
964 2508 994 2550 fi
1015 2507 1105 2550 fecis-

222 2554 292 2598 sent
314 2579 324 2595 ,
373 2551 443 2598 quia
458 2558 564 2598 procul
580 2558 667 2590 dubio
680 2557 753 2599 ficut
774 2567 882 2592 caetera
902 2583 913 2599 ‚
946 2571 1013 2601 quae
1036 2564 1104 2591 omi-

219 2603 330 2648 serunt
340 2630 350 2646 ,
371 2604 498 2649 scientes
511 2612 611 2648 utique
622 2631 634 2647 ,
647 2609 681 2642 Θ
692 2619 749 2641 non
761 2617 825 2640 tam
834 2608 967 2642 humana
977 2633 987 2650 ,
1012 2611 1104 2650 quam

227 2656 339 2699 divina
369 2657 530 2690 illuminati
544 2655 701 2699 sapientia
724 2657 896 2700 fecerunt3
925 2664 970 2691 ita
994 2669 1106 2701 quoque

229 2716 287 2737 non
307 2707 401 2739 audeo
419 2708 513 2744 dicere
537 2708 616 2740 illud
633 2719 680 2740 eos
703 2708 785 2740 nobis
812 2709 911 2741 minus
935 2706 1098 2751 intellexis-

223 2753 276 2798 se,
300 2756 486 2800 perpendffe
508 2767 558 2790 cur
569 2756 754 2798 dimiserint.
782 2764 828 2794 Tu
853 2759 888 2793 Θ
909 2764 955 2791 tui
975 2760 1103 2798 videte,

227 2805 304 2848 quid
308 2803 451 2847 ftntiatis
472 2806 606 2840 devehis
619 2820 630 2840 .·
656 2810 848 2852 Namtrego
873 2820 920 2842 me
941 2810 1001 2842 illis
1015 2833 1026 2849 ‚
1046 2820 1103 2842 non

227 2857 293 2888 dico
307 2879 317 2894 ‚
343 2866 400 2888 non
411 2856 604 2898 praeferam,
624 2855 684 2900 sed
702 2863 794 2894 etiam
816 2859 894 2891 illud
915 2857 989 2900 abfit
1009 2857 1104 2900 mibi,

229 2914 265 2938 ut
286 2916 436 2948 coaequare
450 2905 652 2948 praesumam.
680 2907 875 2947 Qmiffionis
894 2909 1022 2942 causam
1035 2919 1102 2943 non

229 2954 367 2989 obscure
378 2956 519 2989 insinuat
545 2955 675 2991 laudata
687 2955 965 2992 Chalcedonensis
976 2957 1102 3001 Synodi

229 3005 368 3039 Relatio
390 3004 430 3039 ad
442 3004 651 3050 Principem,
676 3006 790 3042 dicens
814 3006 882 3042 haec
903 3007 1022 3048 verba,
1049 3012 1104 3041 Ex

231 3057 326 3092 Patre
342 3057 572 3096 procedentem,
599 3056 716 3090 inserta
726 3066 843 3094 contra
864 3057 1115 3093 Macedonium

230 3104 274 3139 ad
293 3105 510 3149 profitendam
523 3104 652 3148 plenam
665 3107 762 3141 sanai
772 3107 909 3151 Spiritus
920 3119 997 3142 cum
1009 3108 1104 3143 Patre

233 3155 267 3188 ὅ(
279 3155 366 3190 Filio
374 3155 748 3191 consubstantialitatem
759 3170 767 3191 ι
789 3158 874 3195 Eam
884 3158 975 3192 enim
987 3158 1103 3202 impor-

231 3211 305 3239 tant
326 3229 338 3246 ,
363 3205 533 3249 quomodo
544 3204 640 3240 verba
659 3230 671 3247 ,
697 3210 752 3247 Ex
777 3210 870 3241 Patre
890 3217 1014 3242 natum.
1042 3207 1104 3242 Ni-

232 3264 321 3289 caena
342 3256 495 3299 Synodus
518 3256 559 3292 de
582 3254 644 3290 hac
666 3280 678 3297 ‚
704 3255 794 3300 quod
814 3268 914 3292 nemo
935 3258 1078 3303 litigaret
1092 3283 1101 3299 ,

233 3313 295 3337 nec
315 3307 441 3348 apicem
463 3306 612 3350 expressit
634 3330 645 3347 ,
671 3307 718 3345 ita
737 3304 847 3340 &haec
869 3306 911 3341 de
930 3307 1019 3341 illius
1031 3319 1104 3342 nec-

228 3351 315 3439 aeliDum
336 3354 526 3401 impugnata
556 3357 757 3400 processione
780 3369 788 3389 ε
824 3356 927 3391 solam
948 3355 1104 3395 stabilivit

273 3414 470 3443 minantem,

283 3457 363 3487 Cum
387 3457 480 3491 Patre
503 3458 538 3491 (9·
560 3458 639 3495 Filio
659 3457 863 3491 adorandum.
892 3455 1003 3493 Etiam
1017 3456 1105 3492 addi-

1859 91 1947 139 351

1151 167 1204 193 tur
1224 168 1341 194 contra
1362 157 1628 199 Macedo‘nianos
1647 184 1659 202 ,
1685 172 1825 206 quorum
1844 166 1931 210 apud
1951 167 2024 203 θοι

1150 211 1272 244 (torem
1282 210 1531 245 Nazianzenum
1542 207 1592 243 hae
1602 220 1693 245 erant
1703 213 1892 257 impiiffimae
1902 229 2000 252 voces
2012 230 2022 250 z

1151 262 1232 303 ,Quis
1262 262 1408 303 spiritum
1428 262 1572 294 adoravit
1592 261 1606 294 ἓ
1631 262 1714 304 ‚Quis
1735 265 1787 296 vel
1805 275 1941 299 veterum
1972 268 2026 302 vel

1152 312 1337 344 recentium?
1362 313 1445 356 ,Quis
1468 322 1535 350 eum
1551 312 1672 346 oravit?
1698 314 1768 355 ,Quo
1785 315 1947 355 scripturae
1966 319 2024 350 loco

1151 371 1217 393 eum
1242 361 1430 394 adorandum
1456 370 1513 394 aut
1533 362 1683 395 orandum
1706 363 1779 406 effe,
1799 365 1953 405 proditum
1962 366 2024 407 est?

1153 411 1239 444 Unde
1262 409 1453 458 bocbabuisti
1467 411 1484 443 ,ἒ
1511 410 1706 455 Respondet
1728 411 1805 447 vero
1826 412 2023 458 Gregorius:

1153 464 1221 493 Nos
1241 459 1332 502 hujus
1355 467 1398 495 rei
1413 462 1578 503 pleniorem
1596 460 1716 506 causam
1735 461 1836 505 postea
1845 464 2002 497 reddemus
2016 488 2027 504 ,

1153 511 1218 548 cum
1237 512 1275 544 de
1295 522 1352 543 non
1385 509 1510 555 scriptis
1541 513 1731 556 dogmatibus
1758 513 1926 555 dfferemus
1949 538 1955 545 .
1983 514 2029 548 Et

1155 559 1347 605 Pergamius
1365 585 1376 602 ,
1411 557 1603 601 Antiochi‘ae
1634 563 1670 596 in
1703 562 1821 598 Pisidia
1848 563 2029 608 Episcopus

1155 610 1458 655 Metropolitanus,
1486 612 1522 645 in
1545 611 1663 648 litteris
1683 612 1724 647 ad
1745 613 1893 648 Leonem
1914 613 2031 658 Augu.
2050 618 2185 660 epithus

1156 660 1239 695 stum
1266 674 1274 694 ι
1311 660 1483 707 δαηᾶιῃῖνηὶ
1512 670 1630 699 centum
1666 668 1886 708 quinquaginta
1916 666 2029 698 Patres

1155 710 1328 753 infirmitati
1347 712 1499 756 languoris
1529 713 1697 745 Macedonii
1720 713 1886 747 obtulerunt
1910 716 2029 752 medici-

1156 773 1228 794 nam
1249 786 1261 802 ,
1286 762 1421 796 docentes
1447 765 1653 800 Divinitatem
1676 768 1805 796 unitatis
1827 762 2032 806 inftparabili-

1156 820 1201 847 ter
1212 812 1401 845 adorandam
1411 837 1418 845 .
1446 812 1492 849 Et
1501 811 1542 846 de
1552 811 1671 850 Sansto
1683 812 1926 855 Amphilochio
1937 836 1948 852 ‚
1959 824 2030 847 uno

1158 859 1277 896 horum
1297 861 1432 896 Patrum
1451 887 1463 904 ,
1489 861 1653 901 Iconiensi
1675 862 1840 907 Episcopo
1858 887 1869 903 ‚
1897 863 2034 897 Sanetus

1157 911 1387 954 Hieronymus
1407 913 1442 946 in
1477 911 1633 957 catalogo
1668 913 1816 950 virorum
1838 912 2034 947 illustrium:

1159 961 1378 1003 Amphilochius
1392 961 1467 1001 mibi
1479 970 1572 1004 nuper
1593 961 1701 1000 librum
1713 964 1785 1007 legit
1792 964 1829 1002 de
1839 965 1954 1005 spiritu
1961 962 2036 1006 san-

1156 1011 1222 1051 1¹70,
1245 1013 1330 1055 quod
1348 1015 1430 1050 Deus
1450 1011 1511 1053 est,
1532 1014 1567 1046 Θ
1586 1014 1668 1054 quod
1685 1014 1859 1049 adorandus
1883 1027 1893 1047 :
1920 1013 2035 1056 utique

1157 1060 1324 1095 adversum
1346 1061 1612 1096 Macedonianos
1635 1064 1670 1096 in
1694 1062 1917 1097 defensionem
1937 1061 2035 1106 hujus

1157 1110 1308 1154 Symboli
1333 1135 1344 1150 ,
1370 1112 1472 1146 secuti
1495 1111 1665 1150 laudatum
1694 1113 1713 1146 a
1734 1112 1875 1156 Josepho
1900 1112 2035 1146 Metho-

1157 1161 1246 1194 nensi
1271 1161 1436 1205 Episcopo
1458 1161 1570 1196 locum
1592 1161 1700 1195 Sancti
1714 1161 1884 1197 Athanasii
1911 1163 1947 1196 in
1967 1162 2034 1196 dia-

1158 1210 1238 1256 logo
1257 1209 1455 1247 Orthodoxi
1480 1222 1558 1246 cum
1592 1211 1840 1247 Macedoniano
1861 1226 1872 1245 :
1898 1214 1931 1245 51·
1949 1211 2037 1253 osten·

1159 1262 1265 1294 datur*
1287 1263 1411 1297 eandem
1444 1260 1552 1296 babere
1586 1269 1730 1294 naturam
1756 1286 1767 1302 ‚
1803 1266 2036 1304 Deitatemque,

1160 1322 1251 1353 quam
1285 1306 1380 1345 Pater
1400 1313 1435 1345 (⁸5
1456 1313 1558 1345 Filius
1580 1336 1590 1351 ‚
1628 1314 1772 1353 Spiritum
1794 1336 1805 1352 ‚
1842 1318 1895 1355 qui
1913 1324 1951 1345 ex
1972 1310 2036 1354 ipso

1161 1364 1285 1395 Patrem
1301 1362 1486 1403 perFiIium
1509 1360 1618 1404 effusus
1641 1361 1701 1402 est,
1728 1362 1958 1402 ,demonstratum
1967 1373 2038 1404 quo-

1160 1421 1214 1452 que
1236 1416 1316 1450 erit,
1340 1409 1438 1454 ipfitm
1459 1412 1510 1455 effe
1529 1412 1719 1444 adorandum
1741 1435 1754 1452 ,
1779 1413 1814 1446 ὁ*
1832 1413 1935 1445 latriae
1957 1412 2039 1446 cultu

1158 1458 1412 1503 prosequendum.

1213 1512 1259 1542 Et
1279 1509 1557 1553 conglorificandum
1579 1535 1586 1541 .
1613 1508 1836 1553 Desumptum
1857 1508 1903 1543 est
1925 1520 1969 1543 ex
1988 1520 2042 1543 eo-

1162 1559 1238 1593 dem
1262 1557 1443 1597 Athanasio
1455 1559 1489 1592 in
1511 1558 1597 1592 libro
1608 1558 1759 1594 adversus
1778 1559 1909 1593 Meletii
1933 1560 2044 1594 &Eu-

1165 1609 1242 1642 sebii
1252 1608 1515 1643 simulationem:
1542 1613 1634 1650 Atqui
1658 1609 1823 1650 impeffbile
1843 1611 1909 1651 esset
1934 1615 1967 1642 in
1979 1613 2046 1642 Tri-

1163 1664 1272 1691 nitatis
1288 1658 1387 1701 gloria
1407 1659 1554 1699 Spiritum
1579 1658 1810 1700 conglorificari,
1839 1658 1897 1699 nist*
1915 1659 1982 1700 effer
2003 1671 2042 1692 ex

1165 1711 1227 1741 Deo
1247 1715 1304 1750 ptr
1330 1708 1445 1741 Filium
1464 1708 1549 1739 modo
1565 1708 1768 1750 proceffionis‚
1803 1720 1862 1741 non
1877 1708 1986 1750 fat‘lus
2009 1714 2044 1741 vi

1163 1762 1342 1792 creationis.
1371 1761 1444 1790 Non
1455 1762 1537 1791 enim
1551 1757 1680 1797 fallare:
1701 1769 1766 1790 cum
1779 1758 1899 1800 fauore
1913 1782 1924 1798 ,
1950 1770 2045 1800 neque

1144 1810 1145 1815 ’
1160 1806 1272 1851 servus
1292 1818 1358 1840 cum
1378 1810 1504 1840 Domino
1519 1806 1732 1850 conglorificari
1751 1808 1856 1842 debet.
1885 1807 1937 1842 Εὸ
1964 1809 2045 1845 item

1167 1858 1295 1901 respicit
1323 1857 1501 1902 Gregorius
1532 1856 1768 1892 Nazianzenus
1793 1859 1886 1901 supra
1914 1859 2048 1901 respon·

1145 1907 1248 1942 'dens
1269 1919 1276 1939 :
1311 1911 1380 1940 Nos
1401 1906 1492 1948 hujus
1524 1913 1568 1940 rei
1590 1909 1756 1949 pleniorem
1787 1907 1910 1951 causam
1942 1910 2049 1943 reddo-

1166 1970 1233 1991 mus
1249 1981 1260 1998 ,
1284 1958 1349 1991 cum
1368 1957 1405 1990 de
1425 1968 1482 1989 non
1497 1955 1621 1999 scriptis
1645 1957 1833 2001 dqgmatibus
1854 1959 2047 2002 differemus.

1170 2008 1221 2041 Ex
1244 2018 1312 2040 non
1326 2006 1450 2051 scriptis
1474 2006 1687 2051 dogmatibus
1713 2019 1816 2042 unum
1827 2008 1873 2042 est
1900 2008 2046 2052 hymnus

1167 2057 1422 2102 glorificationis
1442 2081 1453 2098 ,
1480 2057 1583 2095 Gloria
1605 2059 1695 2090 Patri
1726 2060 1761 2092 ζῆ·
1791 2060 1872 2091 Filio
1897 2060 1932 2092 &¹
1952 2061 2048 2101 Spiri-

1167 2114 1212 2141 tui
1230 2106 1359 2150 sanbla,
1387 2117 1592 2153 nequaquam
1615 2107 1633 2140 a
1653 2107 1790 2141 Nicaena
1803 2107 1941 2151 Synodo
1955 2133 1965 2149 ‚
1991 2109 2045 2143 sed

1167 2157 1208 2192 ab
1233 2157 1304 2201 ipsis
1317 2156 1685 2199 Apostolisinstitutus.
1714 2157 1766 2190 Ex
1777 2157 1838 2192 illo
1852 2182 1863 2197 ,
1888 2158 2048 2202 inquam,

1170 2206 1412 2242 Athanasius&
1434 2207 1635 2251 Gregorius,
1662 2219 1803 2242 necnon
1830 2209 1965 2242 Sanetus
1987 2209 2048 2242 Ba·
2089 2243 2092 2246 ,

1167 2258 1276 2297 silius,
1303 2268 1340 2290 ac
1355 2255 1486 2290 tandem
1510 2254 1578 2293 haec
1600 2257 1710 2291 omnis
1733 2257 1889 2300 synodus
1908 2258 2047 2294 consub-

1168 2306 1351 2342 stantialem
1379 2308 1478 2341 saneti
1505 2307 1645 2350 Spiritus
1678 2308 1903 2347 Divinitanem
1928 2307 2044 2342 defini-

1168 2359 1215 2390 vit
1239 2382 1246 2389 .
1275 2356 1324 2395 lta
1355 2357 1388 2390 ὅ(
1419 2358 1553 2391 Samstus
1589 2355 1795 2401 Augustinus
1827 2357 2046 2403 Pelagianos,

1168 2406 1337 2450 Scripturis
1361 2406 1499 2440 canonis
1521 2418 1582 2450 pro
1603 2407 1744 2452 originis
1762 2417 1898 2451 peccato
1924 2407 2046 2442 adduci

1169 2457 1278 2500 paffim
1302 2456 1407 2489 solitis
1435 2458 1626 2490 contumaci
1645 2457 1762 2492 astutia
1782 2458 2047 2499 recalcitrantes,

1168 2518 1209 2540 ex
1232 2505 1427 2550 Apostolica
1447 2506 1645 2546 traditione,
1671 2518 1736 2551 que
1757 2508 1985 2542 exorcizantur
2009 2509 2046 2543 δε
2066 2521 2217 2562 Ερῑῃηος,

1168 2557 1366 2591 exufflantur
1390 2557 1491 2595 etiam
1511 2556 1655 2589 infantes
1676 2580 1687 2596 ‚
1715 2557 1862 2591 covistos
1879 2557 2046 2594 obmutire

1144 2622 1145 2628 ¹
1167 2607 1244 2641 fecit
1256 2631 1263 2638 .
1290 2605 1390 2640 Adeo
1401 2605 1535 2640 verbum
1548 2606 1702 2645 traditum
1713 2606 1758 2640 est
1770 2608 1888 2650 scripto
1899 2607 2046 2651 quando-

1168 2668 1230 2700 que
1240 2657 1427 2700 potentius.
1455 2656 1508 2689 Ex
1519 2655 1660 2690 adducto
1686 2656 1794 2691 saneti
1806 2656 1976 2691 Athanasii
1999 2657 2047 2692 lov

1168 2718 1208 2741 co
1222 2706 1304 2743 reste
1315 2704 1497 2754 Josephus,
1522 2705 1754 2745 Methonenfis
1779 2706 1981 2750 Episcopus,
2006 2708 2044 2742 in

1144 2774 1146 2803 j
1168 2757 1252 2791 libro
1262 2766 1376 2793 contra
1389 2756 1496 2795 Marci
1510 2755 1639 2798 Ephesii
1652 2756 1687 2789 in
1696 2757 1869 2798 Synodum
1882 2757 2045 2804 Florenti-

1144 2826 1146 2831 ·
1168 2819 1245 2842 nam
1256 2805 1438 2842 calumnias
1447 2805 1607 2847 ‚ostendit
1618 2804 1774 2850 Spiritum
1786 2807 1930 2841 faustum
1942 2807 2044 2843 etiam

1167 2869 1207 2892 ex
1223 2857 1313 2891 Filio
1326 2855 1498 2900 procedere
1510 2880 1518 2887 .

1217 2909 1282 2951 ,Qui
1302 2907 1414 2940 Iocutus
1435 2905 1473 2947 est
1491 2913 1548 2947 per
1561 2905 1727 2948 Prophetas
1739 2931 1746 2940 .
1774 2906 1887 2941 Etiam
1908 2906 2043 2951 adponi-

1167 2967 1218 2991 tur
1227 2965 1343 2991 contra
1353 2955 1617 2990 Macedoniauos
1628 2979 1639 2996 ,
1665 2956 1750 2999 apud
1763 2957 1963 3000 Gregorium
1975 2958 2044 2999 Na·
2061 2944 2142 2989 Orat.
2181 2942 2218 2979 ὼ

1167 3007 1361 3041 zianzenum
1385 3005 1577 3041 blaterantes
1598 3007 1728 3047 spirims
1760 3005 1860 3050 sancii
1888 3011 2042 3041 Divinita-
2170 3005 2177 3013 '

1167 3066 1227 3090 tem
1244 3058 1328 3095 ¹nullo
1348 3058 1511 3098 Scripturae
1532 3057 1589 3091 loco
1612 3055 1808 3100 confignatam
1829 3081 1840 3102 ‚
1865 3058 1917 3101 effe
1945 3062 2041 3091 Deum

1162 3112 1351 3151 peregrinum
1365 3130 1375 3146 ,
1399 3118 1532 3146 novum,
1558 3106 1794 3140 introdue‘litium
1810 3131 1821 3147 ,
1841 3106 1934 3150 prisii
1949 3107 2042 3140 homi·

1168 3157 1413 3202 nibusignotum.
1442 3154 1596 3199 Synodus
1622 3156 1738 3191 definit
1749 3157 1832 3191 adeo
1843 3159 2040 3202 antiquum,

1167 3217 1203 3241 ut
1225 3218 1280 3251 per
1300 3205 1480 3249 Prophetas
1501 3206 1630 3239 locutus
1656 3206 1694 3240 fit
1719 3231 1729 3247 ,
1756 3207 1902 3248 adeoque
1926 3209 2040 3247 Deus,

1167 3257 1256 3300 cujus
1286 3255 1387 3290 solius
1420 3255 1466 3290 est
1501 3256 1548 3292 sui
1581 3255 1776 3291 Confistorii
1804 3258 1921 3290 secreta
1951 3260 2040 3290 nolle

1166 3307 1201 3341 &
1220 3305 1414 3340 enunciare.
1443 3304 1617 3340 Videndus
1642 3306 1764 3349 primus
1790 3306 1871 3340 liber
1898 3308 2040 3349 Didymi

1167 3357 1207 3390 de
1217 3356 1338 3399 Spiritu
1361 3356 1493 3390 saneto.
1517 3354 1806 3390 AdditRuffinus:
1835 3362 1866 3389 Is
1887 3359 1953 3400 erg&
1974 3358 2040 3397 spi-

1168 3414 1247 3440 ritus
1261 3403 1385 3449 sancius
1408 3405 1446 3451 est
1463 3431 1474 3448 ,
1500 3411 1550 3449 qui
1569 3412 1603 3438 in
1619 3412 1715 3440 veteri
1735 3407 1904 3446 testamento
1930 3409 2038 3448 Legem

1169 3458 1203 3491 (¹5
1232 3454 1399 3499 Prophetas
1426 3479 1439 3498 ,
1472 3462 1506 3492 in
1524 3467 1601 3490 novo
1631 3456 1774 3499 Apostolos
1802 3457 1835 3490 (a
1867 3457 2039 3498 Evangelia

1903 3502 1990 3546 inspt-
2011 3521 2014 3525 ι
