2346 3776
52 945 169 986 Epist.2.

52 986 188 1028 Epist-58.

49 2048 187 2090 Epist-74.

640 136 944 191 Senouts,
984 150 1046 180 nr
1081 146 1253 182 Nous
1289 148 1653 185 ιιιυετκᾼτι.

226 223 430 264 appellantem
458 215 648 260 apstolicam
679 219 787 254 sedum
812 242 824 259 ‚
859 221 895 254 Θ
927 217 990 263 ipse
1013 217 1110 267 'gestis

226 271 394 316 dis'cufferae
418 289 430 311 5
465 276 616 314 tanquam
643 278 753 306 veram
782 270 818 304 Θ
842 269 1015 305 catholicam
1046 270 1111 305 lau-

226 325 376 363 dantem,
402 316 522 361 ensupn
543 322 639 352 etiam
660 319 818 361 Africanos
843 321 1012 362 culpantem
1033 323 1110 362 Epa-

222 372 324 417 scopos
340 395 352 412 ‚
379 370 462 412 quid
479 367 520 401 ab
542 369 603 401 illis
637 367 770 404 haerenci
800 371 989 406 crederentur
1002 395 1014 411 ,
1045 372 1111 406 ciam

227 422 353 458 necdum
374 417 431 461 ipsi
449 417 603 460 Africanis
624 418 782 464 Episcopis
803 421 885 455 dolos
907 432 1007 454 eorum
1019 421 1111 458 multo

227 468 414 512 manfistius
435 469 643 512 detegentibus
658 495 669 510 ‚
696 480 875 505 memoratos
899 473 1056 515 Pelagium
1071 472 1112 509 l&

227 519 393 559 celestium
428 528 556 561 putaret
586 518 764 556 orthodoxos
794 545 801 552 .
840 524 887 554 Et
923 530 1025 555 tamen
1060 532 1112 558 nec

226 569 423 612 Athanafium
444 594 455 609 ,
482 581 533 603 nec
556 568 742 615 Damasum,
769 582 822 607 nec
843 572 909 606 illos
932 571 1110 615 Palaestinos

226 618 409 663 Epist-opos,
437 622 471 654 Θ
483 622 644 662 Zozymum
665 618 819 656 haereticos
840 623 938 656 credit
961 620 1110 663 Ecclefia,

224 676 298 713 quia
317 671 355 704 de
375 669 525 707 baercticis
550 670 622 706 bene
639 667 797 713 senserunt
820 696 832 711 ,
855 670 915 714 sed
932 673 1035 714 potitis
1051 679 1111 713 pro

226 726 332 755 memo
356 718 424 763 ficae
455 720 531 763 fidei
561 719 715 756 catholicos
743 723 868 763 judicat
901 723 935 755 (5
964 721 1110 762 honorat,

226 772 366 813 qnoniam
400 782 459 806 non
490 770 578 807 debet
615 775 735 805 crimini
767 772 908 813 deputari
932 771 1110 814 simplicium

227 833 285 855 non
305 820 457 858 intelle&
483 818 620 863 verfittia
651 821 849 864 malignorum
869 847 877 854 .
914 822 1110 860 Facundum

226 870 292 906 labi
304 870 404 908 credo
413 869 456 907 dc
466 867 680 908 Timotheo:
706 870 788 909 Non
800 872 892 906 enim
913 870 1028 912 hunc,
1055 871 1109 906 sed

225 920 395 961 vitalem,
423 919 514 962 aeque':
534 915 738 966 Apollinarii
765 920 963 967 discipulum
978 947 990 964 ,
1014 921 1110 958 fus'ffe

221 970 243 1007 <a
254 971 402 1007 Damaso
422 971 670 1016 circumscripto
697 972 882 1016 susceptum
904 997 915 1012 ,
939 973 1047 1021 1iquet
1067 983 1109 1006 ex

225 1020 381 1065 Gregorii
391 1020 428 1055 N
430 1020 598 1057 azianzeni
608 1021 649 1055 ad
661 1020 868 1061 Cledonium
880 1047 890 1063 ,
902 1022 1108 1066 Hieronymi

224 1070 266 1109 ,ad
277 1071 459 1107 Damasum
473 1094 485 1111 ‚
512 1070 646 1110 Damasi
667 1071 709 1107 ad
720 1073 911 1111 Orientales
937 1072 1086 1123 Epistola
1097 1097 1108 1113 ,

225 1132 287 1157 nec
299 1132 370 1158 non
382 1132 424 1155 ex
444 1131 564 1165 quarto
574 1121 661 1158 libro
672 1122 770 1165 ipfius
795 1123 966 1159 Facundi.
993 1122 1110 1157 Omni÷

224 1171 272 1206 no
283 1170 468 1215 culpandus
478 1170 525 1209 est
536 1171 672 1211 Sanctus
683 1171 822 1207 Basilius
838 1198 850 1214 ‚
877 1173 940 1212 hac
951 1174 993 1207 de
1014 1173 1108 1208 causa

224 1220 620 1261 DamasumPontificem
633 1222 668 1257 ec
679 1233 818 1258 omnem
829 1223 1025 1259 Occidentis
1050 1223 1111 1256 Ec-

223 1272 356 1306 clesiam
366 1296 379 1312 ‚
404 1272 577 1321 quomodo
589 1271 814 1308 sardicensem
826 1274 1001 1318 Synodum
1013 1273 1047 1309 &
1059 1272 1111 1320 Ju-

224 1322 310 1357 lium
338 1321 545 1359 Pontificem
571 1322 618 1357 ob
640 1321 846 1358 'Marcellum
869 1349 881 1367 ‚
905 1335 1045 1370 arguens
1069 1322 1110 1356 de

223 1371 708 1417 patrato'sacinore,stabilita
730 1371 859 1414 hiereli,
887 1375 1041 1419 ignorata
1062 1384 1111 1407 ve-

223 1422 320 1456 ritate
331 1446 338 1454 .
365 1421 450 1460 Non
460 1421 599 1457 advertit
608 1422 671 1458 hac
695 1423 763 1470 ipsa
774 1425 884 1463 fidelia
894 1421 995 1462 etiam
1007 1421 1111 1460 Atha·

222 1472 351 1509 nafium
365 1472 402 1507 ὅ(
411 1472 556 1507 amicum
566 1473 818 1516 Nazianzenum
828 1474 1000 1521 insigniter
1014 1472 1109 1508 deni*

224 1522 313 1566 grati
335 1546 354 1557 .,
369 1522 464 1558 Male
484 1522 666 1561 Paulinum
687 1522 947 1561 Antiochenam
979 1522 1112 1566 Episco=

224 1576 306 1614 pum
315 1595 326 1613 ,
337 1570 503 1608 Marcello
514 1570 625 1609 adhue
636 1574 943 1610 communicantem
956 1597 967 1613 ‚
978 1573 1089 1617 arguit
1099 1597 1110 1614 ,

221 1620 316 1665 quod
327 1619 395 1664 eins
406 1621 621 1668 dogmatibus
634 1623 735 1657 fidem
746 1622 865 1660 habeat
878 1636 885 1655 :
912 1623 1000 1670 Qis
1020 1621 1110 1656 enim

223 1670 347 1707 nesciat
356 1670 537 1708 Paulinum
549 1695 560 1711 ,
587 1672 914 1716 SanstiHieronymi
932 1673 1111 1708 Ordinato·

224 1730 294 1755 rem
313 1740 338 1762 ,-
360 1721 456 1756 fuiffe
481 1720 579 1764 plene»
610 1721 843 1760 orthodoxum
869 1735 876 1754 :
916 1722 1110 1767 Culpandus

223 1770 305 1804 item
317 1793 328 1809 ,
356 1770 393 1807 in
404 1769 522 1807 libello
534 1771 576 1806 de
600 1772 878 1818 ,appellationibus
896 1773 1058 1809 Afrorum
1070 1771 1109 1805 ad

225 1818 419 1857 Romanam
442 1820 622 1857 Ecclefiam
645 1845 658 1862 ,
689 1823 829 1859 Marcus
854 1823 1029 1858 Antonius
1049 1821 1112 1855 Ca-

225 1869 331 1912 pellus
340 1894 351 1910 ,
375 1867 518 1913 zozymi
532 1870 708 1907 Pontificis
715 1871 757 1906 de
767 1872 920 1907 Caelestio
930 1872 972 1909 ad
984 1872 1112 1907 Africa·

225 1930 305 1954 nam
325 1920 505 1956 Ecclefiam
527 1921 653 1956 litteras
676 1945 689 1962 ,
714 1922 732 1956 a
755 1922 917 1961 Facundo
940 1922 1109 1962 laudatas,

225 1969 388 2007 damnans
401 1970 656 2014 suppositionis.
911 1984 913 1986 ·
970 1974 972 1980 ’

274 2018 392 2054 Restat
414 2020 570 2066 quaestio,
598 2033 642 2056 an
658 2021 761 2058 etiam
782 2023 832 2068 de*
846 2022 1001 2058 Marcelli
1025 2021 1111 2057 libro

224 2070 363 2105 errarint
373 2093 385 2111 ,
410 2080 469 2107 aut
479 2082 583 2107 errare
592 2073 762 2115 potuerint
772 2073 877 2118 Julius
884 2073 1046 2109 Pontifex
1055 2071 1112 2111 5&

225 2120 383 2163 Synodus
393 2120 612 2159 Sardicensxs?
636 2121 840 2160 Constanter
850 2122 1024 2169 respondet
1035 2123 1112 2156 San·

225 2172 296 2204 stus
307 2169 470 2214 Hilarius,
482 2172 518 2206 in
530 2170 673 2209 laudatis
681 2174 889 2218 fragmentis,
900 2184 970 2207 non
980 2173 1110 2206 erraffe.

226 2222 355 2254 nocetur
374 2244 385 2261 ,
413 2221 525 2264 inquit
547 2245 559 2261 ,
583 2228 677 2257 etiam
695 2229 870 2259 recitatum
895 2223 966 2258 libri
989 2222 1106 2255 Marcel

228 2271 290 2304 lum
309 2277 494 2306 innocentem
519 2271 725 2315 deprehendi,
744 2272 916 2317 falfitatem
941 2274 1114 2315 quoqueju-

227 2322 301 2354 dicii
321 2325 451 2361 Ariane,
474 2320 846 2364 Constantinopolitani
869 2335 925 2367 per
942 2322 1112 2359 Sardicen-

228 2372 263 2405 se
295 2371 406 2407 cassati
432 2396 443 2411 ‚
480 2371 629 2413 exstantis
655 2372 755 2406 adhuc
781 2373 853 2409 libri
884 2372 962 2416 fides
992 2376 1112 2416 arguit.

231 2423 386 2463 Nunquid
399 2428 525 2463 propter
554 2422 626 2458 libra·
646 2428 756 2457 vitium
780 2424 941 2457 Marcellus
960 2422 1000 2455 ab
1021 2421 1114 2456 Atha-

227 2468 305 2511 nafio
326 2470 479 2510 abstentus
501 2470 564 2509 est?
591 2470 650 2506 An
671 2471 709 2505 in
730 2471 891 2509 librorum
912 2471 1040 2518 judicio
1052 2472 1114 2507 cir-

228 2519 411 2555 cumveniri
432 2519 559 2556 &salli
585 2520 682 2564 poffic
710 2522 858 2558 Ecclefia
887 2547 899 2563 ,
926 2523 1043 2558 acriter
1066 2521 1112 2555 est

227 2568 425 2604 ventilatum
445 2568 487 2605 ad
500 2580 648 2613 tempora
672 2571 796 2615 quintae
809 2571 939 2616 Synodi
951 2597 962 2613 ‚
988 2571 1034 2606 ob
1047 2570 1112 2605 lbae

227 2618 381 2653 Edesseni
404 2620 561 2663 Episcopi
583 2620 789 2664 Epistolam,
818 2621 991 2666 probatam
1011 2622 1030 2655 a
1051 2622 1113 2664 Sy-

227 2668 322 2704 nodo
343 2667 624 2706 Chalcedonenfi.
652 2671 777 2709 Eri-affe
798 2672 995 2718 Synodum‚
1020 2670 1110 2707 ideo-

227 2729 292 2761 que
302 2719 551 2764 expurgandam
563 2719 682 2757 dixere¹
697 2721 833 2765 quidam
846 2722 945 2758 trium
972 2721 1109 2765 Capitu-

228 2769 337 2803 lorum
357 2769 604 2813 impugnatores
627 2794 634 2803 .
662 2770 724 2806 Ast
746 2771 906 2809 librorum
926 2771 1048 2814 judicia
1068 2770 1109 2806 ad

228 2817 437 2862 dogmaticas
455 2819 669 2856 definitiones
691 2823 873 2864 pertinere,
900 2823 963 2857 eise
989 2821 1110 2856 infalli-

229 2868 311 2904 bilia
338 2869 372 2904 ὅ(
388 2869 572 2906 immobilia
584 2894 598 2910 ,v
620 2872 689 2905 fine
702 2872 842 2915 Spiritus
861 2872 970 2907 Sansti
990 2871 1108 2914 injuria

230 2919 392 2953 retractari
414 2931 483 2953 non
508 2921 597 2965 posse
616 2945 628 2963 ,
651 2921 789 2964 operose
806 2947 816 2962 ‚
842 2923 876 2957 δε
897 2920 1032 2957 nervose
1052 2921 1109 2955 do-

229 2979 369 3003 cuerunt
380 2968 498 3004 vietor
507 2970 747 3006 Tonnonenfis
757 2972 939 3016 Episcopus
950 2995 961 3011 ‚
986 2981 1025 3005 ac
1035 2982 1108 3016 prae·

229 3019 338 3054 sertim
361 3019 535 3056 Facundus
556 3020 799 3056 Hermianenfis
814 3046 825 3064 ‚
852 3023 912 3057 suo
937 3021 1035 3064 loco,
1061 3032 1109 3056 res

229 3068 321 3102 enim
333 3068 433 3115 longa
451 3069 496 3105 est
508 3093 519 3110 ‚
545 3069 759 3104 discutiendi.

276 3117 376 3155 ..Alter
389 3119 516 3162 Synodi
528 3120 750 3156 &Canonum
761 3120 995 3158 sardicensium
1003 3121 1109 3156 adver-

231 3167 331 3205 sarius
352 3170 416 3206 fuit
439 3168 595 3206 Aurelius
615 3169 884 3215 Carthaginenfis
905 3172 1108 3215 Episcopus,

232 3229 294 3252 nee
306 3219 540 3256 non&omnis
551 3218 708 3254 Africana
719 3220 898 3263 Synodus,
924 3222 958 3254 in
986 3233 1051 3265 qua
1076 3222 1108 3255 ὅ(

231 3268 366 3305 Sanstus
390 3268 596 3315 Augustinus
615 3294 627 3310 ,
655 3269 755 3314 idque
777 3270 822 3307 ob
842 3271 936 3306 litem
956 3270 997 3306 de
1020 3271 1109 3306 Cleri

233 3316 385 3355 Africani
405 3319 679 3365 appellationibus
697 3320 740 3356 ad
760 3321 877 3357 sedem
899 3321 1106 3357 Romanam.

232 3366 384 3401 Ecclefiae
396 3368 560 3407 Africanae
572 3371 688 3408 Clerus
701 3371 837 3407 inferior
849 3395 860 3411 ‚
885 3382 925 3405 ex
938 3371 1110 3407 immemor

232 3416 307 3451 riali
325 3418 472 3463 regionis
492 3421 753 3460 consuetudine,
780 3421 926 3456 Romam
949 3421 1108 3463 appellare

232 3478 303 3500 non
325 3478 475 3511 poterat,
499 3474 632 3508 coassus
658 3471 811 3507 Primatis
822 3470 1109 3514 Carthaginenfis,

230 3526 289 3555 ³⁰⁸
308 3517 377 3561 elus
396 3517 524 3562 Synodi
544 3522 670 3565 judicio
681 3522 897 3567 acquiescere.
931 3521 1009 3556 Erat
1031 3533 1107 3555 con·

1178 218 1316 254 suetudo
1337 218 1568 260 rationabilis,
1593 218 1710 263 utpote
1728 233 1827 266 quam
1848 227 1949 264 etiam
1968 229 2050 264 infe·

1176 269 1252 303 riori
1274 269 1395 307 Siciliae
1418 269 1520 306 Clero
1541 270 1699 314 imposuit
1722 269 1886 309 Adrianus
1917 289 2050 321 quartus

1175 318 1358 361 Pontifex,
1383 319 1402 356 ὲ
1426 319 1611 359 Guilielmo
1634 320 1728 366 Rege
1748 326 1902 365 coastus,
1927 327 2051 363 liberri-

1174 380 1292 415 meque
1313 368 1522 408 confirmavit
1542 370 1759 409 Innocentius
1779 373 1895 411 tertius
1917 398 1929 414 ,
1962 388 2052 412 nova.

1174 419 1376 457 concordata
1395 418 1539 460 statuens
1559 421 1699 466 Regina:
1724 423 1945 464 Constantiae,
1971 425 2053 468 ejus-

1163 477 1238 513 ,que
1249 469 1506 509 filio.Frederico
1525 471 1686 506 secundo.
1713 474 1825 517 Spreta
1834 471 1897 508 hac
1919 476 2055 512 consue·

1174 518 1312 560 tudine,
1338 520 1497 564 Apiarius
1519 521 1674 558 Siccensis
1697 523 1847 558 Ecclefiae
1867 524 1902 558 in
1926 524 2054 562 Mauri-

1173 569 1262 604 tania
1283 569 1477 614 Presbyter,
1503 570 1545 607 ab
1556 570 1701 607 Urbano
1725 573 1889 618 Episcopo
1902 571 1961 608 suo
1981 585 2053 618 gra-

1174 629 1286 661 vatus,
1313 620 1458 659 Romam
1469 622 1663 664 provocavit
1672 622 1713 656 ad
1725 623 1914 667 Zozymum
1935 623 2054 661 Ponti-

1172 671 1268 705 ficem
1282 694 1292 710 ,
1303 670 1360 712 qui
1368 669 1628 714 appellationem
1637 673 1776 717 suscepit
1787 697 1798 713 ‚
1825 674 1860 708 ὅ(
1873 673 2053 710 reclaman-

1172 720 1259 758 tibus
1271 720 1439 760 Africanis
1464 720 1636 770 Episcopis
1646 722 1788 759 rationes
1799 724 1874 758 fasti
1896 725 1946 763 sui
1958 722 2053 762 dedit

1172 782 1214 806 ex
1224 771 1323 804 tertio
1332 796 1342 811 ,
1368 781 1486 815 quarto
1499 795 1510 811 ‚
1536 771 1698 816 &quarto
1709 771 1842 810 decimo
1853 774 2053 810 canonibus

1172 820 1412 858 Sardicenfibus
1425 845 1436 862 ‚
1464 820 1605 858 scribens
1625 822 1689 859 effe
1709 821 1885 859 Nicaenos.
1911 822 2056 862 Inchoat-¹

1172 871 1242 911 vit,
1269 882 1338 908 non
1350 871 1462 910 finivit
1483 871 1598 909 litem,
1626 872 1761 912 Etenim
1773 872 1815 909 ad
1838 873 2054 910 Bonifacium

1173 921 1316 965 primurn
1328 920 1529 959 Pontificem
1540 920 1606 956 haec
1617 920 1711 959 Afri:
1739 924 2054 966 ,Quamvisplur—tmos

1171 971 1281 1004 codices
1303 972 1460 1015 legerimus
1471 997 1483 1012 ,
1506 970 1570 1015 sed
1585 984 1739 1015 nunquam
1749 978 1782 1008 ln
1803 977 1932 1009 Nicaeno
1952 977 2056 1010 Conce-

1172 1022 1209 1054 lio
1219 1026 1252 1053 ln
1263 1022 1372 1058 latinis
1383 1021 1532 1057 codicibus
1543 1023 1667 1067 legimus
1680 1027 1817 1057 Canones
1829 1047 1841 1064 ‚
1856 1023 2055 1067 'quemadmo-

1175 1072 1248 1105 dum
1258 1071 1339 1110 inde,
1351 1082 1393 1106 ex
1407 1071 1486 1105 urbe
1499 1071 1666 1111 Romana,
1681 1079 1714 1106 in
1722 1073 1864 1118 Zozymi
1874 1074 2052 1108 pontificis

1172 1126 1384 1157 commonitorio
1395 1119 1580 1163 direffisunt
1593 1147 1600 1153 .
1634 1122 1678 1155 Et
1692 1122 1733 1156 ad
1746 1123 1945 1158 Pontificem
1957 1124 2063 1158 Celo»
2097 1142 2099 1144 >

1173 1170 1293 1206 stinum
1309 1184 1320 1204 .·
1347 1174 1386 1208 Ut
1396 1173 1492 1213 aliqui
1502 1181 1648 1213 tanquam
1659 1173 1679 1205 ἃ
1691 1181 1753 1209 tuae
1765 1168 1946 1206 5anHitat1s
1956 1168 2052 1207 latere

1173 1226 1335 1255 mittantur
1346 1245 1357 1260 ,
1376 1222 1457 1258 nulla
1468 1227 1641 1259 invenimus
1654 1223 1782 1258 Parrum
1796 1224 1906 1263 synodo
1917 1222 2057 1265 constitw'

1173 1280 1256 1307 tum.
1283 1269 1416 1320 Qarto
1427 1271 1604 1309 Sardicenfi
1615 1272 1757 1309 Canone
1768 1272 1802 1307 id
1826 1273 1935 1310 lucide
1955 1274 2056 1308 statu·

1175 1330 1247 1359 tum
1256 1320 1337 1361 estj
1353 1330 1451 1365 atque
1461 1322 1506 1357 ita
1520 1320 1620 1356 etiam
1632 1322 1720 1359 lucet
1731 1322 1900 1359 Africanis
1920 1323 2056 1368 Episco-

1173 1371 1223 1413 pis
1232 1369 1318 1406 hanc
1341 1371 1514 1413 synodum
1528 1372 1621 1410 fuisse
1643 1373 1956 1417 penitusignotam.
1985 1372 2055 1408 Ne-

1175 1421 1315 1456 sciet-unt
1325 1420 1428 1464 ipsam
1441 1422 1460 1460 ὲ
1472 1421 1722 1459 conventiculo
1742 1421 2057 1467 philippopolitani>

1174 1469 1375 1515 distinguere
1387 1495 1399 1511 ‚
1425 1471 1591 1507 credidere
1601 1471 1762 1508 Arianam
1774 1496 1785 1511 ‚
1812 1482 1850 1509 ut
1861 1473 1955 1516 supra
1966 1473 2056 1507 audi-

1176 1520 1282 1554 vimus
1291 1520 1442 1554 &Sanitis
1451 1520 1811 1566 Alipio&Augustino
1824 1545 1833 1553 .
1860 1522 2037 1559 Faustinus
2046 1548 2059 1565 ,

1175 1568 1374 1608 potentinus
1397 1569 1581 1614 Episcopus
1607 1595 1618 1610 ‚
1654 1571 1689 1605 &
1711 1571 1861 1610 Romani
1878 1569 2061 1607 ‘Pontificis

1175 1620 1319 1663 Legatus
1329 1644 1339 1658 ,
1368 1619 1506 1663 Synodo
1517 1621 1616 1659 sextae
1637 1620 1889 1666 Carthaginensi
1903 1635 1973 1657 non
1986 1635 2059 1657 tan-

1176 1669 1247 1703 tum
1277 1669 1418 1713 obstitit*²
1445 1669 1499 1703 scd
1522 1671 1557 1703 ὃς
1584 1676 1690 1703 varias
1723 1673 1859 1712 injurias
1886 1678 2062 1718 irrogavit,

1174 1718 1407 1762 quafiRomanae
1427 1719 1566 1762 Ecclefiae
1587 1721 1715 1764 afferens
1736 1724 1907 1767 privilegia
1920 1748 1932 1764 ,
1958 1735 2058 1767 atque

1174 1780 1216 1805 ex
1244 1770 1310 1804 illis
1333 1770 1448 1805 volens
1471 1768 1645 1813 Apiarium
1678 1771 1778 1814 recipi
1807 1772 1841 1806 in
1862 1773 2001 1816 gradum
2026 1775 2062 1807 <Sc

1174 1820 1449 1858 communionem
1461 1831 1517 1863 per
1527 1819 1713 1864 Zozymum
1741 1821 1892 1858 reddita:
1919 1822 1968 1857 At
1995 1835 2064 1866 per·

1176 1869 1306 1905 suadere
1329 1870 1455 1916 nequiit
1475 1870 1587 1905 miffos
1609 1870 1766 1905 Canones
1786 1872 1850 1906 effe
1878 1873 2061 1917 legitimos,

1176 1907 1277 1965 longe
1288 1919 1399 1955 minus
1411 1918 1568 1957 Nicaenos
1580 1944 1587 1951 -
1617 1920 1675 1954 Lis
1687 1921 1769 1958 dura
1781 1922 1928 1968 &longa
1939 1947 1951 1963 ,
1977 1923 2063 1958 mol·

1176 1970 1234 2006 lita
1246 1980 1301 2013 per
1314 1969 1529 2009 Bonisacium
1549 1969 1728 2007 secundum
1738 1971 1941 2007 Pontificem
1954 1997 1964 2013 ,
1987 1983 2062 2008 tans

1176 2019 1338 2063 demque,
1365 2020 1455 2064 quod
1478 2020 1537 2054 suo
1558 2020 1737 2058 dicendum
1760 2021 1860 2064 loco,
1886 2022 1984 2067 plene
2008 2035 2065 2058 ex-

1177 2069 1294 2108 stinsta
1303 2081 1360 2113 per
1371 2070 1569 2114 Gregorium
1577 2080 1738 2117 magnum
1751 2097 1758 2103 .

1226 2120 1312 2156 Duae
1332 2118 1389 2158 hic
1409 2121 1485 2158 sunt
1510 2120 1701 2165 quaestiones
1716 2146 1723 2153 .
1750 2120 1864 2156 Prima
1885 2122 1954 2164 est,
1980 2134 2064 2168 quo-

1178 2169 1281 2207 modo
1299 2167 1450 2209 Africani
1465 2170 1619 2214 Episcopi
1631 2171 1816 2215 ignorarint
1832 2173 2014 2216 ’synodum
2026 2176 2063 2210 ὅσ

1179 2220 1334 2255 Canones
1343 2221 1565 2255 Sardicenses.
1587 2222 1724 2255 Etenim
1742 2221 1864 2256 Gratus
1887 2222 2064 2269 Carthagi-

1178 2270 1282 2304 nenfis
1304 2269 1485 2314 Episcopus
1507 2295 1518 2310 ‚
1557 2282 1632 2305 cum
1666 2272 1802 2316 triginta
1822 2273 1970 2318 quinque
1999 2275 2063 2309 suat

1177 2319 1369 2358 Dioeceseos
1393 2320 1563 2364 Collegis‚
1590 2320 1740 2356 adfuerat
1763 2322 1903 2366 Synodo
1926 2347 1937 2363 ‚
1964 2326 2064 2368 quos-

1176 2369 1253 2406 dam
1275 2369 1430 2406 Canones
1449 2371 1686 2413 poposcerat&
1708 2371 1916 2415 impetrarat,
1942 2384 2061 2409 omnes

1175 2419 1358 2463 publicarat
1382 2431 1437 2465 per
1449 2420 1596 2457 Africam
1609 2445 1620 2463 ,
1645 2420 1729 2458 acin
1741 2422 1835 2459 usum
1855 2422 2035 2459 deduxerat
2049 2449 2062 2464 ,

1176 2470 1224 2504 uti
1237 2469 1336 2505 docet
1349 2471 1484 2516 quintus
1495 2470 1618 2508 Canon
1631 2471 1741 2516 primae
1751 2472 1879 2515 Synodi
1889 2472 2062 2519 Carthagi-

1175 2518 1428 2558 nenfis.0blivio
1439 2520 1595 2563 praetendi
1608 2521 1724 2563 nequit
1734 2533 1776 2555 ex
1789 2522 1878 2565 lapsu
1891 2523 2059 2566 temporis.

1175 2569 1310 2605 Etenim
1332 2568 1436 2606 Grato
1468 2571 1613 2607 successit
1645 2569 1830 2607 Restitutus
1851 2596 1861 2612 ‚
1891 2572 2060 2608 Restituto

1174 2619 1348 2656 Genetlius
1358 2619 1516 2656 Genetlio
1529 2618 1695 2660 Aurelius,
1711 2622 1759 2655 vir
1771 2621 1942 2669 insigniter
1951 2622 2059 2657 erudi·

1173 2679 1226 2706 tus
1235 2693 1243 2701 .
1272 2669 1471 2713 Respondeo
1480 2670 1513 2706 ἀ
1524 2671 1633 2707 fateor
1644 2668 1730 2705 hanc
1756 2671 1978 2715 ignorantiam
1991 2673 2058 2707 effe

1174 2718 1332 2756 veraciter
1344 2718 1593 2760 admirandam,
1620 2729 1731 2756 tamen
1753 2720 1866 2757 fuisse:
1894 2721 2058 2758 Radicem

1173 2769 1313 2813 ignoro.
1342 2769 1453 2815 Etiam
1476 2768 1653 2805 Nicaenum
1676 2769 1851 2807 Canonem
1871 2794 1882 2814 ‚
1908 2771 1994 2806 duos
2019 2773 2056 2807 in

1172 2819 1286 2855 eadem
1299 2819 1432 2856 civitate
1455 2819 1636 2865 Episcopos
1660 2829 1847 2861 vetantem,
1874 2821 2056 2856 ordinatio-

1172 2870 1224 2905 nis
1250 2870 1311 2906 suae
1332 2879 1481 2912 tempore
1504 2868 1671 2917 ignoravit
1697 2868 1929 2913 Augustinus,
1954 2881 2055 2914 atque

1171 2919 1272 2953 etiam
1303 2918 1371 2961 ejus
1406 2917 1590 2954 Ordinator
1614 2919 1782 2962 Megalius
1801 2944 1812 2959 ,
1852 2919 2056 2959 Calamenfis

1172 2969 1355 3013 Episcopus
1368 2992 1378 3007 ,
1406 2968 1575 3003 Numidiae
1588 2968 1735 3005 Primas:
1765 2969 1817 3005 Eo
1844 2982 1986 3015 namque
1998 2983 2055 3015 op·

1172 3018 1277 3064 pofito
1290 3018 1724 3063 Augustiniordinationem
1745 3019 1874 3062 penitus
1894 3021 2052 3065 impedire

1172 3068 1325 3111 potuisset
1337 3092 1348 3109 ,
1374 3069 1440 3103 fine
1453 3068 1587 3106 infoelici
1600 3068 1727 3106 recursu
1738 3069 1779 3107 ad
1790 3071 1903 3117 poculi
1924 3082 2050 3106 amato-

1170 3130 1209 3154 111
1223 3128 1492 3154 criminationem
1506 3143 1511 3149 .

1220 3166 1335 3204 Altera
1348 3168 1478 3212 quaestio
1491 3168 1536 3202 est
1551 3192 1561 3207 ,
1589 3167 1760 3212 quomodo
1772 3169 1943 3215 Zozymus
1962 3171 2052 3208 Pon.-

1171 3218 1252 3253 tifex
1285 3217 1442 3253 Canones
1474 3218 1677 3252 Sardicenses
1718 3218 1840 3255 dixerit
1874 3220 2047 3260 Nicaenos,

1170 3267 1302 3303 Marcus
1324 3267 1537 3314 Ephefiorum
1560 3268 1775 3311 Metropolita
1801 3294 1813 3311 ‚

1170 3317 1361 3354 Florentina
1384 3317 1426 3352 de
1446 3318 1569 3355 Santstis
1588 3317 1737 3355 Patribus
1758 3330 1815 3363 pet
1837 3319 1966 3354 Graecos
1989 3322 2048 3359 fre-

1170 3377 1306 3413 quenter
1327 3368 1450 3404 vitiatis
1471 3378 1654 3406 conventus
1673 3393 1684 3410 ,
1710 3368 1795 3403 dixit
1818 3369 1904 3407 nihil
1927 3371 1961 3404 id
1984 3371 2048 3405 effe

1171 3418 1243 3453 miri
1264 3441 1275 3459 ,
1301 3417 1377 3453 cum
1398 3416 1465 3462 ipse
1477 3418 1672 3456 Latinorum
1696 3420 1861 3464 supremus
1888 3419 2047 3458 Pontifex

1172 3468 1337 3512 Zozymus
1349 3493 1359 3508 ,
1387 3469 1422 3504 δε
1443 3469 1579 3512 quidem
1590 3468 1630 3503 ad
1656 3469 1830 3512 Synodum
1843 3469 1985 3503 scribens
2003 3470 2045 3504 de

1172 3530 1204 3552 re
1227 3518 1426 3563 gmvfflima,
1452 3518 1640 3556 adulterarit
1667 3519 1844 3561 Canones,
1871 3520 2047 3564 proNicsp-

1943 3580 1995 3607 ms

1849 3269 1881 3303 in
1908 3272 2047 3319 Synodo
2064 3262 2125 3295 sest
2136 3276 2179 3300 ²⁰¹
