2346 3776
247 225 420 282 tidadm
453 218 644 273 modeste
678 213 918 286 represserit
951 250 966 275 ,
1023 209 1145 262 haud.
1175 214 1324 260 tamen
1355 206 1595 259 ‘sollicitare
1629 225 1718 276 per
1745 209 1977 277 Epistolas‘
1997 227 2097 262 eum

244 296 415 348 destitit
428 331 442 356 ‚
476 309 587 362 quas
622 287 699 338 suo
734 288 914 337 nomine
948 291 995 333 P.
1033 285 1167 347 Naris
1202 280 1260 330 ad
1295 278 1437 348 ipsum
1473 278 1735 340 missitabat,
1771 280 1933 347 quibus
1966 284 2102 333 etiam

247 367 437 432 majoris,
457 360 785 414 .au5toramenti
812 394 821 410 ‚,
844 355 964 423 spem
1010 349 1189 404 subinde
1237 349 1427 400 faciebat
1475 371 1489 409 3
1534 349 1676 400 donec
1724 352 1764 399 L
1778 369 1807 398 υ
1823 369 1922 398 Pus
1971 369 2103 415 nego*

247 440 363 488 tium
411 433 600 485 'diremit
659 426 776 481 hisce
829 424 1012 494 quidem
1073 421 1219 474 verbis
1278 442 1290 472 ε
1342 427 1491 489 Pauper
1560 418 1656 486 snm
1697 458 1712 482 ‚
1764 427 1915 488 Pauper
1963 426 2056 470 vixi
2089 460 2104 483 ‚

248 514 398 576 Pauper
433 510 529 554 mori
561 501 648 553 volo
679 525 694 550 ;
744 515 835 548 non
869 496 958 548 sine
992 495 1165 563 stupore
1202 493 1417 559 Principis
1451 528 1467 552 ,
1518 490 1800 542 altitudinem
1834 491 1975 542 animi
2011 497 2104 559 ejus

248 577 531 629 deminantis.
2027 610 2030 613 «

294 651 508 698 ,Romam
543 661 650 695 cum:
678 638 932 711 pervenisset
968 675 982 700 ‚
1027 633 1362 685 Eminentissimi
1397 637 1611 684 Romanae
1646 634 1849 686 Ecclefiae
1884 633 2101 684 Cardina,

245 719 313 768 les
347 755 361 781 ,
392 714 626 783 -Ffranciscus
659 713 885 761 Darberinus
919 746 933 771 ,
968 713 1012 757 F
1011 707 1090 757 elix
1123 703 1390 773 Respigliofius
1421 742 1436 767 ,
1483 721 1536 754 ac
1570 705 1647 754 alii
1684 703 1954 754 Illustrissimi
1988 709 2102 755 Prae÷

246 789 337 839 lati*
363 825 380 850 ,
418 786 580 837 'Officii
614 781 741 834 causa
788 784 914 832 illum
949 779 1182 829 convenire
1224 776 1395 839 dignati
1431 774 1528 825 sunt
1564 813 1578 826 .
1630 774 1727 844 Ipsa
1761 792 1943 843 quoque
1979 778 2102 825 Sere--

246 857 415 910 ni'ffi'ma
449 861 683 907 Svecorum
718 856 890 917 Regina
923 849 1111 914 Christina
1144 884 1158 908 ‚
1194 845 1460 896 nobiliorum
1494 848 1770 911 ingeniorum
1805 843 2062 895 admiratrix
2087 883 2101 907 ,

244 945 300 979 ac·
321 927 545 978 bonarum
580 928 759 976 Artium
796 923 1011 993 imprimis
1064 917 1225 984 fautrix
1259 946 1283 977 ,1
1322 917 1575 966 accersitum
1612 915 1670 967 ad
1704 916 1747 968 se
1784 920 1832 967 in
1864 915 2105 967 Academi-

244 999 414 1051 corum?
445 1000 685 1063 Regiorum
734 995 855 1045 Albo
890 988 1109 1057 adscripsit
1143 1025 1159 1050 ‚
1209 992 1253 1036 &
1312 989 1358 1035 in
1396 987 1673 1054 Ampliffimo
1721 991 1950 1039 Virorum*
1981 1003 2103 1037 coe-tu

241 1056 500 1137 stupendam
534 1071 635 1118 Virii
680 1065 982 1116 Eruditionem
1017 1096 1031 1121 ‚
1079 1076 1132 1108 ac
1169 1060 1435 1126 Sapientiam
1472 1059 1595 1106 miris
1643 1056 1846 1107 laudibus
1892 1059 2051 1108 extulit
2084 1096 2100 1120 ,

244 1141 394 1208 palam
429 1139 637 1206 profitens
672 1156 686 1198 ‚¹
723 1135 921 1186 Ecclefiae
954 1135 1163 1182 Romanae
1199 1128 1360 1181 talibus
1376 1169 1378 1171 .
1394 1126 1551 1179 offibus
1569 1164 1584 1190 ,
1619 1145 1672 1178 ac
1706 1130 1855 1178 nervis
1884 1146 2003 1195 opus
2039 1128 2104 1178 es.

243 1208 289 1260 se
307 1246 321 1269 ‚
356 1210 436 1276 qui
472 1208 651 1275 stylum-⁴
664 1203 868 1253 adversus
904 1221 981 1253 eos
1015 1200 1318 1264 distringerent
1343 1236 1357 1260 ‚
1391 1197 1553 1267 quibus
1588 1196 1779 1249 solemne
1806 1198 1877 1249 >est
1910 1197 2102 1263 ejusdem

242 1280 525 1342 Dignitatem
539 1312 555 1335 ‚
591 1289 726 1342 atque
750 1269 1077 1323 Authoritatem
1112 1285 1189 1321 aut
1213 1272 1396 1322 arietare
1414 1306 1430 1331 ,
1465 1285 1542 1319 aut
1575 1273 1856 1337 impugnare.
1896 1274 2099 1319 Summus

239 1346 352 1408 *vero
387 1345 594 1397 Pontifex
640 1360 941 1394 nontantum
989 1360 1074 1393 una
1109 1359 1211 1392 curn
1261 1340 1466 1403 Collegis
1501 1338 1559 1389 ad
1594 1338 1761 1389 Pedum
1795 1339 1942 1390 oscula
1978 1340 2103 1390 beni-

244 1417 340 1482 gne·
367 1416 544 1483 admisit
577 1452 592 1479 ‚
630 1413 723 1466 ‘sed
756 1420 801 1466 &
836 1414 1076 1487 simplicem
1110 1417 1204 1484 ejus
1242 1409 1496 1463 modestiam
1531 1412 1580 1460 in
1614 1409 1909 1461 admiratione
1943 1427 2101 1462 notare

244 1490 427 1557 coepit.
796 1529 801 1532 »
1645 1502 1658 1513 ·’
1895 1523 1897 1525 .

270 1582 274 1591 ³
317 1558 355 1609 L
370 1579 507 1609 υνυς
559 1575 707 1609 autem
743 1557 923 1608 minime
960 1558 1039 1608 fibi
1074 1559 1122 1606 in
1155 1556 1278 1607 Urbe
1311 1552 1620 1623 quiescendum
1659 1569 1778 1603 ratus
1812 1591 1826 1616 ‚
1877 1552 2101 1622 quidquid

167 1627 169 1630 ⁴
246 1633 460 1700 temporis
477 1692 480 1693 ⁷
495 1630 669 1681 officiis
683 1667 698 1691 ,
733 1647 786 1680 ac
802 1670 805 1674 .
821 1631 1032 1694 Negotiis
1067 1626 1259 1677 suffurari
1297 1641 1473 1694 poterat
1507 1662 1522 1688 ,
1575 1625 1729 1675 studiis·
1763 1641 1909 1675 totum
1946 1627 2102 1688 largie-

246 1702 377 1753 batur
413 1739 428 1752 .
484 1706 651 1756 Pr-aeter-
678 1716 834 1750 caetera
868 1736 882 1761 ,
927 1699 1160 1749 Immobile
1214 1696 1323 1747 illud
1359 1701 1487 1765 Opus
1533 1695 1591 1747 de
1627 1698 1868 1760 Privilegio
1912 1702 1956 1744 S.
1995 1700 2104 1744 Petri

245 1775 366 1833 circa
400 1778 611 1831 Romanasr
629 1770 904 1841 Appellationes
934 1769 1189 1833 lucubravit
1226 1805 1239 1819 .
1290 1767 1516 1820 scribendi
1565 1770 1710 1818 otium
1762 1766 1887 1817 dedit
1936 1774 1984 1815 P.
2020 1774 2102 1815 Pa-

235 1839 429 1910 fihastics‘2
448 1839 666 1915 Qesnellus
682 1842 684 1844 ’
701 1877 714 1901 ,
751 1842 830 1907 qui
864 1845 1015 1908 Opera
1050 1846 1093 1887 S.
1119 1843 1273 1887 Leonis
1309 1844 1381 1888 M.
1417 1856 1553 1906 nuper
1589 1838 1731 1888 edidit
1767 1875 1780 1898 ‚
1831 1840 1971 1887 Notis
2006 1875 2019 1900 ,
2057 1842 2103 1893 ἅτ

252 1909 641 1961 Dissertationibus
677 1910 889 1958 illustrata
924 1946 938 1961 .
990 1914 1034 1960 Is
1070 1911 1185 1958 enim
1220 1909 1387 1958 oblitus
1422 1925 1569 1957 earum
1606 1908 1785 1957 laudum
1813 1946 1827 1969 ,
1864 1925 1975 1975 quas
2013 1911 2100 1959 in...

252 1984 422 2031 Virum*
448 1979 757 2033 Sanffissimum
792 1979 911 2047 prius
946 1978 1216 2042 congesserat.
1246 2014 1259 2038 ,
1295 1978 1465 2027 reduffli
1484 1977 1801 2027 vvelificatione
1834 2015 1848 2037 ‚
1898 1978 2101 2028 eumdem

247 2050 388 2120 ipsum
424 2068 514 2101 non
553 2049 841 2119 perfundiorie
881 2048 1052 2112 sugillat
1088 2070 1102 2109 3
1154 2047 1318 2116 quippe
1355 2063 1405 2096 ut
1440 2045 1639 2098 absolvat
1684 2053 1728 2097 S.
1765 2049 1967 2096 Hilarium
2003 2054 2101 2098 Arc-

242 2120 426 2189 Iatenfim
458 2159 472 2184 ,
523 2139 657 2188 quem
692 2125 785 2189 jure
822 2117 864 2169 ,ὲ
916 2126 960 2168 S.
997 2124 1116 2169 Leone
1171 2121 1425 2168 muletatum
1476 2118 1744 2169 authoritate
1779 2156 1792 2179 ‚
1849 2136 1984 2187 quam
2020 2139 2099 2187 per

245 2194 441 2243 Galliam
477 2191 555 2241 fibi
589 2189 892 2260 usurpaverat,
930 2193 1172 2258 Scriptores
1207 2191 1372 2243 Gallici
1407 2206 1562 2238 omnes
1599 2189 1810 2238 testantur
1843 2226 1857 2251 ‚
1882 2189 2095 2257 Judiceni

247 2262 385 2331 ipsum
419 2299 434 2324 ,
469 2267 512 2313 &
547 2260 728 2329 quidem
764 2262 897 2311 variis·
933 2260 1183 2313 nominibus
1218 2262 1470 2328 iniquitatis
1505 2296 1518 2319 ‚
1554 2259 1751 2310 accusare
1787 2278 1877 2310 non
1913 2263 2045 2311 timet
2080 2300 2094 2311 .

246 2332 423 2402 Nempe
454 2370 466 2393 ‚
502 2331 617 2404 Qod
640 2330 746 2399 fidis-
768 2330 852 2399 fisae
886 2330 1127 2400 amplitudini
1155 2329 1246 2400 pli'ts
1281 2350 1379 2398 aeqno
1404 2329 1591 2395 studuerit
1628 2356 1641 2378 ,i
1673 2330 1789 2398 Qod
1822 2330 1850 2379 ιὶ
1886 2334 2095 2381 canonibus

245 2404 521 2469 Sardicetfibus
554 2439 569 2465 ,
603 2420 757 2469 quorum
793 2399 1028 2449 Authoritati
1066 2400 1236 2450 maxim&
1272 2402 1503 2449 incumbebat
1538 2437 1552 2461 ‚
1599 2398 1771 2465 receffirit
1807 2427 1818 2450 :
1873 2402 1992 2469 Qod
2023 2407 2096 2450 im,

245 2480 408 2527 Canones
444 2471 540 2542 ipsbs
567 2477 753 2541 graviter
776 2476 995 2541 peccaverit
1030 2497 1040 2520 .·
1089 2471 1204 2543 Qod
1238 2471 1535 2525 Gallicanarum
1570 2470 1826 2538 Ecclefiarum
1862 2477 1893 2519 S
1894 2489 2053 2521 tatum.)
2079 2511 2093 2535 ‚

245 2544 356 2593 aliter
393 2562 507 2610 quam
541 2562 639 2591 more
663 2541 780 2610 filito
814 2579 827 2604 ,
863 2542 1095 2591 ordinaverit
1129 2579 1143 2592 .
1193 2545 1361 2609 Neque
1398 2542 1466 2591 his
1503 2541 1625 2591 stetit
1652 2579 1665 2590 .
1717 2542 1982 2610 Apostolicae
2020 2548 2094 2593 Se,-
2168 2602 2170 2605 v

243 2615 313 2664 dis
348 2619 444 2682 Jura
479 2615 735 2663 imminuere
771 2628 916 2664 tentat
943 2650 956 2674 ,
992 2611 1167 2683 ejusque
1203 2613 1469 2667 Potestatem
1506 2627 1609 2662 toto
1643 2613 1897 2663 Christiano
1934 2613 2092 2669 Orbe..

245 2683 441 2734 diffusam
476 2721 488 2746 ,
525 2684 834 2734 Suburbicariis
870 2683 1084 2733 limitibus
1150 2702 1352 2734 coercere
1387 2682 1518 2734 audet
1554 2720 1567 2730 .
1615 2682 1772 2734 Audax
1823 2687 2043 2733 Factum-⁴
2076 2723 2091 2734 .

247 2754 517 2819 Longiffimis
553 2772 742 2821 namque
777 2753 1160 2823 Disputationibus
1197 2792 1210 2815 ‚
1247 2753 1319 2804 sed
1354 2754 1483 2822 plane
1521 2751 1685 2804 adsutis
1721 2793 1736 2815 ,
1782 2769 1905 2804 totus
1954 2758 2001 2803 in
2037 2774 2093 2805 eo

245 2825 310 2875 est
344 2862 358 2886 ,
394 2842 443 2875 ut
478 2824 741 2875 demonstret
776 2825 1072 2875 Ecclesiastica
1119 2824 1284 2892 judicia
1319 2823 1532 2873 Gallicanis
1567 2861 1580 2886 ‚
1629 2825 1848 2890 Africanis,
1884 2826 2090 2874 Orientali„

246 2893 381 2961 busque
417 2895 569 2960 Synodis
605 2894 733 2946 semel
769 2901 943 2964 peradm
977 2932 990 2956 ‚
1027 2895 1144 2963 apud
1179 2900 1407 2947 Romanos
1442 2894 1675 2944 Pontifices
1710 2912 1951 2962 numquam
1989 2895 2090 2946 fuisv

245 2964 288 3014 se
322 2966 644 3033 Appellationis
678 2972 772 3033 jure
807 2972 1038 3016 tetraditata
1073 3002 1087 3015 .
1137 2966 1212 3019 Est
1259 2966 1406 3016 fabula
1451 2963 1690 3034 periculosa
1716 3001 1730 3013 .
1775 2967 1858 3014 His
1893 2983 1996 3030 ergo
2032 2967 2090 3017 de

244 3035 381 3085 causis
417 3053 505 3084 non
541 3034 678 3085 solum
715 3040 905 3086 Romani
942 3035 1152 3086 Censores
1186 3035 1493 3104 qunellianarn
1541 3037 1654 3083 hanc
1690 3034 1946 3085 Editionem
1984 3055 2088 3087 cen„

244 3105 353 3157 soria
389 3106 559 3168 virgula
594 3122 800 3156 notarunt
837 3145 850 3167 ‚
889 3106 959 3156 sed
994 3109 1132 3156 etiam
1167 3111 1217 3155 P.
1256 3112 1445 3156 Lupus
1481 3108 1528 3155 in
1575 3123 1675 3154 eum
1712 3105 1872 3174 stylum
1907 3106 2085 3157 distrin⁷

244 3180 309 3226 xit
344 3213 358 3236 ‚
407 3180 450 3225 δι
486 3180 743 3225 Decretoria
778 3177 920 3227 induit
957 3194 1077 3226 arma
1112 3213 1125 3225 .
1177 3180 1340 3245 Neque
1387 3177 1458 3225 hic
1505 3176 1737 3244 praeteribo
1772 3214 1786 3239 ‚
1836 3176 1957 3245 quod
2003 3182 2084 3228 Vir

240 3246 524 3295 Doctiffimus
560 3244 757 3314 Qefizello
790 3246 1076 3315 respondendi
1112 3263 1258 3315 partes
1295 3250 1342 3296 in
1376 3244 1419 3295 se
1450 3249 1615 3315 recepit
1649 3284 1664 3310 ‚
1701 3246 1965 3297 adhortante
2000 3251 2084 3297 im*

241 3318 395 3384 primis
428 3354 442 3377 ‚
492 3331 625 3383 atque
661 3318 794 3365 etiam
844 3336 975 3386 opem
1011 3318 1248 3368 liberaliter
1301 3316 1605 3386 suppeditante
1639 3354 1653 3378 ‚
1701 3318 1983 3368 Illustriffimo
2024 3326 2082 3369 D.

244 3386 447 3452 Augustino
481 3391 524 3433 F
526 3391 693 3447 moniti,
728 3388 799 3436 cui
836 3389 897 3436 nil
933 3391 1071 3452 magis
1107 3387 1228 3437 cordi
1277 3387 1339 3436 est
1362 3424 1375 3449 ,
1409 3405 1545 3457 quam
1581 3387 1796 3459 Apostolicae
1830 3389 2084 3454 Sanafiaeque,

242 3456 349 3507 Sidis
383 3462 494 3523 Jura
542 3461 585 3510 &
633 3458 865 3521 Privilegia
901 3457 1011 3508 sarta
1048 3463 1160 3510 tecta
1197 3458 1348 3509 haberi
1383 3495 1398 3506 .
1444 3464 1511 3508 Ac
1548 3477 1623 3527 per
1660 3458 1775 3509 hunc
1811 3458 1990 3508 modum
2024 3458 2084 3510 de

1496 3547 1523 3578 c
1920 3534 2013 3599 Ap-
