2346 3776
603 107 1050 158 DissERTATm

155 195 365 239 mfffipellitate
374 218 386 234 ,
412 194 484 225 dum
494 188 588 224 verba
592 187 652 232 sua
662 199 720 221 non
729 189 817 221 aliter
826 211 838 234 ,
861 187 954 237 quim
964 189 1032 221 colo-

154 258 203 280 res
215 255 358 285 mutant,
378 240 596 286 sedprofiCfflnt
612 237 696 271 ”lhil-

206 296 333 330 Erroris
341 290 554 327 fundamenta
565 291 698 323 fuerunt
712 285 799 322 haec:
826 286 977 321 Primum
989 288 1034 323 est

155 344 330 391 Evangelii
344 341 537 381 austeritas:
565 343 677 373 Omnia
692 347 749 381 per
758 336 853 382 ipsum
856 336 946 379 fat‘la
952 335 1032 381 sunt.

155 395 257 431 Arius
269 392 376 433 noluit
385 392 497 425 Deum
508 389 658 424 Verbum
668 389 731 423 esse
740 399 844 423 unum
865 398 943 422 cum
962 389 1035 422 Deo

156 446 253 480 Patre
261 441 487 486 Principium,
513 439 568 474 sed
579 438 814 474 nobiliffimam
835 437 1035 476 Creaturam.

156 495 249 530 Hinc
264 502 301 533 ut
312 492 437 536 reliqua
447 491 563 526 omnia
573 501 680 525 creare
690 489 791 534 poffet
814 512 825 528 ,
851 489 945 522 fuisse
963 500 1038 523 ante

157 544 212 579 illa
222 543 336 583 omnia
348 542 366 575 a
377 541 450 576 solo
460 541 538 576 Deo
550 537 699 576 creatam.
726 538 914 578 secundum
925 539 1040 573 funda-

156 602 309 633 mentum
316 592 363 627 est
375 591 556 634 authoritas
568 591 727 628 variarum
749 590 987 639 Scripturarum
997 590 1040 623 as-

156 644 332 678 serentium
346 643 459 677 Deum
471 641 621 683 Verbum
629 641 692 675 effe
703 640 770 673 Dei
780 639 887 673 Patris
908 640 1041 684 Unige-

155 694 266 733 nitum
277 717 288 734 ,
315 691 380 728 hoc
402 704 610 738 nequaquam
627 690 668 726 de
690 689 973 730 Consubstantiali
989 700 1042 733 ge-

153 744 327 783 neratione
350 769 362 785 ‚
394 743 635 783 sed'creatione
656 739 913 784 intelligendum
935 738 1041 773 voluit

104 791 106 794 ’
156 793 258 827 Arius
278 818 290 834 ,
326 794 468 836 ideoque
489 792 660 833 blateravit
678 791 785 834 ipsum
811 790 919 824 solum
939 789 1002 823 effe
1024 791 1042 822 a

155 845 234 878 Deo
246 852 322 877 ante
332 844 446 877 omnia
460 853 622 882 creatum.
651 841 761 881 Variae
779 841 860 881 irem
873 840 1042 883 Scripturae

155 894 320 928 affirmant
340 893 408 934 Dei
427 893 628 936 Sapientiam
649 891 710 925 effe
731 891 877 936 genitam
890 914 900 930 ,
926 889 1042 923 consti-

154 952 263 977 tutam
272 968 284 983 ,
310 941 483 982 fundatam
496 967 507 983 ,
534 943 638 976 immo
652 966 662 982 ‚
689 941 722 975 &
732 951 875 975 creatam
887 954 897 973 :
920 940 963 974 Et
974 951 1042 973 om—

155 993 213 1027 nia
224 1002 331 1033 creata
349 1004 406 1037 per
426 993 538 1036 ipsam.
568 991 668 1026 Arius
688 991 795 1025 voluit
818 991 973 1025 actm-stis
994 988 1041 1022 hi-

153 1043 206 1077 sce
221 1042 419 1083 testimoniis
441 1042 568 1083 laudari
592 1053 703 1082 veram
736 1053 778 1075 ex
806 1053 877 1082 non
901 1039 1042 1074 Entibus

153 1093 364 1134 creationem.
401 1093 671 1128 Fundamentum
699 1092 835 1126 tertium
864 1091 910 1126 est
933 1087 1041 1125 omnis

153 1142 319 1185 Creatnrae
330 1143 504 1184 infirmitas
515 1168 527 1184 ,
538 1154 607 1187 quae
620 1141 818 1182 indomitam
830 1142 897 1180 Dei
907 1150 1041 1174 manum

152 1193 191 1234 in
201 1194 368 1235 creatione
380 1204 451 1226 non
473 1193 619 1237 p0tuerit
641 1192 779 1226 sufferre.
807 1192 875 1231 Dei
894 1189 1042 1228 Verbum

150 1243 291 1288 garrivit
301 1243 387 1276 inter
399 1254 518 1277 omnes
538 1241 794 1286 potentissimam
807 1264 819 1286 2
845 1251 916 1283 quae
933 1240 1042 1283 proin-

152 1290 196 1327 'de
219 1293 314 1326 istam
333 1302 471 1326 manum
492 1291 631 1325 valuerit
650 1289 815 1324 sustinere.
852 1289 911 1323 Est
931 1300 1043 1334 nugax

151 1342 430 1384 fundamentum,
453 1340 594 1385 dignum
617 1348 732 1373 autore
753 1340 835 1379 suo,
862 1338 1041 1374 Idololatra

152 1389 295 1432 Asterio.
332 1390 499 1438 Qartum
520 1389 776 1429 fundamentum
796 1389 842 1428 est
875 1390 1042 1430 neceffitas

150 1440 360 1482 Mediatoris.
373 1442 510 1476 ‘Omnes
520 1441 612 1475 enim
624 1440 804 1484 Scripturas
816 1464 826 1479 ,
847 1451 918 1483 quae
929 1439 1041 1479 huma-v

151 1501 200 1526 no
211 1491 336 1532 Generi
346 1490 540 1531 redimendo
557 1502 596 1525 ac
617 1489 796 1534 reparando
816 1489 1040 1524 Mediatorem

150 1540 328 1585 praedicant
348 1541 561 1582 necessarium
582 1564 594 1581 ,
632 1539 734 1575 Arius
764 1549 862 1584 atque
893 1540 1040 1578 Asterius

151 1589 350 1635 ineptiffime
360 1590 565 1629 detorserunt
582 1589 624 1625 ad
643 1590 797 1625 omnium
819 1599 1040 1624 creaturarum

150 1640 383 1679 condituram.
411 1641 545 1676 Eisdem
557 1641 731 1685 Scripturis
742 1665 753 1682 ‚
780 1652 850 1684 quae
859 1641 925 1674 Dei
938 1640 1040 1674 Verbi

150 1688 375 1727 humilitatem
386 1691 560 1736 praedicant
570 1701 702 1735 propter
713 1692 911 1738 assumptum
932 1688 1041 1724 homi-

150 1748 259 1781 nem,‘
282 1741 322 1775 ad
336 1740 403 1784 eJus
423 1741 586 1776 Divinam
606 1741 814 1784 Maiestatem
831 1739 1041 1783 proscinden-

151 1790 231 1825 dam
253 1791 287 1824 &
309 1789 600 1833 blasphemantiam
620 1793 696 1824 sunt
716 1789 909 1834 nequissime
929 1802 967 1824 ac
977 1791 1042 1824 stu-

150 1838 343 1883 pendiffime
353 1839 450 1879 abufi,
489 1840 603 1874 Etiam
624 1840 698 1874 illas
718 1840 897 1883 Scripturas
923 1863 934 1879 ,
970 1851 1042 1883 quae

151 1891 266 1930 Deum
288 1890 454 1923 affirmant
475 1900 609 1934 propter
631 1901 693 1924 nos
719 1890 781 1924 effe
801 1888 1041 1928 humanatum,

149 1949 267 1974 natum
285 1950 327 1973 ex
351 1938 495 1984 Virgine
508 1963 520 1979 ,
546 1940 581 1973 δε
599 1939 807 1974 Crucifixum
821 1964 832 1979 ,
860 1938 1042 1984 indigniffi-

150 1989 205 2029 me
215 1984 439 2033 depravaruntss
467 1987 606 2032 Exipfis
624 1989 773 2033 garriunt
793 2000 864 2022 non
874 2000 938 2022 nos
947 1999 1042 2032 prop-

148 2049 199 2078 ter
208 2040 316 2083 ipsum
328 2063 339 2078 ‚
363 2038 420 2073 sed
437 2038 546 2083 ipsum
566 2050 698 2083 propter
719 2050 781 2073 nos
805 2039 868 2072 esse
885 2048 1039 2073 creatum.

149 2089 196 2123 Et
205 2088 357 2124 adversus
368 2088 455 2123 hanc
478 2088 701 2132 impiiffimam
720 2087 959 2131 blasphemiam
979 2089 1042 2122 Ni-

148 2151 236 2175 caena
248 2138 403 2182 synodus
413 2139 522 2183 posuit
534 2138 570 2172 in
581 2140 641 2177 suo
651 2137 830 2182 Symbolo:
845 2141 910 2182 ,Qui
917 2145 1041 2180 propter

147 2201 202 2229 nos
217 2188 349 2223 homines
362 2212 373 2229 ‚
400 2191 567 2231 &propter
578 2188 706 2228 nostram
712 2187 844 2231 salutem
865 2187 1016 2231 descendit
1030 2212 1040 2228 ,

148 2240 184 2274 ό*
194 2245 371 2273 incarnatus
381 2238 421 2279 est
431 2263 443 2279 ,
471 2241 505 2272 (⁴2⁴
514 2238 720 2280 homofadlus.
741 2238 920 2272 Profitetur
931 2237 1038 2282 ipsum

148 2298 280 2333 propter
299 2301 361 2323 nos
381 2300 452 2323 non
475 2298 620 2323 creatum
634 2313 645 2329 ,
671 2287 726 2323 sed
744 2288 1039 2323 descendiffe&es-

148 2340 181 2373 se
194 2340 410 2377 incarnatum.
438 2339 483 2374 Et
507 2338 629 2373 verbis:
658 2341 787 2380 Propter
809 2351 863 2373 nos
883 2337 1038 2378 homines,

148 2388 302 2434 adjungit
315 2414 326 2431 ‚
350 2390 386 2425 <5⁶
401 2397 529 2432 propter-
548 2388 678 2428 nostram.
691 2387 821 2433 salutem
833 2413 843 2430 ‚
869 2399 906 2422 ut
919 2388 1037 2423 doceat

148 2439 257 2481 ipsum
269 2451 337 2473 non
350 2448 481 2482 propter
493 2445 554 2473 nos'
563 2438 720 2473 creandos
734 2464 744 2479 ,
771 2438 825 2473 sed
851 2448 982 2482 propter
993 2449 1039 2471 re-

148 2487 323 2526 dimendos
332 2489 365 2522 δε
376 2489 569 2532 reparandos
579 2488 784 2526 descendisse.
799 2488 936 2532 Propter
948 2486 1037 2521 hunc

149 2538 256 2582 ipsum
273 2536 349 2571 Arii
359 2549 501 2576 errorem
512 2540 586 2572 sunt
597 2538 702 2575 indita
714 2539 815 2572 etiam
828 2537 895 2571 haec
917 2537 1015 2572 verba
1029 2549 1036 2569 :

151 2592 293 2624 Omnium
314 2586 474 2629 Vifibilium
499 2589 534 2621 &
564 2586 759 2629 Invifibilium
790 2588 954 2623 Fac‘lorem.
993 2587 1037 2621 Et

149 2637 527 2681 Constantinopolitana
558 2637 713 2681 Synodus
742 2638 847 2682 magis
866 2637 1015 2681 expressit
1029 2650 1036 2669 :

151 2687 311 2721 Pauorem
322 2688 386 2722 coeli
396 2689 431 2722 (ν
441 2697 531 2721 terrae
541 2712 552 2728 ,
580 2686 737 2728 visibilium
749 2695 880 2721 omnium
893 2699 927 2720 ac
939 2686 1037 2729 invisi-

149 2737 261 2776 bilium.
276 2736 451 2776 Profitetur
460 2748 530 2771 non
542 2749 643 2771 unam
655 2738 799 2781 aliquam
810 2762 820 2777 ,
832 2738 885 2772 sed
899 2735 1036 2772 omnem

149 2788 332 2832 generatim
345 2787 536 2822 Creaturam
546 2786 735 2822 immediate
747 2787 869 2832 abipso
885 2789 961 2823 Deo
974 2788 1036 2822 Pa-

150 2848 198 2877 tre
208 2838 420 2881 promanasse.

202 2888 351 2935 Qartus,
359 2886 434 2925 Atii
443 2898 530 2922 error
540 2887 631 2924 estin
642 2885 696 2922 his
705 2887 810 2922 verbis
829 2900 836 2920 ε
874 2891 982 2922 Etiam
1000 2889 1037 2921 id

150 2937 264 2980 quoque
275 2938 395 2970 addunt
406 2962 416 2978 ‚
443 2938 558 2972 Filium
569 2949 626 2971 non
649 2946 760 2971 natura
779 2943 814 2971 in
830 2940 924 2971 Patre
934 2937 1034 2979 existe-

150 2999 184 3021 re
195 3012 206 3027 ‚
231 2998 283 3021 nec
292 2993 446 3029 proprium
458 2987 508 3030 effe
520 2989 585 3027 ejus
607 2986 786 3026 Substantiae
805 2988 934 3021 Verbum
946 3013 956 3028 ,
982 2999 1034 3021 nec

146 3043 302 3079 propriam
322 3039 511 3078 Sapientiam
529 3060 538 3075 ,
567 3042 599 3068 in
620 3048 680 3078 qua
702 3038 850 3070 Mundum
859 3037 943 3078 istum
955 3050 1034 3071 crea-

152 3093 200 3120 vit
209 3085 284 3130 ,Jed
292 3088 378 3120 aliud
387 3087 438 3129 effe
449 3092 481 3118 in
494 3089 587 3118 Patre
594 3091 749 3127 proprium
760 3089 950 3129 &peculiare
963 3092 1034 3121 Ver-

151 3135 236 3177 bum,
266 3138 416 3179 aliamque
432 3142 503 3169 item
510 3142 667 3177 propriam
675 3137 860 3177 Sapientiam
882 3162 892 3177 ,
917 3144 949 3170 in
975 3149 1035 3180 qua

152 3187 303 3226 Sapientia
311 3188 389 3220 illud
400 3186 527 3220 Verbum
533 3185 616 3227 fecit.
642 3189 739 3227 Atque
748 3188 824 3220 adeo
830 3185 926 3230 ipsum
937 3190 1036 3220 Domi-

152 3246 224 3268 num
242 3235 392 3277 Christum
410 3234 541 3279 respetlu
574 3236 766 3270 rationalium
792 3260 802 3275 ,
838 3249 910 3279 quaev
932 3237 1034 3271 verbis

152 3294 297 3325 utuntur,
322 3285 450 3319 Verbum
459 3286 511 3329 effe
532 3293 734 3327 nuncupatum
757 3309 767 3324 ‚
793 3287 829 3320 (θ’
850 3285 1036 3329 respectu&

152 3341 364 3375 comparatione
397 3338 573 3378 sapientum
609 3336 660 3378 effi?
694 3335 807 3368 dicium
840 3338 1034 3378 Sapientiam.

153 3385 240 3427 ,Quin
251 3388 339 3422 imm&
349 3410 362 3427 ,
385 3395 419 3423 ut
429 3393 527 3420 omnia
538 3387 638 3422 aliena
649 3397 683 3418 ac
693 3383 815 3428 diversa
831 3384 905 3428 sunt
926 3388 946 3418 ἃ
979 3389 1039 3419 Pa-

154 3440 211 3467 tris
223 3433 391 3473 Substantia
402 3460 412 3475 ,
436 3442 481 3469 ita
499 3434 594 3478 ipsum
615 3447 727 3478 quoque
743 3443 801 3477 per
825 3442 926 3468 omnia
938 3437 1038 3470 diver-

155 3482 218 3517 sum
227 3495 261 3518 ac
273 3484 364 3518 alium
373 3486 423 3529 effe
435 3487 455 3519 ἃ
467 3488 573 3519 Patris
585 3484 757 3526 Substantia
767 3510 778 3527 ‚
794 3484 860 3529 *sed
870 3497 907 3520 ex
924 3492 1036 3531 genitis

1098 102 1518 156 PRoOEMiALm.
1929 130 1978 172 79

1104 189 1272 226 &conditis
1281 186 1378 232 ipsum
1384 194 1539 230 proprium
1559 186 1594 220 (9⁶
1613 186 1732 219 unicum
1749 191 1840 223 Patri
1858 192 1974 226 Filium

1098 241 1133 273 ὦ·
1145 241 1329 281 Sapientiam
1341 238 1393 281 effe
1415 250 1422 270 z
1450 240 1532 273 Eum
1552 238 1586 270 (τ
1606 246 1776 271 creaturam
1794 241 1844 281 effe
1855 243 1973 285 &opus

1099 293 1165 322 Dei.
1191 289 1236 322 Et
1248 289 1282 322 in
1294 287 1346 322 his
1356 286 1461 324 verbis
1472 301 1483 321 .·
1510 291 1667 320 Minimum
1678 289 1756 321 certi
1764 288 1842 322 ,duas
1852 291 1975 332 Sapien-

1100 345 1161 372 tIas
1173 343 1262 373 Arius
1275 337 1401 378 statuit,
1426 349 1519 375 unam
1539 338 1659 380 quidem
1673 343 1830 380 propriam
1842 362 1852 378 ,
1879 340 1913 372 (ν
1934 353 1977 374 co-

1100 388 1269 430 existentem
1274 390 1339 422 cum
1349 392 1411 426 Deo
1419 412 1430 428 ‚
1456 389 1491 421 (tt
1501 390 1614 421 Filium
1625 400 1731 422 verum
1741 400 1779 422 ex
1789 387 1844 429 ista
1853 390 1978 431 Sapien-

1101 446 1147 472 tia
1158 448 1253 472 ortum
1262 439 1383 482 traxiffie
1394 462 1404 478 ‚
1431 449 1466 471 ac
1475 439 1538 471 tum
1547 439 1664 471 demum
1674 463 1685 479 ,
1705 440 1770 476 cum
1779 441 1846 482 ejus
1853 441 1979 482 sapien-

1102 495 1154 524 11ae
1159 495 1311 532 particeps
1320 489 1384 532 esset
1386 488 1495 530 sallus
1507 512 1519 528 ,
1545 494 1661 522 nomine
1670 490 1757 522 tenus
1768 490 1916 532 appellari
1925 491 1979 524 sa-

1098 545 1247 581 pientiam
1257 540 1290 573 &
1301 538 1435 573 Verbum.
1462 541 1618 580 sapientia
1628 545 1706 575 enim
1715 540 1768 572 illa
1780 539 1847 573 huic
1856 542 1981 582 Sapien-

1104 596 1156 623 tiae
1167 595 1286 628 initium
1292 589 1427 632 praebuit
1437 592 1494 622 Dei
1504 589 1665 622 voluntate.
1684 592 1730 622 Et
1739 595 1785 622 ita
1797 591 1926 623 alterum
1937 589 1980 634 es-

1100 638 1134 682 se
1144 640 1271 673 Verbum
1280 642 1354 678 dicit
1363 646 1396 677 in
1407 642 1468 673 Deo
1471 648 1588 681 praeter
1601 639 1714 671 Filium
1723 664 1734 678 ,
1761 641 1795 672 ὦ*
1811 639 1888 672 bunc
1898 641 1981 674 illius

1099 696 1278 732 participem
1291 690 1412 732 fabium
1432 714 1443 735 ‚
1478 690 1586 726 deinde
1601 696 1659 735 per
1674 694 1811 737 gratiam
1831 690 1981 735 appellari

1104 740 1231 778 Verbum
1242 742 1276 774 Θ
1288 741 1410 773 Filium.

1154 790 1308 832 Ejusdem
1328 790 1445 830 erroris
1463 788 1617 828 meminit
1634 789 1759 827 sanstus
1784 787 1983 825 Athanasius

1104 841 1136 873 in
1149 839 1251 874 Libro
1262 840 1303 874 de
1314 841 1472 878 sansti'fiti
1493 839 1715 884 Antecefforis
1732 837 1886 883 Dionyfii
1906 840 1986 874 Sen-

1103 889 1224 923 tentia:
1251 891 1418 924 Adcaetera
1427 889 1616 933 malasua&
1639 888 1715 922 banc
1734 900 1847 933 quoque
1861 888 1984 933 senten-

1103 940 1204 972 tiolam
1215 942 1304 972 Arius
1315 941 1399 975 velut
1410 943 1427 974 ἃ
1429 940 1612 982 sterquilinio
1621 941 1828 985 depromptam
1848 941 1962 981 adiecit
1971 965 1983 981 ‚

1104 989 1232 1022 Verbum
1244 1001 1301 1022 non
1312 989 1363 1032 effi*
1375 993 1465 1023 Patri
1476 990 1566 1033 fiium
1586 1002 1623 1024 ac
1635 995 1792 1032 proprium
1803 1014 1814 1030 ‚
1834 988 1894 1032 sed
1910 992 1984 1025 alte-

1102 1040 1229 1083 rumeffie
1240 1039 1368 1076 Verbum
1376 1046 1407 1072 in
1419 1044 1480 1073 Deo
1499 1052 1514 1080 ,·
1540 1039 1617 1073 hunc
1634 1049 1736 1083 autem
1756 1044 1919 1073 Dominum
1938 1052 1986 1074 no-

1095 1088 1191 1128 strum
1210 1091 1261 1132 effe
1281 1091 1412 1123 alienum
1431 1091 1451 1125 ἃ
1476 1092 1582 1121 Patris
1604 1089 1771 1128 Substantia
1790 1114 1802 1130 ‚
1835 1091 1893 1123 dici
1915 1094 1986 1124 Ver-

1105 1138 1175 1171 bum
1185 1144 1398 1183 imaginarium
1409 1163 1420 1180 ,
1445 1150 1539 1182 neque
1557 1139 1801 1182 effenaturaliter
1809 1150 1916 1174 verum
1928 1143 1987 1173 Dei

1105 1189 1239 1229 Filium,
1260 1187 1320 1232 sed
1327 1192 1482 1232 adoptione
1505 1188 1555 1222 boc
1576 1201 1680 1223 nomen
1689 1189 1860 1232 obtinuiffe,
1885 1197 1987 1232 utpote

1102 1248 1279 1271 creaturam.
1307 1241 1403 1274 Dicit
1413 1239 1499 1274 hanc
1511 1239 1804 1274 Sententiolamab
1815 1238 1900 1274 Ario
1912 1241 1988 1274 fuis-

1102 1288 1163 1322 see
1185 1288 1394 1333 sterquilinio
1413 1290 1639 1333 depromptam
1659 1315 1671 1331 ‚
1696 1290 1730 1323 ὃς
1749 1290 1907 1333 adjectam
1927 1291 1988 1324 suo

1102 1338 1289 1382 blasphemo
1301 1341 1474 1385 Dogmati.
1501 1341 1592 1387 Qia
1603 1351 1722 1384 nempe
1735 1340 1836 1384 ipsam
1848 1353 1919 1375 non
1941 1341 1988 1374 in-

1101 1390 1193 1424 venit
1214 1389 1334 1435 Arius,
1360 1390 1415 1425 sed
1426 1401 1467 1424 ex
1478 1389 1644 1424 stercoreis
1665 1390 1789 1426 Asterii
1810 1391 1919 1424 Libris
1942 1390 1989 1424 di·

1101 1439 1205 1480 dicit,
1231 1450 1328 1484 atque
1338 1441 1384 1477 ita
1394 1441 1522 1483 accepit
1535 1440 1569 1473 in
1581 1440 1788 1474 consortium
1808 1441 1842 1474 &
1864 1440 1991 1482 adjuto-

1101 1491 1187 1523 rium
1199 1491 1261 1523 suae
1271 1488 1486 1534 blasphemia.
1512 1489 1671 1526 Testatur
1682 1487 1746 1523 hoc
1769 1490 1804 1522 in
1823 1490 1928 1524 Libro
1948 1489 1990 1523 de

1101 1540 1294 1578 Seleucienfi
1306 1540 1339 1574 ὃς
1351 1539 1553 1573 Ariminensi
1572 1539 1716 1582 Synodis
1737 1541 1863 1573 sanstus
1886 1538 1990 1574 Atha-

1101 1590 1224 1624 nafius:
1252 1589 1523 1633 Quin&Asterius
1546 1591 1737 1631 Cappadox,
1764 1590 1874 1631 Soptsta
1891 1592 1991 1623 multi·

1102 1648 1188 1683 ceps,
1213 1652 1292 1673 unus
1303 1652 1343 1674 ex
1348 1638 1438 1683 sociis
1461 1638 1644 1682 Eusebianis
1657 1664 1667 1679 ,
1694 1646 1834 1682 quoniam
1852 1641 1943 1673 Idolis
1956 1647 1990 1673 in

1099 1696 1199 1731 'priore
1215 1689 1415 1734 persecutione
1434 1715 1444 1730 ‚
1472 1702 1540 1732 quae
1553 1689 1621 1731 fuit
1635 1688 1694 1733 sub
1711 1702 1770 1723 avo
1792 1690 1958 1730 Constantii
1978 1715 1991 1731 ,

1101 1742 1332 1781 immolaverat,
1359 1742 1394 1775 (τ
1408 1748 1569 1782 propterea
1595 1746 1732 1782 nequiret
1753 1746 1784 1773 in
1806 1742 1927 1774 Clerum
1948 1752 1991 1773 co-

1101 1797 1224 1832 aptari,
1249 1792 1287 1824 de
1298 1793 1455 1825 Sententia
1477 1790 1741 1824 Nicomedienfis
1763 1789 1991 1833 Eusebiiopus

1101 1842 1196 1873 culum
1200 1840 1300 1881 fecit,
1325 1843 1413 1883 quale
1437 1842 1471 1874 ὢ*
1492 1839 1555 1883 ipse
1576 1840 1716 1880 volebat,
1742 1842 1869 1883 &quod
1889 1847 1990 1873 Immo-

1101 1893 1223 1923 lationis
1238 1889 1342 1932 sceleri
1365 1891 1572 1933 magnitudine
1595 1888 1806 1932 responderet,
1831 1897 1864 1923 in
1885 1903 1941 1933 quo
1953 1893 1991 1924 lo-

1101 1939 1208 1980 custam
1218 1941 1251 1974 Θ
1263 1951 1381 1973 erucam
1390 1941 1454 1975 ciam
1474 1938 1589 1979 Christo
1598 1947 1752 1981 comparat
1765 1965 1775 1980 ,
1801 1944 1891 1973 immo
1901 1944 1927 1975 C
1930 1940 1990 1973 hri-

1095 1989 1139 2029 sto
1149 1996 1302 2031 anteponit
1314 1991 1463 2032 aliamque
1475 1991 1567 2032 qucim
1579 1988 1730 2029 Christum
1740 1996 1772 2023 in
1784 1993 1845 2024 Deo
1868 1993 1993 2032 Sapien-

1103 2046 1179 2072 tiam
1190 2040 1306 2072 collocat
1322 2065 1333 2080 ‚
1361 2038 1469 2078 Christi
1479 2041 1513 2072 (tr
1524 2040 1632 2072 Mundi
1641 2041 1840 2073 conditricem.
1879 2040 1917 2073 In
1930 2042 1994 2074 scer

1102 2089 1206 2123 lerato
1223 2088 1327 2123 Libro
1350 2087 1417 2122 haec
1431 2087 1660 2123 habebantur.-
1689 2094 1761 2123 Non
1784 2096 1863 2122 enim
1885 2091 1991 2124 beatus

1103 2139 1217 2172 Paulus
1237 2140 1319 2173 dixit
1335 2137 1370 2182 se
1385 2140 1556 2181 praedicare
1583 2138 1733 2180 christum
1753 2148 1911 2182 propriam
1933 2145 1993 2174 Dei

1103 2193 1250 2222 Virtutem
1260 2198 1314 2223 aut
1326 2191 1513 2231 Sapientiam
1524 2213 1535 2229 ,
1557 2187 1617 2232 sed
1617 2188 1681 2231 fine
1693 2192 1750 2224 ullo
1761 2192 1968 2225 additamento
1982 2216 1990 2230 ,

1102 2244 1251 2273 Virtutem
1273 2242 1350 2280 Dei,
1381 2251 1415 2273 ac
1434 2241 1624 2281 sapientiam
1644 2244 1712 2274 Dei.
1742 2242 1810 2284 Effit
1831 2248 1911 2275 enim
1921 2243 1994 2275 alte-

1101 2302 1168 2322 ram
1183 2296 1340 2331 propriam
1361 2292 1417 2323 Dei
1438 2293 1588 2325 Virtutem
1609 2313 1620 2329 ‚
1646 2289 1763 2329 inlitam
1783 2295 1843 2324 Deo
1857 2316 1867 2331 ‚
1892 2294 1926 2325 <5
1948 2304 1990 2324 co-

1100 2338 1335 2381 existentemfine
1341 2345 1532 2382 generatione
1542 2365 1552 2379 ,
1572 2342 1756 2383 eandemque
1766 2343 1800 2375 &⁴
1812 2341 1922 2380 Christi
1938 2345 1994 2375 Gt·

1101 2396 1235 2423 nitricem
1247 2414 1257 2429 ,
1285 2391 1320 2423 &
1332 2394 1516 2425 Creatricem
1532 2397 1623 2424 totius
1637 2392 1745 2424 Mundi
1766 2391 1818 2434 effe
1832 2416 1842 2431 ‚
1869 2393 1907 2425 de
1928 2404 1988 2434 qua

1099 2446 1131 2472 in
1154 2438 1286 2480 Epistola
1305 2440 1350 2474 ad
1368 2442 1518 2474 Romanos
1538 2445 1583 2473 ita
1605 2441 1718 2475 locutus
1738 2440 1795 2482 eff:
1822 2441 1989 2483 Invifibilia

1099 2495 1177 2522 enim
1199 2488 1286 2530 ipfius
1307 2501 1345 2522 ex
1375 2491 1484 2522 Mundi
1506 2496 1652 2526 creatione
1667 2498 1725 2532 per
1744 2499 1833 2533 opera
1853 2490 1919 2534 ipsa
1931 2498 1994 2524 ani·

1100 2537 1264 2581 madversa
1270 2537 1497 2581 perspiciuntur
1508 2564 1518 2579 ,
1545 2551 1598 2572 nec
1609 2552 1667 2572 non
1678 2542 1713 2574 &⁶
1723 2551 1838 2575 aeterna
1857 2545 1923 2582 ejus
1941 2545 1996 2574 Po-

1099 2596 1194 2622 tentia
1205 2600 1240 2621 ac
1254 2592 1422 2622 Divinitas.
1450 2591 1713 2632 ‚Quemadmodum
1735 2597 1814 2624 enim
1838 2595 1995 2624 Divinita-

1099 2649 1158 2672 tem
1170 2638 1253 2679 istam
1262 2664 1272 2679 ,
1301 2640 1337 2671 de
1349 2651 1409 2681 qua
1422 2638 1470 2674 hic
1479 2647 1588 2672 mentio
1598 2640 1635 2679 est
1648 2665 1658 2679 ,
1681 2652 1764 2674 nemo
1776 2643 1890 2674 dixerit
1905 2641 1994 2673 Chri-

1091 2688 1254 2732 stumesse,
1274 2686 1408 2731 sedeam
1419 2690 1470 2732 effi·
1491 2689 1589 2732 ipsum
1613 2693 1738 2725 Patrem
1754 2716 1763 2730 ‚
1794 2697 1838 2722 ita
1858 2691 1990 2722 arbitror

1098 2741 1164 2780 ejus
1179 2744 1340 2781 propriam
1360 2744 1511 2773 Virtutem
1534 2751 1592 2772 non
1609 2748 1772 2784 cogentium
1793 2744 1907 2779 Deum,
1937 2738 1997 2782 sed

1099 2792 1270 2822 Genitorem
1284 2790 1336 2832 effe
1359 2814 1369 2829 ‚
1396 2791 1546 2831 aliamque
1566 2792 1695 2823 Paulum
1714 2803 1744 2823 eo
1761 2797 1793 2822 in
1814 2791 1871 2823 loco
1891 2792 1994 2824 docere

1098 2841 1285 2881 Sapientiam
1311 2843 1391 2879 Dei,
1417 2845 1560 2872 nlmirum
1579 2851 1663 2880 eam,
1690 2852 1758 2882 quae
1775 2848 1831 2881 per
1845 2839 1995 2879 Christum

1098 2890 1291 2929 declaratur,
1318 2891 1353 2922 (J
1368 2898 1426 2930 per
1447 2891 1513 2929 ejus
1534 2898 1624 2931 opera
1641 2891 1676 2923 ὠ*
1699 2889 1860 2929 ministeria
1881 2896 1994 2923 innote-

1094 2938 1160 2982 scit.
1189 2939 1302 2972 Etiam
1314 2936 1381 2972 haec
1394 2937 1574 2974 habentur:
1602 2943 1692 2981 Atqui
1714 2948 1829 2972 aeterna
1851 2941 1917 2980 eJus
1938 2943 1994 2973 Po-

1099 2988 1188 3029 testas
1199 2990 1234 3022 (⁶5
1244 2991 1402 3030 Sapientia
1414 3014 1426 3029 ‚
1446 3002 1538 3032 quam
1551 2991 1630 3023 nullo
1642 2991 1791 3030 Principio
1797 2989 1967 3023 inchoatam
1982 3014 1995 3030 ‚

1100 3040 1134 3072 (ε’
1155 3044 1323 3082 ingenitam
1342 3046 1474 3072 rationes
1497 3045 1640 3072 veritatis
1660 3038 1813 3081 oflendunt
1825 3063 1836 3080 ‚
1862 3052 1924 3072 una
1946 3051 1995 3074 ea·

1098 3090 1225 3130 demque
1247 3088 1332 3121 baud
1349 3090 1440 3123 dubie
1453 3089 1562 3130 fuerit.
1590 3089 1652 3122 sed
1658 3098 1762 3123 tamen
1766 3088 1940 3132 fingulatim
1949 3090 1990 3123 ab

1099 3150 1129 3172 eo
1136 3140 1242 3179 plures
1253 3139 1380 3172 conditae
1388 3138 1464 3182 sunt
1478 3138 1639 3177 Potestates
1652 3140 1687 3174 Θ
1706 3141 1870 3181 Sapientia*
1883 3165 1893 3181 ‚
1917 3151 1993 3182 qua-

1097 3200 1165 3223 rum
1177 3190 1443 3231 Primogenitus&
1462 3192 1637 3231 Unigenitus
1658 3188 1697 3229 est
1718 3188 1854 3228 christus
1876 3214 1888 3229 ‚
1924 3201 1994 3232 quae

1098 3239 1218 3280 quidem
1230 3249 1329 3269 omnes
1335 3237 1470 3278 similiter
1482 3240 1502 3270 ἃ
1514 3240 1674 3272 Conditore
1681 3241 1821 3281 pendent
1833 3263 1843 3279 ,
1870 3238 1992 3282 eiusque

1100 3294 1150 3330 qui
1169 3286 1251 3329 ipsas
1275 3294 1392 3320 creavit
1414 3289 1448 3322 (θ’
1471 3286 1595 3331 usurpat
1611 3313 1621 3329 ,
1641 3292 1714 3329 jure
1734 3291 1884 3323 &merito
1893 3290 1995 3323 dicun-

1098 3348 1148 3371 tur
1170 3338 1229 3381 effe.
1269 3338 1369 3379 ,Quale
1390 3337 1427 3378 est
1452 3339 1532 3380 quod
1556 3338 1708 3380 Propheta
1734 3339 1873 3378 locustam
1896 3364 1906 3379 ‚
1935 3348 1995 3380 pro

1094 3396 1185 3431 poena
1207 3385 1401 3421 bumanorum
1418 3386 1559 3431 scalmum
1578 3390 1696 3422 illatam
1719 3415 1728 3429 ‚
1769 3401 1826 3422 non
1845 3395 1993 3421 virtutem

1099 3438 1324 3477 tantummodo,
1347 3435 1406 3480 sed
1424 3439 1459 3471 (Ὗ
1475 3442 1620 3482 Magnam
1639 3442 1697 3472 Dei
1722 3444 1869 3472 Virtutem
1882 3450 1994 3471 nuncu*

1096 3495 1157 3531 pet.
1197 3489 1283 3530 ,Quin
1304 3486 1410 3522 beatus
1434 3490 1544 3522 David
1562 3496 1594 3523 in
1616 3490 1720 3524 multis
1732 3487 1864 3532 Psalmis
1881 3499 1939 3520 non
1950 3485 1991 3519 ab

1899 3540 1990 3579 Ange‹
