2346 3776
340 128 417 178 :136
808 106 1237 160 DissE‘RTATio

340 196 469 243 genibus
487 194 634 237 perqudm
651 193 712 228 eliu.
750 195 781 227 Ε
783 203 797 227 t
815 205 880 229 cum
886 195 962 236 flens
967 191 1101 237 surgeret
1106 189 1200 233 senex
1209 203 1220 231 5

341 245 512 288 tremefac‘li
534 248 679 286 Fratres,
708 245 743 278 (9
763 253 843 278 metu
861 245 952 278 valde
967 241 1096 285 perculsi
1101 266 1111 282 ‚
1138 253 1219 285 roga-

341 297 417 330 bant
435 306 472 330 ut
492 307 554 328 rem
567 294 777 337 patefaceret,
803 304 867 327 tam
890 293 1001 334 moleste
1012 317 1022 333 ‚
1049 300 1082 325 ut
1102 289 1218 324 invitus

339 348 466 380 tandem
482 347 594 379 dixerit
607 369 618 384 ,
639 350 835 389 graviterque
843 350 996 388 gemuerit.
1035 347 1107 375 Haec
1116 350 1218 374 autem

338 405 428 430 erant
450 398 516 437 ejus
536 394 630 429 verba
644 409 654 428 .·
680 395 755 429 Filii
776 419 787 434 ,
816 394 975 436 praestaret
989 394 1077 435 prius
1096 397 1186 425 emori
1208 415 1218 431 ‚

337 449 432 489 quam
451 444 522 489 Visa
540 454 679 479 eventum
693 442 881 488 finirentur.
917 446 982 478 Illis
1000 450 1107 476 iterum
1118 453 1220 485 urgen-

335 497 420 532 tibus
432 522 442 538 ,
464 497 591 538 plorans
603 520 614 536 ,
638 500 738 538 inquit
759 508 770 528 .-
795 499 848 527 Ira
864 499 982 528 Divina
1000 491 1156 534 Ecclefiam
1174 497 1220 524 in-

333 548 433 580 wadet
450 571 463 588 ,
498 547 533 580 (Ὺ
551 544 615 582 baec
634 546 696 579 illis
714 546 853 579 tradetur
871 549 953 579 Viris
977 568 988 584 ,
1013 548 1064 585 qui
1086 544 1106 574 ἆ
1130 546 1218 574 Feris

334 602 466 629 rationis
487 595 660 639 expertibus
681 594 759 629 nibil
777 593 925 636 different.
950 595 1022 628 Vidi
1044 598 1122 626 enim
1135 593 1218 623 Men-

331 645 401 693 sam
424 650 545 680 Domini
564 671 575 687 ,
612 647 647 680 &
667 646 764 679 Malos
777 644 859 686 stare
878 649 1061 678 circumcirca
1083 664 1095 681 ,
1127 648 1218 682 atque

333 703 382 730 ita
401 696 528 731 calcibus
543 704 648 738 petere
667 701 810 729 interiora
828 719 840 736 ,
876 693 962 737 quafi
973 691 1070 732 bestiis
1095 688 1217 731 consus?

329 746 520 793 saltantibus
532 748 711 780 calcitratus
727 745 847 788 fierent.
872 741 999 784 Senfistis
1018 741 1112 782 plani
1123 741 1214 781 quam

327 795 527 842 ficspirarim3
552 797 662 830 audivi
671 801 750 829 enim
759 805 881 833 vocem,
949 792 1085 824 aedixit:
1114 791 1216 823 Altare

331 857 432 880 meum
445 847 502 889 fiet
518 846 691 880 execrabile.
730 848 801 877 Haec
820 845 918 875 Senex
938 842 1043 881 vidit,
1082 841 1116 874 ὠ·
1137 839 1215 873 bien-

330 902 383 930 nio
396 897 460 938 post
481 901 657 929 Arianorum
675 892 728 933 ista
746 904 815 934 quae
834 890 932 925 adbuc
952 892 1066 930 durat,
1091 888 1214 931 Incurfio

325 944 484 992 subfhcuta
503 945 541 986 est
561 969 571 984 ‚
597 941 846 985 Ecclefiarumque
867 943 1001 984 direptio.
1041 940 1117 975 Sola
1140 941 1216 973 Hae-

327 996 422 1035 resis,
454 1007 524 1028 non
546 993 613 1036 ejus
636 993 762 1027 Auster
781 1002 840 1033 auti
857 991 1010 1041 Qialitas
1031 991 1121 1024 fuere
1133 1001 1216 1024 reve-

328 1044 395 1078 lata
412 1045 442 1078 S.
464 1043 620 1078 Antonio
633 1057 643 1076 .·
669 1041 913 1091 Qodnempe
936 1041 1077 1076 necdum
1096 1040 1216 1074 insani·

328 1104 379 1128 ret
401 1093 511 1128 Arius.
550 1094 645 1127 Hinc
667 1093 791 1127 Divina
816 1093 955 1127 Bonitas
976 1092 1082 1135 ipsum
1106 1090 1215 1125 noluit

326 1154 408 1179 ante
428 1144 570 1188 Lapsum
596 1145 762 1178 infamare.
799 1143 934 1178 Etenim
955 1143 1065 1176 santio
1091 1141 1213 1180 Petro,

326 1194 410 1229 dum
425 1194 595 1229 damnavit
618 1193 737 1227 Arium
750 1218 760 1234 ‚
785 1193 943 1228 divinitus
955 1191 1126 1227 interdicta
1147 1190 1219 1227 fuit.

325 1245 396 1288 ejus
419 1244 598 1279 Absolutio
612 1269 623 1284 ,
649 1243 862 1288 praedistaque
881 1243 952 1287 ejus
974 1242 1011 1276 in
1032 1240 1211 1275 Ecclesiam

325 1296 436 1329 futura
456 1295 614 1329 violentia
638 1308 651 1337 ;
677 1305 710 1330 at
734 1294 853 1329 modus
875 1305 942 1328 non
970 1293 1034 1326 fuit
1045 1290 1211 1325 revelatus.

324 1345 498 1379 Dominus
520 1346 692 1379 dumtaxat
709 1345 856 1388 apparuit
876 1346 912 1378 in
935 1343 1022 1377 veste
1051 1341 1179 1375 discissa
1201 1363 1212 1379 ,

323 1395 363 1431 ἃ
383 1395 470 1429 dixit
492 1409 499 1427 :
527 1399 616 1428 Arius
639 1394 748 1435 vestem
767 1406 864 1428 meam
885 1418 896 1435 ,
921 1404 989 1436 quae
1011 1391 1049 1432 est
1061 1389 1188 1432 Ecclefia
1201 1413 1211 1429 ,

323 1447 514 1480 dilaceravit.
554 1446 633 1479 Hoc
663 1444 708 1478 est
729 1469 740 1484 ,
775 1443 959 1477 dilacerabit.
1005 1441 1111 1475 Porro
1145 1439 1212 1473 haec

324 1495 403 1531 Arii
416 1495 598 1530 Damnatio
613 1519 624 1534 ,
651 1505 750 1537 atque
770 1504 862 1528 extra
883 1493 1060 1527 Ecclesiam
1083 1490 1212 1533 Ejestio

325 1543 411 1581 fasta
434 1557 503 1580 non
524 1546 587 1580 fuit
612 1545 646 1578 in
658 1545 760 1588 prima
773 1545 867 1588 ipsius
877 1543 1008 1578 Meletii
1025 1566 1036 1582 ‚
1062 1552 1121 1575 nec
1134 1541 1212 1573 item

325 1599 364 1631 in
399 1597 503 1640 prima
540 1595 800 1629 Meletianorum
830 1593 1049 1634 damnatione
1075 1604 1086 1624 .·
1124 1588 1210 1624 Cum

325 1647 417 1681 enim
439 1656 543 1690 partes
561 1643 693 1679 Meletii
711 1643 895 1678 deseruisset
915 1654 925 1686 ⁶,
951 1642 970 1675 a
993 1641 1102 1675 saneto
1115 1638 1213 1673 Petro

326 1696 494 1731 absolutus
524 1696 589 1729 fuit
606 1720 617 1735 ,
657 1704 840 1739 reparatus,
886 1705 924 1727 ac
969 1699 1139 1736 promotus
1178 1689 1213 1721 in

326 1748 529 1781 Diaconum.
567 1745 611 1779 Et
634 1745 754 1779 deinde
774 1744 820 1780 ob
840 1743 1020 1786 Relapsum
1041 1740 1082 1774 ad
1110 1737 1214 1773 Mele-

327 1800 412 1832 tium
435 1798 497 1830 fuit
517 1794 630 1830 denti&
651 1796 857 1841 singulariter
879 1794 913 1828 ἅς
933 1793 1015 1826 citra
1042 1789 1214 1834 reparatio-

327 1848 379 1880 nis
404 1848 492 1891 spem
514 1846 696 1880 damnatus.
724 1846 829 1879 Lucet
846 1855 888 1878 ex
909 1840 1132 1877 damnationis
1152 1840 1215 1872 for-

327 1897 438 1938 mula,
465 1907 565 1940 quam
589 1894 686 1929 nobis
698 1895 837 1928 servavit
849 1917 860 1933 ,
885 1894 920 1927 ὅ(
938 1893 996 1925 suo
1017 1888 1150 1924 erudito
1162 1886 1216 1921 ad-

329 1945 458 1981 versiim
478 1944 695 1980 Nestorianos
714 1956 753 1979 ac
779 1941 1012 1986 Eutychianos
1037 1938 1141 1983 Operi
1166 1937 1216 1971 bis

329 1998 465 2032 inseruit
487 1998 615 2030 sanctus
639 2020 649 2035 ‚
683 2007 738 2038 per
760 1993 919 2037 Iacobum
938 1991 1130 2025 Gretzerum
1158 1998 1216 2031 pu-

193 2052 267 2089 Cap-
287 2058 309 2084 ς-
330 2048 470 2082 blicatus
494 2070 504 2085 ‚
539 2045 728 2078 Anastasius
747 2044 871 2077 Sinaita
895 2056 906 2075 .·
945 2045 1034 2073 Arius
1056 2041 1091 2072 (θ’
1112 2044 1144 2070 in
1167 2036 1217 2069 hoc

326 2097 433 2142 saeculo
447 2121 458 2137 ‚
477 2097 512 2130 &
534 2101 565 2128 in
577 2094 686 2136 futuro
706 2097 725 2126 ἆ
739 2097 795 2126 Dei
818 2093 892 2126 Filii
911 2094 943 2136 J
947 2092 1027 2123 EsU
1051 2089 1220 2120 CHRISTI

193 2169 266 2205 Cap.
286 2170 312 2196 8¹
325 2148 424 2192 gloria
443 2144 605 2189 separatus
622 2143 659 2184 est
681 2146 715 2178 (9
730 2142 914 2187 segregatus.
943 2145 1032 2172 Arius
1053 2140 1218 2178 &inprae-

326 2197 408 2243 senti
428 2198 462 2230 (τ
483 2202 515 2229 in
532 2195 641 2237 futuro
659 2193 766 2237 saeculo
779 2192 940 2236 separatus
955 2189 996 2232 fit
1021 2190 1040 2221 ᾶ
1060 2189 1138 2221 Filio
1152 2191 1217 2219 Dei.

331 2247 390 2282 Est
412 2247 585 2281 dumtaxat
606 2244 781 2279 Sententia:
807 2240 996 2277 Conclusio.
1034 2237 1078 2271 Et
1112 2237 1218 2270 sanilo

332 2297 503 2333 Anastasio
524 2298 636 2330 omnis
661 2294 804 2329 Ecclesia
825 2291 923 2327 debet
935 2292 1077 2324 summas
1090 2287 1218 2332 gratias.

332 2347 483 2383 Utinam
504 2357 640 2380 omnem
660 2342 864 2378 Sententiam
896 2340 993 2375 nobis
1013 2336 1220 2378 custodisset3

332 2398 439 2433 multa
464 2407 527 2431 nos
550 2395 716 2429 docuisset.
753 2393 880 2428 Verum
902 2389 1027 2424 Divina
1046 2385 1221 2421 Providen-

334 2450 383 2482 tia
395 2447 464 2481 vult
475 2447 493 2480 a
513 2445 610 2480 nobis
621 2437 893 2488 multifignorari.
921 2437 1133 2476 Horrendam
1146 2437 1222 2470 Sen-

335 2498 475 2533 tentiam
495 2505 666 2538 exponunt
687 2495 722 2527 in
743 2489 1116 2534 Constantinopolitana
1128 2486 1223 2519 Men·

336 2560 385 2583 nae
405 2543 598 2580 Patriarchae
619 2543 756 2587 Synodo
775 2542 882 2587 plures
903 2539 1057 2584 Episcopi
1079 2561 1092 2578 ‚
1117 2535 1223 2570 adver-

338 2598 393 2633 sus
416 2597 567 2630 Severum
589 2593 776 2628 Antiochiae
807 2588 1029 2626 Patriarcham
1051 2612 1063 2628 ‚
1097 2587 1131 2620 &
1158 2585 1224 2628 ejus

338 2645 583 2690 Eutychianam
608 2645 784 2678 faitionem
817 2640 1036 2676 exclamantes
1059 2651 1070 2670 :
1107 2637 1221 2668 Alienos

339 2695 417 2740 ipsbs
443 2705 580 2728 notamus
599 2694 638 2727 ab
660 2700 738 2726 omni
761 2697 875 2725 nomine
899 2689 1072 2729 christiano.
1099 2688 1168 2718 Sint
1184 2697 1225 2718 er-

334 2760 374 2791 go
394 2745 561 2779 Anathema
581 2747 601 2777 ἃ
620 2747 734 2783 Patre,
760 2744 794 2776 &
817 2743 897 2774 Filio
921 2764 932 2780 ,
958 2740 993 2772 <¹7
1011 2740 1126 2779 Spiritu
1152 2738 1228 2767 san-

340 2798 407 2836 έῖο,
433 2802 465 2828 in
487 2796 572 2835 coelo,
600 2796 634 2828 (9·
654 2800 687 2826 in
709 2803 791 2825 terra
812 2816 823 2832 ,
849 2792 884 2824 Θ
902 2795 935 2822 in
958 2788 1008 2821 boc
1022 2786 1131 2831 saeculo
1157 2809 1167 2825 ,
1194 2786 1227 2817 (9

342 2853 374 2879 in
387 2846 503 2887 futuro.
532 2845 613 2879 Non
636 2844 681 2878 est
706 2841 842 2886 simplex
864 2838 1069 2880 Damnati03
1096 2834 1150 2869 sed
1164 2846 1227 2878 per-

344 2906 442 2939 petua
478 2894 634 2938 projefflo
663 2892 832 2927 ab‘omni
864 2888 1053 2924 Christiano
1082 2886 1227 2919 nomine.

294 2946 297 2949 “
344 2944 471 2978 Eadem
492 2944 533 2978 de
554 2957 587 2978 re
611 2942 718 2977 scribit
740 2942 778 2975 in
808 2937 1025 2984 spectantibus
1057 2936 1098 2970 ad
1130 2934 1229 2977 AEty-

345 2994 567 3038 mologiarum
591 2994 708 3027 Libros
725 2990 932 3036 Fragmentis
954 2989 1080 3022 sanstus
1092 2985 1231 3019 Isidorus

348 3042 645 3086 Archi-Episcopus
655 3041 854 3086 Hispalensis
867 3053 877 3073 .-
906 3037 1073 3071 Anatbema
1093 3035 1137 3070 est
1158 3037 1228 3067 Pro-

352 3093 433 3124 ditio.
460 3093 820 3133 Maranatha‚D0minus
841 3088 931 3130 nister
942 3093 1037 3122 venit.
1066 3084 1232 3118 Anatbema

352 3141 540 3174 Maranatba
556 3141 629 3182 ficut
639 3144 761 3183 quidam
771 3143 874 3174 dicunt
889 3163 900 3180 ,
920 3139 1052 3181 proditio
1071 3143 1103 3169 in
1119 3136 1233 3168 adven-

351 3200 416 3224 tum
438 3194 566 3223 Domini.
603 3191 660 3223 Est
686 3202 739 3234 per
759 3192 864 3234 ipsum
886 3187 1085 3232 Apostolum
1106 3184 1233 3219 institu-

352 3249 388 3274 t‘a
411 3240 647 3278 Damnationis
661 3241 782 3282 species
793 3265 803 3280 ,
829 3241 863 3274 ὅ(
873 3236 1015 3273 omnino
1025 3235 1176 3271 facienda
1186 3234 1230 3268 est

353 3288 573 3332 synodali-ter.
601 3289 735 3322 Etenim
758 3289 834 3322 licet
857 3289 1025 3323 clericum
1042 3288 1136 3321 suum
1145 3284 1234 3318 dam-

354 3349 434 3372 nare
457 3337 599 3381 potuerit
619 3338 705 3371 solus
727 3337 905 3381 Episcopus
927 3363 938 3379 ‚
975 3338 1055 3372 dum
1072 3346 1181 3371 tamen
1201 3334 1235 3368 id

356 3387 404 3422 ob
415 3387 568 3420 Haerefim
586 3396 642 3420 aut
660 3385 806 3420 Schisma
826 3387 937 3426 fieret,
962 3387 1086 3421 solebat
1098 3396 1168 3420 non
1180 3384 1236 3418 fie-

357 3438 386 3472 ri
397 3437 454 3472 nisi
476 3435 692 3480 Synodaliter.
731 3436 775 3470 Et
795 3436 919 3469 sanstus
941 3435 1139 3471 Athanasius
1156 3435 1236 3469 affir-

360 3497 427 3523 mat
449 3496 529 3522 tunc
551 3497 620 3522 non
643 3485 749 3521 solum
772 3484 890 3520 Arium
910 3510 922 3526 ,
947 3486 1001 3521 sed
1024 3487 1122 3523 etiam
1144 3483 1238 3522 Aria-

1286 105 1706 158 PRoOEMiALis:

1281 201 1342 224 nos
1360 192 1454 227 fuiffe
1475 205 1551 227 cum
1563 193 1753 227 Meletianis
1768 192 1889 236 ejefios.
1919 190 2019 227 Arius
2029 193 2155 230 videtui·

1280 253 1324 274 ex
1343 250 1421 279 tunc
1441 241 1588 277 habuisse
1609 242 1752 277 Arianos
1766 268 1776 283 ,
1802 252 1901 286 atque
1923 243 1956 276 in
1975 244 2157 279 Meletiano

1282 289 1450 327 schismate
1461 292 1554 326 fuisse
1576 304 1645 326 non
1667 293 1839 328 dumtaxat
1850 294 1930 326 Dux
1942 317 1952 333 ,
1979 293 2032 327 sed
2043 295 2077 328 ὅ(
2088 295 2159 328 Au⁴

1280 342 1463 377 §tornescio
1475 342 1565 385 cujus
1577 353 1668 375 novae
1686 342 1813 377 scabiei.
1853 344 1896 377 Et
1918 342 1984 377 haec
2006 343 2157 379 damnari

1282 393 1485 436 non'potuit‚
1513 393 1569 426 nisi
1585 403 1640 435 per
1651 391 1830 434 Synodum.
1865 394 1945 428 Haec
1966 393 2067 437 igitur
2087 389 2156 428 fuit-L

1281 441 1374 475 tertia
1384 443 1481 477 sancti
1492 442 1580 477 Petri
1592 440 1751 484 Synodus.
1781 443 1875 490 Qin
1889 443 1993 477 imm&
2013 445 2036 477 si
2056 443 2157 479 Arius

1281 502 1335 534 per
1351 490 1520 534 synodum
1536 493 1634 527 fuerit
1657 492 1757 525 etiam
1777 503 1939 536 reparatus
1951 518 1962 534 ‚
1987 495 2051 529 fuit
2062 506 2156 538 quar-

1279 550 1320 574 ta.
1348 541 1392 575 Et
1402 541 1441 576 de
1451 543 1517 586 ipsa
1539 541 1650 577 scribit
1670 542 1805 584 antiqua
1817 567 1828 583 ‚
1854 555 1908 586 per
1927 542 2158 579 Abrahamum

1281 589 1523 627 Ecchellensem
1533 604 1576 627 ex
1589 591 1732 625 Arabico
1743 592 1779 624 in
1801 591 1958 627 Latinum
1980 595 2134 629 translata
2147 618 2159 634 ‚

1280 639 1578 677 Alexandrinorum
1587 640 1846 677 patriarcharum
1858 642 2023 679 Historia:
2047 647 2160 680 Petrus

1279 695 1383 725 Arium
1404 698 1597 727 communione
1611 687 1755 736 privabit
1770 693 1852 736 jussu
1874 696 1943 726 Dei.

1459 811 1553 862 Alia
1577 813 1708 861 SanHi
1731 816 1835 861 Petri
1858 811 1974 861 Αὲἶα.
2029 847 2032 850 «

1366 944 1475 981 Adem
1489 947 1638 983 Historia
1660 947 1753 982 addit
1774 962 1784 982 .·
1812 952 1869 981 Hic
1893 947 1931 988 est
1951 949 2061 981 Petrus
2077 970 2089 987 ,
2112 950 2162 980 cui

1381 996 1559 1031 Antiocbena
1579 1000 1632 1032 illa
1652 1000 1762 1032 Mulier
1781 999 1877 1032 Filios
1901 995 1972 1041 suos
2002 997 2160 1038 adduxit,

1276 1054 1310 1078 ut
1330 1057 1376 1078 eos
1391 1045 1559 1088 baptizaret
1571 1072 1582 1087 ,
1608 1055 1812 1090 concrevitque
1834 1059 1916 1090 aqua
1938 1045 2161 1090 Baptis'malis,

1275 1104 1309 1128 ut
1327 1097 1449 1129 minime*
1465 1094 1734 1133 illosPatr'iarcba
1747 1098 1905 1139 baptizare
1917 1103 2057 1140 potuerit.
2085 1098 2162 1140 ‚Qua

1275 1147 1313 1178 de
1333 1157 1366 1179 re
1385 1146 1546 1189 diligenter
1564 1144 1762 1189 disquifivita
1781 1150 1881 1180 Matre
1891 1145 2019 1189 ipsorum
2028 1144 2159 1189 causam·

1274 1198 1355 1238 ‚Quae
1373 1201 1420 1228 ait
1438 1197 1485 1229 illi
1505 1209 1517 1229 :
1552 1198 1638 1229 Mare
1657 1202 1837 1229 concitatum
1857 1194 1896 1236 est
1919 1194 2163 1238 tempestatibus,

1274 1247 1447 1287 &jamjam
1458 1244 1612 1289 naufragii
1619 1247 1783 1287 periculum
1797 1244 1882 1279 nobis
1894 1246 2008 1279 aderat.
2033 1243 2166 1278 Edam:

1274 1305 1345 1329 tunc
1361 1295 1499 1329 uberibus
1518 1294 1684 1339 confignavi
1703 1307 1750 1328 eos
1765 1293 1914 1339 sanguine
1925 1319 1936 1335 ‚
1961 1296 1996 1329 &
2006 1305 2088 1337 aqua
2098 1305 2166 1328 ma·

1273 1352 1316 1378 ris
1327 1346 1494 1387 baptizavi.
1521 1348 1573 1377 Ait
1595 1346 1640 1378 illi
1664 1344 1850 1378 Patriarcba
1872 1357 1879 1377 z
1907 1346 1993 1378 Bene
2013 1344 2165 1386 baptizati

1269 1395 1343 1439 sunt
1363 1397 1443 1429 Fide
1454 1404 1514 1428 tua.
1543 1395 1659 1429 Simile
1672 1395 1874 1428 Miraculum
1885 1396 1980 1429 refert
1991 1394 2141 1429 Socrates
2149 1416 2167 1435 ,

1275 1444 1376 1480 homo
1398 1445 1650 1479 Novatianensis
1659 1469 1670 1485 ,
1680 1443 1775 1478 Pauli
1787 1469 1798 1485 ,
1810 1445 1867 1488 qui
1878 1443 2163 1488 Constantinopov

1275 1496 1411 1529 litanam
1421 1496 1483 1528 suae
1493 1495 1589 1528 Sestae
1610 1495 1694 1528 rexit
1705 1495 1918 1539 Synagogam
1928 1518 1938 1534 ,
1960 1492 2096 1528 virtutes
2105 1504 2163 1528 ex·

1276 1556 1401 1589 ponens
1413 1568 1424 1585 ‚
1451 1554 1547 1588 atque
1557 1544 1782 1587 prosequitur.-
1802 1546 1943 1588 Judaeus
1964 1545 2089 1586 quidam
2109 1553 2162 1579 ve»
2178 1546 2240 1578 tib.
2269 1559 2299 1583 7.

1275 1604 1387 1629 terator
1397 1619 1408 1635 ,
1435 1593 1637 1634 Christianam
1649 1595 1757 1627 Fidem
1760 1593 1905 1635 fimulans
1917 1617 1927 1633 ,
1934 1592 2051 1637 saepius
2060 1590 2161 1635 bapti·
2176 1597 2242 1629 ‘3⁸2-
2253 1598 2302 1625 17-

1274 1655 1363 1679 zatus
1375 1644 1461 1686 fuit:
1490 1646 1549 1677 Per
1560 1655 1651 1687 quam
1654 1643 1816 1686 fallaciam
1824 1645 1941 1677 multas
1950 1642 2162 1685 corrafitpecw

1272 1702 1354 1728 nias.
1389 1692 1546 1736 Postquam
1565 1703 1666 1728 autem
1683 1696 1790 1728 multos
1814 1705 1853 1728 ex
1875 1699 1974 1727 variis
1997 1693 2092 1727 5281:
2109 1692 2170 1727 bo·

1278 1751 1385 1787 mim-53
1415 1747 1591 1778 Arianorum
1609 1751 1689 1778 enim
1699 1757 1734 1778 ac
1745 1744 2026 1777 macedonianorum
2034 1739 2167 1786 Raptis*

1277 1807 1357 1828 mum
1369 1801 1518 1836 receperat
1532 1818 1543 1834 ,
1568 1796 1632 1827 dolo
1652 1793 1824 1836 ludificatus
1834 1818 1846 1834 ‚
1871 1804 1930 1826 non
1950 1792 2081 1826 habebat
2097 1802 2167 1826 ivn-¹

1273 1845 1374 1887 plius,
1393 1843 1500 1885 quibus
1512 1850 1682 1886 imponeret.
1715 1844 2042 1877 TandemadPaulum
2051 1849 2163 1879 Nom-

1279 1900 1426 1928 tianorum
1447 1892 1627 1937 Episcopum
1646 1899 1742 1927 venit.
1776 1893 1904 1937 Jejunia
1918 1903 1963 1927 ‘ac
1973 1892 2037 1927 alia
2048 1902 2165 1937 ptaepa·
2211 1912 2215 1916 ·

1279 1954 1425 1979 ramenta
1436 1943 1545 1986 Judaeo
1556 1954 1612 1987 per
1622 1943 1764 1977 Paulum
1775 1943 1925 1986 imposita
1934 1940 2076 1978 edisserit
2084 1967 2096 1983 ‚
2115 1951 2165 1977 at-

1280 2006 1345 2038 que
1366 1994 1570 2037 prosequitur
1594 2005 1601 2024 :
1628 1997 1762 2035 Cumque
1782 1992 1890 2032 veste'm
1901 1991 2095 2036 splendidam
2105 1999 2167 2037 pm

1280 2045 1327 2077 illo
1336 2043 1443 2086 emisset
1453 2067 1463 2082 ‚
1494 2044 1529 2077 (ν
1540 2042 1714 2084 Baptisterii
1724 2044 1847 2076 alveum
1856 2054 1939 2085 aqua
1946 2037 2165 2086 &replerijtiffff-

1277 2093 1323 2137 set
1335 2119 1344 2134 ,
1365 2097 1397 2139 J
1398 2094 1517 2133 udaeum
1527 2096 1559 2126 eb
1570 2093 1698 2126 deduxit
1707 2118 1717 2134 ,
1742 2102 1777 2126 ut
1791 2094 1836 2126 illi
1847 2088 2041 2135 Baptismum
2051 2098 2166 2134 impar·-

1282 2150 1360 2176 tiret.
1388 2144 1496 2176 Verum
1509 2154 1588 2185 aqua
1599 2141 1744 2186 universa
1755 2168 1767 2184 ‚
1790 2137 1912 2176 Divina
1921 2143 2055 2184 quadam
2064 2147 2165 2174 virtu-

1282 2203 1310 2226 te
1322 2217 1333 2233 ‚
1351 2187 1389 2233 est
1397 2191 1496 2235 subita
1507 2191 1656 2232 exhausta.
1686 2197 1726 2225 Ac
1736 2203 1802 2226 cum
1813 2202 1906 2234 neque
1916 2190 2083 2235 Episcopus
2095 2214 2107 2231 ,
2117 2201 2166 2224 ne-

1281 2254 1337 2285 que
1349 2243 1462 2284 aliique·
1483 2244 1611 2275 aderant
1632 2244 1768 2276 accurate
1784 2241 1997 2283 confiderarent
2008 2266 2020 2283 ,
2045 2252 2105 2284 qua
2113 2251 2166 2273 ra-

1282 2299 1359 2326 tione
1368 2293 1405 2325 id
1412 2292 1581 2335 accidiffet3
1602 2290 1661 2335 sed
1677 2304 1789 2334 aquam
1793 2300 1850 2334 per
1854 2291 1995 2333 fhramen
2007 2315 2017 2332 ,
2044 2292 2126 2334 quod
2131 2296 2167 2323 in

1283 2349 1340 2375 imo
1359 2342 1444 2375 alveo
1452 2341 1520 2384 fuit
1543 2365 1552 2382 ,
1575 2349 1631 2383 per
1652 2343 1734 2383 quod
1750 2348 1842 2375 etiam
1862 2343 1941 2374 alias
1961 2353 2073 2383 aquam
2090 2339 2167 2384 sole-

1283 2393 1357 2425 bant
1369 2392 1489 2426 educere
1500 2415 1510 2431 ,
1535 2390 1677 2435 effluxiffe
1687 2390 1888 2431 existimarent
1899 2415 1909 2431 ‚
1933 2390 2111 2433 Baptisterii
2121 2391 2167 2423 al-

1283 2454 1372 2476 veum
1390 2441 1435 2489 dev
1450 2447 1584 2485 integro,
1610 2442 1740 2484 undique
1754 2440 1958 2483 foraminibus
1977 2447 2011 2474 in
2031 2438 2065 2474 eo'
2076 2440 2167 2483 firm?

1283 2492 1449 2532 obturans,
1475 2492 1633 2535 diligenter
1650 2493 1783 2533 implent.
1811 2496 1851 2525 Ac
1860 2493 1925 2523 cum
1937 2491 2079 2535 Judaeus
2096 2489 2168 2533 effe!

1280 2541 1408 2585 secunde)
1427 2542 1471 2574 ad
1491 2540 1666 2584 Baptisterii
1686 2542 1808 2574 alveum
1819 2540 1964 2581 deduc‘i‘us
1975 2564 1987 2580 ,
2011 2551 2092 2583 aqua
2103 2550 2170 2573 rur·-

1285 2593 1352 2624 siim
1367 2592 1491 2633 penitus
1513 2598 1648 2625 evanuit.
1675 2595 1781 2633 Itaque
1797 2601 1861 2625 tum
1883 2591 2019 2631 Paulus,
2044 2595 2171 2634 inquit,

1287 2645 1302 2674 ὸ
1323 2640 1405 2674 bomo
1419 2664 1429 2681 ‚
1454 2649 1508 2673 aut
1532 2645 1713 2674 Veteratoris
1732 2649 1840 2682 partes
1859 2645 1947 2683 agis,
1971 2649 2027 2672 aur
2048 2636 2172 2683 Baptifi·

1287 2702 1368 2724 mum
1378 2696 1519 2734 ignorans
1531 2690 1668 2731 recepisti.
1695 2692 1802 2733 ,Quarb
1823 2691 1874 2723 ubi
1893 2690 1928 2722 ob
1950 2690 2128 2723 Miraculum
2146 2690 2172 2721 ὲ

1289 2741 1391 2773 multis
1412 2742 1444 2773 εό
1463 2739 1629 2787 concursum
1649 2749 1714 2773 erat
1737 2764 1748 2780 ,
1776 2739 1861 2781 forte
1881 2741 2005 2781 quidam
2014 2740 2169 2785 Judaeuur

1290 2791 1326 2823 de
1330 2789 1414 2832 facie
1425 2795 1532 2829 novit,
1557 2800 1679 2831 eumque
1687 2788 1727 2821 ab
1748 2792 1842 2823 Attico
1864 2787 2168 2832 Constantinopoli,

1289 2850 1373 2874 tanae
1392 2838 1537 2874 Ecclefiae
1558 2837 1761 2874 Orthodoxo
1781 2837 1925 2883 Episcopo
1943 2863 1955 2879 ,
1979 2838 2168 2881 baptizatum

1289 2891 1418 2924 viderat.
1446 2893 1506 2922 Hoc
1518 2889 1693 2921 Miraculum
1697 2896 1755 2930 per
1772 2890 1902 2923 Paulum
1924 2892 2169 2922 novatianorum

1292 2937 1469 2983 Episcopum
1473 2937 1539 2980 fuit
1551 2941 1672 2972 editum.
1710 2937 1792 2973 Non
1810 2950 1867 2982 per
1888 2934 2027 2973 Paulum
2039 2960 2051 2977 ‚
2075 2937 2129 2971 sed
2149 2938 2170 2972 ὸ.

1291 2989 1360 3024 solo
1373 2989 1526 3023 Domino
1538 2990 1614 3023 Deo
1625 2989 1688 3022 fuit
1699 2988 1824 3023 editum
1837 3013 1848 3029 ,
1875 3000 1943 3022 non
1953 2986 1994 3020 ad
2005 2985 2172 3021 honoran-

1291 3040 1332 3073 da
1345 3038 1440 3073 Pauli
1451 3038 1564 3073 merita
1579 3064 1589 3080 ,
1600 3038 1655 3074 sed
1665 3038 1706 3073 ad
1718 3036 1946 3083 Anabaptismi
1956 3036 2167 3080 iniquitatem

1291 3088 1587 3123 demonstrandam.

1341 3139 1456 3173 Simile
1473 3150 1514 3172 ex
1535 3139 1599 3173 alia
1616 3140 1712 3173 causa
1732 3137 1931 3182 Exemplum
1955 3137 2051 3170 refert
2069 3135 2105 3169 in
2126 3136 2172 3170 se-

1292 3188 1403 3223 cundo
1425 3189 1711 3223 collectaneorum
1746 3187 1849 3222 Libro
1881 3184 2083 3220 Theodorus
2109 3186 2172 3220 Le-

1293 3241 1380 3273 Ctor:
1408 3241 1569 3272 Deuterius
1590 3242 1767 3271 Arlanorum
1784 3235 2032 3277 constantinopoli
2051 3234 2172 3279 Episco-

1288 3297 1350 3331 pus
1363 3313 1373 3328 ‚
1396 3299 1462 3321 cum
1484 3289 1621 3321 Barbam
1640 3288 1787 3330 quendam
1803 3286 1994 3328 baptizaret,
2034 3285 2172 3328 reproba-

1294 3347 1327 3371 ta
1349 3340 1383 3372 (ς
1403 3346 1543 3380 corrupta
1564 3342 1719 3370 Dominica
1740 3336 1933 3375 Traditum,
1959 3334 2048 3378 ausus
2065 3334 2174 3375 effim-

1294 3397 1339 3421 ter
1360 3388 1577 3430 baptizandum
1593 3389 1709 3420 dicere:
1735 3385 1908 3428 baptizatur
1930 3385 2055 3418 Barbas
2077 3391 2172 3420 inno·-

1295 3443 1374 3470 mine
1385 3441 1490 3474 Patris
1496 3446 1552 3480 per
1560 3437 1678 3469 ‚Filium
1687 3442 1720 3468 in
1729 3437 1841 3477 Spiritu
1850 3434 1965 3468 santio.
1992 3437 2061 3479 ‚Quo
2070 3435 2148 3468 dieo
2155 3459 2170 3476 ,

1295 3499 1375 3532 aqua
1384 3494 1416 3522 in
1438 3485 1641 3527 cohmbetbra
1656 3491 1790 3520 evanuit.
1826 3484 1954 3521 Barbas
1965 3487 2037 3520 verb
2047 3492 2172 3526 arrepta

2093 3532 2172 3578 ficta

2330 2791 2346 2897 “w-1¹..
2332 2701 2346 2751 :52³
2335 2671 2338 2673 ·

2318 3219 2335 3266 ἀν’.
2312 3048 2343 3206 Ἣιέῐαζφιῇ,
2313 2907 2339 3041 hams-„J-
