2346 3776
360 172 362 176 ·
373 149 443 190 ¹44

382 218 495 247 motus
510 220 549 245 ae
569 207 703 245 tandem
725 209 913 253 compulsus
931 207 1121 244 Alexander
1141 207 1263 242 indixit

380 259 484 295 totius
495 261 544 295 sui
556 259 797 295 patriarchatus
808 258 981 302 Synodum
996 283 1006 299 ,
1033 269 1131 301 atque
1153 258 1263 292 Haere-

379 309 540 350 ssat-cham
548 322 625 345 cum
636 309 700 344 suis
713 307 927 352 Blasphemiis
937 311 970 343 ὃς
983 308 1120 343 Affeclis
1131 307 1262 342 damna-

378 359 666 395 vitAnathemate.
693 359 879 393 Audiamus
898 360 992 403 ipfius
1005 357 1185 392 Alexandri
1197 369 1262 392 ver-

376 408 419 445 ba
441 410 476 443 in
498 409 719 454 synodalibus
739 409 784 443 ad·
801 421 918 443 omnes
928 409 987 443 sub
999 409 1084 443 coelo
1095 407 1261 444 Orthodo-

375 471 439 493 xos
461 460 643 507 Episcopos
665 458 816 493 Litteris:
845 463 913 492 Ario
932 465 1046 503 igitur,
1073 458 1261 500 &eiusfau-

373 509 488 545 toribus
499 533 510 548 ,
536 515 587 552 qui
607 508 662 548 ista
681 509 809 552 afferunt
821 533 832 550 ,
858 511 892 544 &¹
909 511 948 543 de
971 508 1080 552 eisdem
1091 517 1155 541 tam
1166 515 1260 550 impu-

372 560 459 593 denti
476 570 525 592 ore
544 561 726 602 loquuntur,
753 561 816 592 unc?
836 571 901 593 cum
919 561 981 593 illis
1003 585 1013 600 ,
1039 565 1092 602 qui
1112 561 1179 600 ejus
1200 564 1259 599 opi-

369 614 453 643 arioni
462 609 658 653 affintiuntur
670 634 681 650 ,
706 621 759 644 nos
769 621 836 643 eum
848 608 992 655 aliisfere
1003 618 1120 642 centum
1131 611 1258 652 AEgypti

369 669 406 691 ac
428 658 528 698 Lybiae
549 658 704 703 Epifi‘opis
726 666 759 693 in
768 671 860 694 unum
870 666 1077 693 convenientes
1092 681 1102 696 ,
1129 656 1258 690 Anathe-

367 719 421 742 ma
442 710 699 743 denunciavimus.
729 711 773 744 Et
786 710 891 743 infra:
920 711 1112 751 ,Quapropter
1123 709 1183 740 illis
1196 711 1257 742 Ec-

366 758 451 802 clafia
473 760 664 794 interdic'i‘um
683 759 741 802 est,
767 769 859 801 atque
877 759 952 790 adea
964 756 1133 790 Anathema
1142 758 1256 791 denun-

366 815 485 843 ciatum.
515 810 559 843 Et
582 810 706 844 rursum
727 822 734 841 :
765 814 837 841 Non
854 807 917 849 fine
939 805 1027 850 causa
1051 809 1117 848 ejus
1133 814 1254 851 generis

364 858 536 894 bominibus
570 859 736 893 Anathema
769 860 1017 891 denuntiavimus
1038 881 1049 897 ,
1087 856 1189 900 eosque
1215 858 1253 890 ab

364 909 497 952 Ecclesia
519 908 673 945 catholica
692 909 727 941 <a
748 908 827 940 Fide
843 907 950 956 palam
961 908 1071 941 alienos
1085 908 1252 941 declaravi-

360 972 440 994 mus.
481 959 524 993 Et
546 959 581 991 in
608 957 742 991 Litteris
778 956 819 991 ad
847 957 991 996 sanetum
1025 957 1252 992 Alexandrum

299 1042 304 1049 ,
358 1009 565 1052 Episcopum
587 1002 1001 1050 Constantinopolitanum
1026 1020 1034 1040 :
1073 1011 1140 1040 Nos
1161 1014 1252 1051 igitur

357 1059 406 1091 ad
423 1069 460 1091 ea
483 1082 495 1098 ‚
508 1054 652 1102 ‘quie-Q&
672 1064 741 1091 vita
764 1069 860 1091 eorum
880 1082 891 1098 ,
926 1059 960 1092 (9'
981 1058 1118 1099 nefarius
1128 1068 1251 1091 conatus

354 1107 485 1153 postulat
497 1132 507 1148 ,
528 1106 626 1150 serius
642 1132 652 1148 ,
678 1113 748 1149 quia
763 1107 920 1148 latebant,
946 1108 1149 1141 incumbentes
1159 1132 1169 1147 ,
1180 1119 1250 1141 com-

356 1157 498 1191 munibus
521 1158 586 1191 illos
602 1156 758 1201 suffragiu
781 1157 820 1190 ab
842 1157 969 1200 Ecclcfia
996 1182 1006 1197 ,
1046 1170 1114 1200 quae
1140 1157 1250 1198 Christi·

356 1211 563 1241 Divinitatem
583 1209 711 1248 adorat,
739 1209 887 1247 eiecimus.
915 1207 1075 1241 Notanda
1097 1209 1172 1241 sunt
1185 1219 1248 1242 ver-

355 1257 422 1291 ba:
452 1258 496 1290 Ab
518 1256 646 1299 Ecclesia
669 1257 823 1290 catholica
836 1271 847 1290 .-
872 1268 941 1300 quae
962 1256 1072 1297 Christi
1093 1261 1248 1298 Divinita—

356 1316 418 1341 tem
441 1309 558 1340 adorat.
595 1306 864 1350 Haudquaquam
880 1306 926 1341 est
948 1307 1107 1350 superflua
1128 1307 1248 1342 Paren-

355 1356 461 1392 thefis.
489 1358 642 1392 Affirmat
665 1356 739 1391 Arii
753 1357 888 1402 Dogma
901 1368 970 1390 non
986 1357 1063 1391 solis
1079 1358 1181 1391 Sacris
1192 1359 1246 1392 Li-

354 1409 434 1445 teris
445 1433 456 1448 ,
481 1407 535 1441 sed
555 1408 686 1450 insuper
697 1417 855 1450 perpetuae
864 1408 1017 1441 omnium
1029 1407 1244 1442 Ecclefiarum

353 1457 550 1492 “I'raditioni
562 1469 599 1490 ac
611 1457 801 1500 Disciplinae
812 1456 993 1496 adversari,
1020 1458 1159 1501 ideoque
1181 1460 1243 1493 effe

352 1507 475 1542 merito
487 1506 810 1541 anathematizatum.
849 1507 907 1540 Est
931 1507 995 1541 tale
1006 1519 1064 1550 pro
1075 1508 1243 1543 adoranda

350 1556 681 1593 &Conffibstantiali
692 1557 757 1590 Dei
770 1556 872 1590 Verbi
896 1557 1082 1592 Divinitate
1102 1559 1243 1594 testimo·

352 1608 449 1647 nium
462 1631 472 1648 ,
500 1608 596 1651 quale
607 1618 666 1650 pro
676 1606 789 1640 eadem
802 1606 940 1649 Spiritus
952 1607 1060 1641 Sansti
1080 1608 1243 1643 Divinita-

352 1669 388 1693 te
399 1657 550 1701 synodus
562 1656 934 1699 constantinopolitana
947 1656 1068 1690 indidit
1080 1657 1138 1690 suo
1148 1658 1242 1701 Sym-

352 1708 434 1743 bolo
447 1721 453 1740 :
483 1710 548 1751 ,Qui
559 1719 624 1740 cum
637 1710 730 1742 Patre
741 1707 776 1745 (εἰ
787 1707 865 1743 Filio
868 1705 958 1752 stmul
964 1707 1107 1744 adoratur
1128 1708 1164 1745 Θ
1177 1719 1242 1743 con.

348 1758 542 1805 glorificatur.
852 1765 859 1773 '

357 1806 363 1809 ”
404 1810 470 1844 His
479 1809 634 1844 omnibus
645 1811 806 1845 consonat
819 1810 854 1845 in
867 1810 1080 1844 Nicaenorum
1102 1808 1239 1844 Patrum

350 1859 522 1894 Encomio
541 1859 721 1904 Gregorius
744 1860 956 1894 Caesaraeenfis
980 1860 1015 1892 in
1027 1858 1240 1902 Cappadocia

347 1909 505 1944 Ecclefiae
524 1909 696 1952 Presbyter
718 1922 725 1942 :
765 1910 878 1942 Videns
905 1912 1040 1942 Divinus
1063 1909 1236 1941 Alexander

350 1961 464 1993 malum
473 1959 524 1993 hoc
534 1959 625 1999 instar
635 1959 729 1992 morbi
740 1961 822 1992 Sacri
841 1957 996 2003 depascere
1005 1983 1016 1999 ,
1036 1957 1181 2001 fiquidem
1193 1964 1240 1992 vi-

348 2016 436 2044 cinas
457 2013 623 2053 AEgyptum
636 2034 647 2049 ,
673 2008 912 2051 Thebaidemque
924 2033 934 2048 ,
959 2010 994 2042 ὑ
1017 2008 1140 2047 Lybiam
1153 2014 1240 2042 inva-

345 2059 432 2106 serat
442 2083 454 2100 ,
484 2066 599 2092 veritus
618 2070 655 2092 ne
674 2057 846 2101 universum
867 2064 1024 2100 corriperet
1034 2058 1171 2099 fidelium
1181 2069 1240 2091 cor-

345 2118 409 2158 pus
431 2133 441 2149 ,
468 2108 531 2150 post
552 2109 662 2142 multas
684 2110 781 2141 coram
801 2114 974 2141 monitiones
995 2106 1118 2146 effi-rato
1135 2116 1239 2149 pater-

350 2161 390 2193 ne
411 2158 566 2191 adhibitas
579 2183 590 2199 ,
611 2158 673 2201 post
693 2165 801 2191 varias
808 2170 849 2193 ex
863 2162 988 2191 Divinis
1000 2159 1162 2200 scriptum
1169 2166 1238 2199 pro-

349 2210 484 2242 bationes
497 2233 509 2249 ,
535 2208 642 2251 quibus
667 2217 756 2241 vetus
772 2214 892 2250 pariter
907 2219 943 2240 ac
952 2218 1063 2243 novum
1076 2207 1238 2246 Testamen-

349 2269 416 2293 rum
428 2259 584 2300 abundat,
606 2257 702 2302 sciens
723 2264 847 2300 impium
863 2263 971 2291 erroris
981 2258 1116 2301 calligtne
1137 2257 1239 2290 adbuc

349 2310 536 2351 implicatum
554 2333 565 2349 ,
594 2310 640 2341 ad
662 2311 820 2341 Dominum
837 2311 870 2352 J
873 2310 986 2341 EsUM
1010 2309 1240 2348 CHRISTUM,

351 2371 440 2402 quem
461 2360 509 2392 ille
528 2359 671 2401 afficiebat
690 2360 864 2391 contumelia
884 2382 895 2398 ‚
931 2357 1063 2401 confugit
1083 2381 1094 2396 ,
1129 2360 1187 2399 qud
1212 2363 1240 2389 is

352 2408 535 2449 Christianae
555 2415 598 2444 rei
620 2409 770 2441 adversus
788 2414 913 2449 impiam
933 2409 1108 2440 molitionem
1125 2408 1242 2440 auxilio

352 2460 428 2502 effer.
449 2462 480 2503 J
483 2461 581 2499 ejunio
593 2483 603 2498 ,
630 2460 743 2501 vigiliis
757 2468 791 2490 ac
799 2456 953 2496 lachrymis
965 2469 1031 2490 eum
1047 2463 1168 2490 invocat
1188 2458 1240 2489 ad-

348 2511 481 2552 jutorem
494 2532 504 2547 ,
530 2514 582 2550 qui
601 2506 743 2550 inspellor
761 2508 798 2548 est
810 2513 962 2541 veritatIs.
990 2507 1101 2541 Verum
1113 2518 1179 2540 cum
1189 2513 1240 2539 im-

348 2564 424 2601 pius
437 2564 533 2606 magis
554 2557 726 2598 efferaretur
746 2558 780 2590 (ν
802 2555 1024 2599 efferveft'eret,
1050 2566 1156 2590 evocat
1179 2558 1241 2590 Ale-

350 2602 474 2641 'xander
482 2607 714 2649 plurcsfuturos
721 2608 849 2648 periculi
860 2604 954 2649 ficies
969 2631 980 2646 ,
1006 2608 1168 2650 dirIgitque
1180 2610 1242 2639 Lit-

354 2667 439 2691 teras
459 2659 503 2690 ad
528 2661 556 2689 Ε
555 2656 685 2700 pisi-opos
701 2665 757 2698 per
770 2669 805 2689 ea
817 2655 981 2694 constitutos
993 2658 1054 2688 loca
1065 2681 1075 2696 ,
1102 2668 1138 2689 ac
1142 2658 1242 2697 prodi-

349 2706 447 2755 giosos
459 2709 557 2740 cordis
572 2711 635 2739 Arii
639 2707 737 2749 scetus
748 2706 899 2739 adversus
918 2706 1122 2739 Orthodoxam
1135 2708 1242 2739 Fidem

355 2759 526 2791 denunciat.
553 2759 657 2800 ,Quam
680 2756 714 2789 ob
736 2768 798 2789 rem
816 2762 982 2798 praemunit
1003 2757 1122 2798 quidem
1144 2760 1242 2788 eorum

354 2819 445 2841 aures
460 2832 470 2847 ,
496 2817 530 2840 ut
552 2819 588 2840 ne
608 2814 659 2849 qui
678 2807 718 2839 ab
741 2806 830 2839 hiatu
844 2804 949 2849 sensus
966 2804 1242 2847 >A›‹2·1·,!intstriarm·-

351 2866 521 2903 perentur3
547 2864 654 2890 incitat
674 2859 767 2897 vero,
793 2865 827 2889 ut
849 2862 993 2888 communi
1015 2854 1142 2896 confflio,
1166 2861 1242 2888 citra

356 2919 471 2945 moram
493 2909 530 2940 de
550 2906 598 2940 his
619 2912 771 2951 Optimum
802 2909 962 2938 Dominum
988 2911 1140 2939 certiorem
1161 2905 1241 2947 face-

357 2966 435 2990 rent.
457 2954 537 2991 H'aec
547 2958 626 2991 fecit
638 2959 671 2990 in
683 2955 829 3000 Synodo.
856 2955 1035 2989 Damnavit
1049 2955 1180 2994 Arium,
1190 2954 1241 2988 ad-

357 3007 466 3040 versus
477 3007 544 3049 ejus
555 3005 774 3051 blasphemias
787 3006 929 3039 firmavit
948 3016 1064 3039 omnes
1084 3006 1155 3039 suos
1168 3005 1242 3048 Epi-

358 3057 475 3099 scopos
488 3080 498 3095 ‚
524 3057 657 3100 &ipsos
669 3057 820 3101 rogavit,
848 3066 884 3090 ut
908 3066 1024 3090 omnes
1042 3055 1240 3090 unanimiter

358 3105 394 3139 &
417 3106 631 3140 conformiter
640 3108 754 3141 omnia
766 3107 919 3140 referrent
933 3104 975 3140 ad
987 3105 1162 3148 Optimum
1175 3105 1242 3139 Do-

360 3154 491 3187 minum
506 3178 515 3193 ‚
541 3155 582 3188 ad
595 3156 758 3201 Magnum
780 3156 1049 3191 Constantinum.
1077 3156 1120 3188 Et
1139 3155 1242 3188 Nicae-

360 3214 408 3236 nae
418 3203 562 3245 Synodi,
587 3216 657 3247 quae
679 3217 720 3239 ex
742 3205 1008 3252 Christianiffimi
1029 3206 1132 3250 Regis
1142 3204 1244 3239 Codi-

359 3262 399 3286 ce
422 3252 569 3296 vulgavit
591 3255 780 3288 Franciscus
803 3255 972 3289 Comb‘efis
994 3253 1077 3288 Aeta
1099 3253 1240 3288 habent:

359 3300 519 3343 Postquam
546 3304 716 3336 Alexander
729 3328 739 3343 ‚
765 3307 826 3345 qus?
836 3307 996 3344 monendo,
1023 3306 1083 3347 qua
1093 3303 1241 3348 obsecran-

359 3353 398 3387 do
405 3349 491 3394 spem
501 3363 613 3384 omnem
622 3354 834 3387 emendationis
849 3360 912 3387 Arii
921 3353 1115 3397 despondtffit
1126 3379 1136 3395 ‚
1155 3355 1242 3396 depo-

353 3400 471 3448 fitionis
487 3401 591 3447 gladio
609 3412 674 3433 eum
692 3401 732 3433 ab
755 3402 881 3443 Ecclefia
905 3402 1059 3446 exscindit.
1093 3402 1241 3447 Eusebius

360 3460 481 3490 autem,
508 3456 560 3492 qui
580 3459 742 3492 contempto
762 3454 888 3492 Beryto,
912 3452 1173 3496 Nicomedienssum
1183 3456 1241 3485 Ec-

359 3500 448 3546 elest'ae
469 3501 560 3535 oculos
571 3501 742 3547 adiecerat,
769 3507 870 3535 animo
878 3504 973 3536 clatus
986 3527 996 3544 ‚
1016 3503 1171 3546 postquam
1186 3514 1243 3536 non

849 123 1291 175 DissERTA‘rIO
1339 121 1752 177 PnoazmiAmsl

1329 207 1448 251 dediffiet
1454 206 1520 251 suae
1529 215 1759 251 rapinaepoenas
1770 234 1782 250 ‚
1808 211 1874 243 Arii
1884 221 1920 244 ac
1929 212 2073 246 sociorum
2083 212 2201 256 haerefis

1322 264 1519 298 patrocinium
1526 257 1661 301 suscepit.
1700 264 1737 293 In
1756 263 1879 302 ‘quorum
1888 273 2007 295 numero
2025 274 2113 297 erant
2132 267 2200 298 olim

1325 305 1462 351 Episcopi
1472 332 1483 348 ,
1508 310 1658 341 secundus
1671 310 1705 343 &
1716 310 1851 344 Tbeonas
1864 323 1871 342 :
1892 315 1974 344 Inter
1988 315 2132 353 Diaconos
2148 327 2201 348 au-

1323 365 1383 390 tem
1393 356 1427 392 ἐν
1439 358 1626 396 Presbyteros
1640 382 1652 398 ,
1676 359 1740 391 cum
1756 363 1851 394 Arius
1865 367 2049 403 principium
2058 362 2177 406 baerefis
2187 389 2202 405 ,

1323 415 1385 439 tum
1404 407 1533 441 Achillas
1543 432 1554 447 ,
1581 408 1616 442 (τ’
1631 408 1709 440 alter
1729 406 1819 451 Arius
1832 433 1844 450 ,
1869 413 2048 455 quidamque
2058 403 2114 447 alii
2124 413 2204 458 eius-

1321 457 1387 490 dem
1395 456 1696 500 bonoriscscollegm
1722 468 1834 495 novem,
1845 471 1986 502 numero,
2012 475 2084 505 quos
2106 469 2201 500 etiam

1318 506 1444 544 synodus
1465 517 1581 541 centum
1603 513 1719 540 circiter
1739 507 1949 552 Epfioporum
1960 535 1972 552 ,
1996 519 2097 555 quiex
2106 517 2202 558 AEgy-

1314 563 1368 597 pto
1389 557 1423 590 (9
1445 557 1559 597 Lybia,
1583 565 1784 591 convenerant
1803 582 1814 599 ,
1837 560 2033 596 Anathemati
2051 561 2201 606 ficbjeli‘os

1313 605 1487 649 proscrspfit.
1514 606 1702 642 Alexander
1712 617 1794 642 tunc
1806 608 1888 644 vidit
1911 611 2012 646 sanai
2034 612 2122 647 Petri
2142 614 2203 648 Pa-

1317 655 1462 690 triarchae
1489 655 1700 702 Prophetiam
1729 658 1824 693 fuiffe
1862 670 1975 695 verum
2005 661 2198 698 charisma:

1318 706 1409 740 Hinc
1421 706 1490 749 ejus
1499 706 1688 743 Anathema
1700 707 1831 743 reduxit
1843 707 1879 743 in
1891 708 2021 744 Arium.
2055 713 2143 748 Eum
2167 714 2202 748 &

1317 756 1565 792 Communione
1575 759 1666 793 exuit
1675 783 1688 800 ,
1705 758 1739 793 δε
1749 758 1843 796 omni
1854 758 1966 795 Gradu
1978 785 1989 801 ,
2014 760 2094 797 citt&
2107 764 2201 807 spem

1316 807 1538 850 reparationis.

1365 855 1498 891 Novem
1517 882 1528 898 ,
1565 870 1649 902 quos
1671 858 1739 893 und
1764 871 1847 895 cum.
1868 859 2087 906 Haerefiarcba
2113 860 2199 897 Ario

1313 904 1480 941 damnavit
1489 908 1614 942 sanetus
1628 907 1817 945 Alexander
1827 909 1889 945 hac
1900 911 1935 945 in
1947 911 2085 955 Synodo
2105 937 2116 954 ,
2144 924 2203 946 no·

1313 955 1465 990 minatim
1475 958 1629 1001 exprimit
1641 958 1878 996 Theodoretus
1892 973 1900 993 ε
1925 963 2002 995 Sunt
2011 971 2113 996 autem
2125 967 2201 996 Hae·

1312 1011 1396 1038 retici
1408 1007 1606 1042 Anatbemate
1627 1010 1788 1051 damnati,
1815 1023 1853 1046 ex
1875 1011 2061 1051 Presbyteri:
2081 1015 2196 1054 Arius,

1310 1066 1348 1087 ex
1360 1059 1498 1090 Diaconis
1508 1057 1640 1092 Achillas
1653 1082 1664 1099 ,
1690 1063 1828 1103 Euzqius
1839 1086 1850 1102 ,
1863 1061 2012 1096 AEthales
2021 1087 2032 1103 ‚
2060 1065 2173 1096 Lucius
2186 1087 2199 1103 ,

1310 1107 1468 1139 Sarmatas
1482 1130 1493 1146 ,
1512 1108 1624 1150 Julius
1639 1131 1650 1147 ‚
1675 1111 1805 1150 Menas,
1831 1115 1923 1144 Arius
1943 1113 2019 1145 alter
2039 1136 2051 1153 ,
2077 1113 2112 1148 Θ
2132 1114 2201 1147 Hel-

1308 1156 1420 1188 ladius.
1449 1155 1504 1189 De
1517 1155 1603 1190 hisce
1613 1156 1705 1199 plura
1715 1157 1789 1191 dixi
1801 1160 1956 1201 superius.
1975 1162 2110 1196 Sanetus
2119 1161 2201 1206 Epi,-

1308 1204 1449 1248 phanius
1459 1206 1597 1240 affirmat
1610 1207 1793 1241 Sarmatam
1802 1207 1897 1242 fuisse
1917 1207 2200 1255 Presbyterum&

1307 1255 1363 1298 ipsi
1376 1255 1527 1300 adjungit
1547 1255 1780 1299 Presbyterum
1799 1256 1998 1302 Carponam.
2041 1260 2086 1295 Et
2105 1261 2197 1303 redte.
2213 1273 2318 1307 Haeres,

1308 1305 1442 1339 Etenim
1457 1304 1632 1348 Epistolae,
1648 1317 1748 1351 quam
1760 1306 1801 1341 ad
1812 1308 1955 1342 sanctum
1968 1307 2199 1348 Alexandrum
2213 1319 2261 1353 69.
2270 1325 2326 1347 ω.

1306 1356 1496 1399 scripserunt
1507 1366 1624 1390 omnes
1636 1354 1903 1394 anathematizati
1915 1382 1926 1398 ‚
1947 1359 2151 1396 subscribunt
2160 1359 2200 1397 hi

1304 1407 1491 1449 sequentes:
1520 1409 1610 1439 Arius
1623 1429 1634 1446 ‚
1660 1406 1808 1440 AEthales
1819 1432 1829 1448 ,
1845 1407 1977 1442 Achillas
1990 1434 2000 1451 ,
2011 1413 2172 1453 carpenas
2184 1434 2198 1452 ‚

1303 1457 1462 1489 sarmatas
1475 1481 1485 1496 ‚
1516 1459 1631 1500 Arius3
1659 1456 1837 1497 Presbyteri.
1865 1461 1990 1493 Diaconi
2002 1473 2013 1494 .-
2038 1463 2198 1504 Eazojus,

1305 1509 1414 1538 Lucius
1429 1529 1440 1546 ,
1458 1507 1595 1550 Julius,
1626 1509 1759 1548 Menas,
1785 1509 1965 1550 Helladius,
1985 1511 2092 1551 Gaius.
2121 1514 2208 1554 Epis

1299 1554 1380 1599 scopi
1402 1567 1409 1587 :
1450 1557 1603 1591 Secundus
1624 1559 1824 1600 Pentapolis,
1851 1558 1987 1592 Theonas
2010 1560 2197 1602 Africanus,

1306 1605 1402 1645 Pistus
1423 1629 1435 1646 ,
1468 1611 1520 1648 qui
1541 1607 1735 1642 Alexandriae
1755 1608 1794 1640 ab
1818 1612 1941 1643 Arianis
1962 1610 2115 1644 collocatus
2145 1610 2196 1652 est.

1304 1657 1387 1690 Sunt
1400 1666 1536 1689 nurnero
1549 1656 1656 1700 plures
1665 1681 1676 1698 ‚
1687 1669 1726 1692 ac
1737 1657 1851 1694 diversi
1863 1658 1988 1694 ordine.
2016 1660 2061 1694 Et
2071 1659 2198 1701 addun-

1303 1714 1357 1739 tur
1380 1704 1449 1739 duo
1473 1706 1637 1751 Episcopi.
1676 1707 1721 1742 Et
1743 1707 1942 1744 Haereticurn
1961 1710 2124 1754 spectrum
2135 1709 2198 1749 Pe-

1305 1753 1452 1789 triarchae
1463 1756 1695 1792 Alexandrini.
1722 1757 1806 1793 Haec
1817 1758 1965 1800 Epistola
1983 1759 2091 1793 exstat
2108 1759 2197 1804 apud

1304 1805 1473 1839 laudatum
1509 1804 1736 1849 Epiphaniam
1763 1828 1779 1848 ,s
1809 1806 1921 1850 estque
1956 1802 2283 1853 irrefragabilisffcap.
2302 1814 2331 1843 8.

1305 1854 1453 1891 Eandem
1476 1853 1662 1897 Ep1st01am
1682 1856 1742 1891 suo
1766 1855 1810 1892 de
1828 1855 2027 1892 Ariminensi
2038 1858 2199 1901 acseleu-¹
2214 1852 2225 1898 f

1304 1904 1402 1939 cienfi
1416 1902 1560 1948 Synodis
1570 1905 1675 1940 Libro
1686 1905 1824 1941 inseruit
1837 1908 1963 1943 sanctus
1984 1906 2200 1949 Athanasius„

1303 1954 1430 1990 Verum
1457 1953 1558 1988 de-est
1586 1955 1788 2000 subscriptio
1810 1980 1822 1997 ‚
1846 1957 1964 2003 grandi
1986 1958 2196 1995 Eruditionis

1302 2004 1436 2039 damno.
1474 2004 1611 2042 interitu
1634 2005 1720 2041 inter
1740 2007 1841 2041 sancti
1852 2007 1978 2042 Hilarii
1990 2007 2197 2045 Pistavienfis

1303 2053 1457 2098 Episcopi
1478 2055 1678 2100 Fragmenta
1701 2054 1860 2092 habemus
1882 2057 2065 2101 Epistolam
2094 2061 2196 2096 sanffl

1303 2104 1426 2139 Liber-ii
1437 2103 1615 2140 Pontificis
1622 2106 1664 2140 ad
1676 2105 1910 2150 imperatorem
1932 2108 2172 2146 Constantium
2181 2125 2197 2151 ς

1303 2155 1338 2189 in
1348 2166 1411 2198 qua
1424 2153 1580 2190 habemus
1591 2155 1822 2193 testimonium
1833 2157 1975 2203 dignum
1995 2159 2103 2193 aureis
2122 2159 2196 2196 Lit-

1304 2205 1400 2239 teris:
1427 2207 1554 2239 Manent
1567 2208 1681 2239 Ls'terae
1706 2207 1873 2242 Alexandri
1895 2206 2036 2251 Episcopi
2060 2209 2134 2244 olim.
2149 2210 2196 2242 ad

1302 2253 1482 2293 sylvestrum
1489 2253 1607 2296 sanllae
1619 2262 1768 2289 memoriae
1779 2256 1935 2297 destinata?
1946 2281 1956 2297 ‚
1973 2257 2196 2303 quibus-fignifi-

1305 2310 1391 2337 caevit
1405 2327 1417 2344 ,
1442 2313 1514 2338 ante
1535 2306 1748 2340 ordinationem
1771 2305 1923 2347 Athanafii
1942 2309 2078 2342 undecim
2090 2332 2102 2348 ,
2124 2318 2202 2342 tam

1307 2354 1493 2392 Presbyteros·
1503 2355 1595 2396 quam
1607 2361 1698 2388 etiam
1708 2359 1854 2389 Diaconos
1864 2381 1875 2398 ‚
1896 2358 1978 2399 quod
1988 2362 2052 2390 Arii
2063 2357 2195 2401 baerefim

1299 2403 1493 2448 sequerentur
1505 2428 1516 2444 ‚
1536 2402 1572 2446 se
1592 2404 1719 2447 Ecclesia
1741 2406 1856 2449 ejecisse.
1898 2407 1950 2440 Ex
1962 2405 2194 2446 Alexandrino

1305 2455 1405 2491 Clero
1415 2453 1498 2488 dicit
1511 2454 1604 2489 fuisse
1616 2455 1771 2490 undecim
1782 2466 1892 2499 praeter
1906 2455 2034 2493 Arium.
2075 2457 2120 2492 Et
2139 2467 2195 2493 tot

1306 2503 1406 2538 habet
1414 2503 1542 2538 exstans
1554 2504 1640 2547 apud
1651 2506 1798 2540 sanetum
1820 2504 2045 2550 Epiphanium
2064 2507 2195 2547 subscri·

1306 2555 1385 2597 ptio.
1413 2554 1457 2588 Et
1470 2553 1610 2588 totidem
1622 2555 1656 2590 Sc
1666 2555 1798 2591 eosdem
1818 2567 1967 2592 numerat
1990 2556 2192 2600 Eacyclica,

1305 2604 1347 2638 ad
1367 2615 1484 2638 omnes
1506 2603 1566 2638 sub
1585 2605 1671 2639 coelo
1695 2606 1876 2649 Episcopos
1899 2618 1942 2641 ex
1965 2605 2027 2641 hac
2046 2607 2192 2650 praesenti

1307 2654 1404 2688 samsti
1415 2653 1599 2688 Alexandri
1620 2655 1757 2697 Synodo
1780 2680 1792 2695 ,
1817 2656 1910 2691 missa
1931 2656 2098 2699 Epistola:
2127 2659 2193 2701 ,91ιέ

1305 2713 1405 2737 autem
1415 2702 1590 2744 defecerunt
1602 2704 1642 2736 ab
1653 2704 1781 2747 Ecclsfia
1791 2729 1803 2745 ,
1823 2703 1899 2748 sunt
1911 2711 2001 2739 Arius
2014 2730 2025 2747 ‚
2039 2705 2168 2743 Achillas
2178 2730 2191 2746 ,

1307 2752 1452 2786 AEthales
1464 2776 1475 2792 ,
1501 2756 1680 2795 Carponas,
1706 2758 1800 2787 Arius
1812 2756 1909 2797 alter,
1934 2759 2094 2799 Sarmatas
2105 2750 2191 2796 ,Eu-

1305 2805 1389 2844 zqius
1400 2826 1412 2842 ,
1438 2805 1548 2837 Lucius
1559 2827 1570 2843 ,
1589 2805 1745 2847 Julianus
1756 2829 1768 2845 ,
1796 2808 1903 2839 Menas
1917 2830 1927 2846 ,
1939 2802 2095 2841 &elladius
2105 2828 2116 2845 ,
2128 2809 2192 2840 Ga-

1297 2855 1353 2894 jus
1363 2877 1373 2893 ,
1398 2854 1548 2887 Secundus
1559 2859 1630 2888 item
1641 2865 1678 2888 ac
1689 2853 1826 2888 Theonas
1838 2879 1849 2895 ‚
1876 2862 1929 2898 qui
1948 2856 2023 2890 di&
2036 2853 2110 2898 fient
2121 2856 2190 2889 olim

1305 2901 1452 2945 Episcopi.
1503 2902 1618 2937 Palam
1645 2903 1784 2940 affirmat
1804 2903 1906 2941 etiam
1930 2904 2117 2942 secundum
2150 2916 2191 2940 ac

1303 2952 1483 2987 Theonam
1503 2953 1598 2986 fuisse
1621 2953 1796 2991 damnatos
1817 2954 1858 2990 ab
1881 2954 1943 2992 hae
1954 2953 2101 2998 synodo.
2140 2952 2190 2990 At

1302 3003 1430 3036 omittit
1439 3001 1575 3037 Pistum.
1604 3003 1852 3040 Damnatisunt
1870 3005 1904 3040 δε
1923 3003 2054 3048 plurimi
2074 3004 2190 3040 utrius-

1303 3065 1366 3096 que
1379 3053 1473 3086 sexus
1488 3075 1499 3091 ,
1525 3064 1562 3086 ac
1574 3054 1735 3090 variarum
1747 3055 1931 3091 Civitatum
1943 3062 2041 3097 atque
2053 3053 2189 3089 Provin-

1302 3104 1426 3137 ciarum
1438 3102 1539 3137 Laici.
1554 3103 1691 3140 Etenim
1704 3106 1739 3138 in
1751 3104 1817 3139 sola
1828 3102 2053 3140 Alexandrina
2063 3103 2187 3138 Metro-

1302 3153 1371 3196 poli
1382 3153 1483 3187 Arius
1507 3152 1675 3188 seduxerat
1700 3154 1920 3198 septingentas
1942 3153 2054 3187 Sacras
2076 3154 2186 3199 Virgi-

1302 3214 1369 3236 nes.
1405 3201 1531 3236 Verum
1542 3202 1857 3253 suntfeonglobatim
1876 3201 2034 3238 damnati.
2073 3203 2188 3240 Nemo

1303 3253 1367 3287 fuit
1378 3253 1580 3288 nominatim
1589 3254 1760 3296 expressus.

1352 3301 1471 3336 Aureis
1482 3302 1618 3337 Litteris
1630 3304 1666 3337 in
1688 3301 1817 3337 laudata
1836 3302 1936 3338 saneti
1962 3301 2091 3339 Liberii-
2109 3303 2187 3347 Epi-

1303 3352 1383 3387 stola
1394 3351 1582 3387 scribendus
1593 3352 1747 3389 articulus
1757 3351 1803 3386 est
1815 3376 1827 3392 ‚
1851 3351 1941 3396 quod
1963 3351 2038 3387 Arii
2051 3353 2084 3387 ὅ(
2096 3353 2187 3388 Con-

1304 3413 1480 3446 gerronum
1490 3401 1737 3437 damnationem
1749 3425 1761 3441 ,
1786 3401 1820 3436 ὅ(
1838 3401 1964 3446 reliqua
1975 3401 2072 3446 hujus
2081 3403 2188 3446 Syno-

1303 3452 1337 3485 di
1361 3451 1444 3486 Asta
1466 3453 1590 3485 sanctus
1611 3450 1797 3484 Alexander
1813 3451 1959 3487 retulerit
1979 3452 2021 3486 ad
2041 3453 2186 3487 faustum

1303 3501 1505 3545 Sylvestrum
1515 3500 1712 3539 Pontificem
1724 3512 1762 3539 ac
1783 3501 1983 3557 Romanam,
1997 3502 2184 3587 Ecclesia?-

2161 3562 2187 3585 R
