2346 3776
52 2575 83 2611 ξ..
93 2577 151 2605 8.c.
162 2581 208 2606 21.

587 156 897 209 SCHoLlls,
923 155 1003 202 ὲτ
1029 164 1218 204 N-o’ris
1246 159 1671 203 intus-raram·

1871 169 1971 218 247

217 244 373 288 plebisque
381 238 775 286 confinsuMetropolitanus
797 233 964 278 Epifiopus
976 235 1118 277 adsue-l
1162 234 1343 278 Episcopus
1366 240 1496 276 poterat
1522 231 1726 277 Episcopum
1747 234 1917 272 ordinare.
1943 238 2048 274 Vole-

214 302 390 331 rernttarem
411 301 496 326 tuam
526 289 641 331 referat
662 312 673 329 ,
698 287 834 330 quodque
868 290 901 317 in
929 287 1093 319 Provincia

212 345 441 387 beneplacuit,
460 339 541 385 fiire
564 339 721 382 tefaciat,
745 345 781 370 ut
805 335 1024 369 ordinationem
1034 337 1092 370 rite*

210 394 421 431 celebrandam
448 400 503 425 tua
526 402 639 434 quoque
664 389 766 433 firmet
789 385 953 419 aue‘zornas
978 409 987 416 .
1016 385 1105 420 Pro--

213 456 285 492 pter
293 444 432 478 nimiam
442 441 484 477 ab
491 441 573 476 urbe
582 439 772 476 distantiam
784 437 823 473 in
832 435 1017 470 Provinciis
1027 436 1094 471 illis

210 497 301 531 vices
312 495 384 529 suas
395 494 563 537 Episcopo
582 486 864 525 Theffalonicenfi
884 487 1093 528 commiserat
1131 515 1134 521 Ε

211 545 311 582 Sedes
324 543 539 589 Apostolica,
565 538 758 584 ideoqueab
782 536 845 575 illo
867 548 937 571 non
962 537 1093 572 tantum

211 595 525 640 Metropolitanus,
543 592 655 633 sed&
676 587 938 625 Provincialium
961 587 1095 631 Episco-

211 657 332 693 porum
345 646 495 691 praeviarn
507 641 795 678 confirmationem
812 637 943 682 jubebat
953 636 1020 682 peti
1030 640 1094 672 vir·
1130 638 1133 657 ῗ

211 706 284 734 tute
297 696 448 731 Canonis
457 693 618 739 praesentis
627 717 635 725 .

264 749 303 782 In
315 747 434 782 eodem
444 744 600 780 fundatur
613 740 774 777 violentia
786 736 909 772 Hilarii
921 735 1091 771 Arelaten-

212 799 252 833 {is
262 797 420 842 Episcopi
430 797 466 830 in
488 793 733 828 Armentarium
747 788 1014 824 Ebredunensem
1022 787 1096 821 Me·

211 848 438 893 tropolitam,
467 845 635 888 variosque
655 841 733 876 hinc
755 839 832 882 inde
853 837 1093 873 provinciales.

212 898 278 938 Per
287 898 412 932 vicinas
419 893 654 929 Provincias&
665 891 896 930 Primatum&
907 889 994 923 vices
1007 888 1096 932 Apo·
1107 898 1109 902 “

211 948 346 983 fiolicas
372 943 587 990 praetendebat
598 942 771 982 Hilarius,
799 940 939 983 ideoque
965 937 1095 972 nullum

213 998 417 1042 Episcopum
426 997 492 1030 sine
500 995 548 1029 sui
561 993 751 1034 licentia,&
762 990 878 1026 litteris
887 988 1019 1025 volebat
1026 1000 1094 1033 pro·
1105 1012 1116 1048 4
1130 1027 1134 1036 ι
1158 1038 1279 1072 secare
1329 1036 1437 1084 ΨΜ
1452 1037 1487 1071 &
1510 1035 1612 1071 hocne
1634 1036 1854 1082 Metropolim

212 1059 359 1083 moveri.

264 1096 360 1132 Hinc
373 1097 452 1131 item
463 1093 664 1139 intelligitur
683 1092 856 1127 obscurum
871 1089 1036 1124 decretum
1049 1089 1109 1132 si·-

211 1148 285 1182 ricii
309 1147 484 1182 Pontificis
496 1146 536 1179 ad
550 1143 726 1178 Ecclesiam
748 1142 962 1176 Africanam:
988 1143 1096 1180 Extra

207 1196 418 1240 conscientiam
439 1197 524 1230 Sedis
552 1194 715 1237 quflolicae
728 1217 738 1232 ,
763 1192 813 1225 hoc
835 1191 874 1232 est
887 1215 898 1231 ,
924 1192 1072 1224 Prtmam
1081 1214 1093 1230 ,

212 1249 312 1286 ,nullus
326 1248 439 1285 audeat
448 1247 589 1279 ordinare
598 1269 605 1276 .
633 1240 902 1287 Carthaginensis
914 1239 1094 1285 Episcopus

213 1307 281 1333 erat
292 1299 395 1332 totius
405 1296 596 1335 Dioeceseos
605 1292 771 1327 Africanae
795 1290 925 1325 Primas
937 1314 947 1330 ,
970 1301 1038 1324 non
1049 1298 1096 1324 ta·

213 1359 292 1383 men
304 1344 541 1388 autocephalus
551 1369 562 1384 ,
589 1342 748 1385 quoniam
775 1340 866 1375 Sedis
893 1339 1096 1383 Apostolicae

212 1395 277 1442 juri
287 1394 508 1432 Patriarch‘ico
521 1392 679 1436 subiestus
690 1416 698 1424 .
716 1390 948 1427 Nihilominus
958 1389 1097 1433 sigonius

212 1447 332 1494 praevia
342 1443 599 1493 licentia,nullus
612 1453 668 1487 per
681 1441 872 1484 Provincias
881 1441 996 1485 prima
1005 1439 1096 1481 Sedis

1162 284 1338 320 batautem
1351 280 1437 316 hauc
1449 283 1541 319 suam
1563 282 1735 319 licentiam
1757 285 1858 319 etiarn
1879 289 2045 330 sufficere,

1160 345 1244 378 opus
1257 344 1324 368 nou
1331 332 1400 373 effe
1410 332 1568 367 Romana
1578 331 1792 372 patriarchali
1803 333 1936 370 licent-ia
1949 361 1960 377 ,
1986 337 2043 372 ha-

1160 382 1395 427 berequeistud
1405 382 1531 427 aliquid
1548 382 1784 428 autocephaliae
1795 408 1802 416 .
1830 383 1880 418 At
1892 385 2045 421 interces-

1158 435 1196 468 fit
1204 432 1515 474 SiriciusPoutifex,
1524 433 1638 470 dicens
1648 432 1917 479 Autocephalum
1925 434 2044 470 Africae

1157 483 1335 518 primatem
1347 483 1479 519 nullum
1489 485 1574 525 esse,
1600 485 1661 518 nisi
1688 485 1883 521 Romanum
1910 485 2045 529 Episco-

1157 546 1255 578 pum,
1282 533 1426 578 ideoque
1446 534 1515 569 fine
1534 533 1602 577 ejus
1623 534 1760 570 licentia
1776 546 1848 570 non
1871 535 2044 580 poffeistic

1158 585 1340 630 Episcopos
1351 583 1452 624 creari
1464 609 1472 616 .
1931 592 1934 595 ’

1205 634 1268 669 Per
1287 634 1467 679 Hispanias
1477 634 1581 675 item,
1609 634 1757 676 Gallias,
1782 635 1927 680 aliasque
1946 634 2047 672 Occi-

1155 684 1264 720 dentis
1286 685 1479 720 Provincias
1491 684 1613 720 Canon
1633 684 1762 719 dudum
1783 697 1853 720 non
1875 685 2046 721 obtinuit.

1157 736 1210 769 Ex
1237 735 1340 770 causis
1350 733 1545 779 Apostolica
1571 733 1670 770 Sedes
1686 734 1824 770 credidit
1848 735 2048 780 Metropoli-

1156 786 1212 826 tis,
1240 797 1323 830 quos
1332 786 1367 820 &
1378 786 1465 830 ipsos
1475 785 1619 830 permisit
1631 785 1673 820 ab
1683 796 1802 821 eorum
1829 785 1969 829 Synodo
1979 786 2047 820 fine

1157 837 1211 870 sua
1221 834 1337 880 praevia
1349 835 1482 870 licentia
1491 834 1661 875 ordinari,
1687 836 1745 879 qui
1767 845 1903 876 tamen,
1929 834 1980 869 uti
2002 835 2045 874 ad
2059 843 2095 874 C.
2105 851 2153 880 73,

1158 886 1317 934 Bulgaros
1338 883 1452 921 scribit
1477 885 1640 924 Nicolaus
1663 886 1790 931 primus
1809 911 1820 927 ,
1856 886 2046 931 priusquam

1157 935 1302 974 Pallium
1319 936 1432 971 Roma
1443 937 1625 980 reciperent
1635 960 1646 977 ,
1674 937 1709 970 in
1720 935 1845 971 throno
1856 936 1964 972 sedere
1973 947 2046 971 non

1155 995 1308 1030 poterant
1318 1011 1329 1028 ,
1355 998 1416 1021 nec
1427 986 1590 1032 quidquid
1603 987 1660 1021 nisi
1672 985 1816 1024 Domini
1836 997 1894 1022 cor
1918 997 2047 1022 usconr

1931 1034 2048 1072 lisbur-

1155 1087 1261 1132 gensis
1290 1083 1365 1121 suos
1383 1088 1604 1132 suffraganeos
1633 1087 1769 1122 ordinat
1789 1088 1859 1121 fine
1890 1087 2048 1122 Romana

1130 1135 1292 1171 “licentia
1318 1162 1326 1169 .
1364 1136 1493 1172 Verum
1529 1135 1761 1180 dispensatorie
1791 1145 1908 1171 contra
1935 1136 2049 1171 Cano-

1158 1198 1232 1221 nes.
1260 1187 1374 1235 Qare
1386 1187 1568 1232 Gregorius
1579 1186 1734 1231 septimus
1749 1211 1760 1227 ‚
1785 1185 1866 1221 dum
1887 1187 2047 1225 omnium

1157 1237 1193 1271 in
1218 1236 1406 1272 Occidente
1427 1261 1440 1278 ,
1476 1237 1512 1271 <Sc
1537 1237 1769 1281 Septentrione
1804 1237 2048 1281 Episcoporum

1157 1287 1447 1323 confirmationem
1483 1286 1590 1322 voluit
1624 1286 1735 1321 Roma
1762 1296 1840 1322 ante
1866 1287 2048 1321 ordinatio-

1132 1379 1134 1383 ¹
1158 1349 1234 1372 nem
1259 1338 1347 1386 peti,
1373 1348 1603 1382 nequaquam,
1627 1338 1679 1372 uti
1697 1336 1810 1372 dixere
1843 1337 1913 1380 ejus
1934 1337 2049 1378 adver-

1161 1387 1261 1428 sarii,
1281 1399 1405 1423 novam
1428 1387 1540 1433 ‘legem
1562 1387 1694 1431 invenit
1710 1411 1722 1428 ,
1744 1386 1799 1430 sed
1818 1386 1961 1428 restituit
1984 1386 2050 1426 Ni·
2108 1410 2119 1420 ,

1159 1448 1301 1474 caeuam.

701 1662 1257 1725 CANON
1369 1660 1568 1722 VII,

435 1895 517 1946 pus
552 1878 812 1936 honoretur,
849 1876 1007 1931 habeat
1044 1877 1219 1927 honoris
1232 1874 1588 1943 consequentiam
1602 1910 1615 1935 ,
1651 1873 1767 1924 salva
1793 1876 2058 1944 Metropolis

219 1809 489 2001 Qiia
522 1803 787 1861 consuetudo
821 1805 1015 1861 obtinuit
1037 1843 1051 1867 ‚
1086 1810 1130 1856 &
1164 1807 1348 1872 antiqua
1383 1802 1566 1860 traditio
1582 1841 1595 1864 ,
1632 1819 1681 1853 ut
1717 1805 1841 1853 AEliae
1877 1803 2057 1872 Episco-

471 1950 648 2016 propria
679 1945 898 2009 dignitate
909 1983 922 1999 ,

461 2090 882 2140 SCHOLION..

329 2186 563 2230 lerosolymam
592 2211 603 2227 ,
640 2182 824 2230 Judaeorirm
862 2185 1103 2230 Metropolim,

221 2278 223 2281 y
355 2236 514 2275 destruxit
535 2261 546 2276 ,
573 2248 611 2270 ac
637 2235 885 2280 Metropolitica
920 2236 1105 2280 dignitate,

219 2289 406 2323 Caesaraeam
430 2286 586 2327 translata
603 2311 614 2326 ,
639 2287 777 2330 privavit
799 2286 1015 2330 Vespasianus
1035 2285 1106 2319 Au-

219 2338 334 2382 gustus
354 2349 410 2382 per
430 2337 538 2373 filium
564 2337 686 2370 Titum
707 2349 717 2380 ;
755 2337 960 2376 reaedificavit
989 2336 1105 2370 AElius

221 2387 411 2430 Adrianus,
436 2387 679 2433 appellavitque
700 2385 831 2421 AEliam
851 2387 894 2421 de
916 2388 975 2421 suo
1000 2387 1107 2420 nomi-

221 2449 264 2471 ne
285 2462 296 2478 ‚
325 2450 395 2472 non
415 2438 547 2473 tantum
570 2437 697 2480 Judaeos
718 2448 855 2481 omnes,
883 2436 937 2474 sed
963 2438 997 2471 ὃ(
1021 2438 1105 2470 anti-

223 2498 328 2530 quum
339 2486 422 2520 illud
435 2498 557 2521 nornen
576 2486 738 2521 damnans
758 2487 893 2530 capitali
906 2487 1029 2521 exilio.

275 2536 371 2570 Hinc
396 2535 482 2580 apu'd
502 2534 682 2570 Eusebium
706 2537 933 2577 Firmilianus,
967 2537 1108 2571 Caesarae·

223 2587 349 2621 ensium
364 2587 545 2620 Proconsul
561 2609 571 2624 ,
596 2585 784 2630 Pamphylo
808 2587 956 2629 Martyre
976 2586 1108 2621 dicente

224 2637 364 2682 patriam
391 2637 480 2670 suam
507 2637 570 2670 effe
593 2637 761 2670 civitatem
782 2634 1015 2676 Hierusalem,
1039 2648 1108 2678 quae

226 2687 350 2725 tandem
361 2687 490 2730 effetilla
500 2691 635 2726 civitas,
660 2688 694 2727 (9
716 2686 767 2718 ubi
779 2695 928 2720 terrarum
943 2685 1024 2729 fita,
1054 2698 1106 2729 pe-

226 2737 319 2772 nitus
340 2736 530 2780 ignoravit,
556 2747 612 2769 aut
634 2736 665 2770 se
678 2736 829 2780 ignorare
850 2737 966 2773 finxit.
998 2737 1108 2774 Etiam

226 2785 413 2822 Christiani
433 2786 668 2829 Imperatores,
694 2786 770 2820 licet
793 2786 966 2830 Episcopi,
989 2787 1024 2821 ἀ
1051 2786 1109 2820 alii

228 2836 342 2875 fideles
369 2847 485 2869 vocem
522 2835 713 2878 Hierosolyma
745 2837 857 2880 passim
888 2838 1109 2878 resumerent,

229 2887 396 2933 perstitere
408 2885 532 2919 dudum
546 2886 578 2918 in
593 2887 656 2919 suis
668 2886 808 2931 legibus,
834 2887 867 2920 &
880 2887 1040 2930 rescriptis
1054 2897 1111 2924 vo-

228 2947 304 2972 care
317 2935 446 2971 AEliam
471 2944 569 2978 atque
590 2935 789 2979 Episcopum
802 2936 918 2971 AElien
926 2938 1008 2971 sem.

280 2986 484 3020 Hincmarus
496 2985 665 3019 Remenfis
677 2987 872 3029 Episcopus,
898 2989 984 3022 Otto
995 2986 1111 3020 Frisiu-

230 3038 338 3081 genfis
359 3060 369 3076 ,
397 3047 434 3069 ac
456 3034 657 3069 Theodorus
679 3036 852 3074 Balsamon
875 3047 990 3080 putant
1011 3036 1112 3071 AEliae

232 3087 433 3130 Episcopum
455 3084 496 3119 ab
518 3085 582 3119 hoc
593 3085 733 3120 Canone
753 3086 837 3131 erigi
863 3087 898 3120 in
920 3087 1112 3127 Primatem,

232 3146 289 3171 aut
315 3134 559 3174 Patriarcham.
589 3134 726 3171 Errant.
768 3136 902 3174 Etenim
931 3135 1111 3181 Apostoli,

179 3188 183 3192 '
233 3185 486 3224 Ecclesiasticam
501 3184 727 3222 Hierarchiam
742 3185 901 3220 Romanae
911 3186 1111 3230 Reipublicae

234 3236 542 3276 accommodantes,
569 3235 742 3269 Palaestinae
767 3235 950 3270 Provincia:
986 3237 1110 3272 Metro·

235 3285 340 3328 polim
365 3288 499 3330 posuere
512 3287 717 3325 Caesaraeam,
746 3286 858 3320 sanstae
878 3296 988 3320 tamen
999 3287 1112 3326 civita-

234 3332 262 3373 ti
284 3357 296 3373 ‚
321 3334 378 3371 ubi
401 3337 571 3374 Dominus
592 3336 797 3381 glorificatus
817 3360 827 3375 ,
854 3336 984 3380 ejusque
1005 3336 1111 3380 primo

236 3383 423 3427 Episcopo,
450 3386 573 3429 Iacobo
595 3385 761 3430 Apostolo
781 3410 792 3426 ‚
819 3384 981 3425 honorare
1002 3386 1112 3424 volen-

237 3444 308 3473 tes,
335 3432 492 3471 dederuht
511 3435 648 3476 honoris
667 3436 938 3479 consequentiam
954 3460 964 3476 ,
990 3435 1025 3477 id
1042 3436 1087 3470 est
1101 3461 1111 3477 ,

238 3483 382 3526 primum
408 3482 519 3521 locum
545 3486 617 3530 post
643 3486 897 3530 Metropolitam
926 3510 936 3526 ,
970 3496 1008 3520 ut
1033 3488 1110 3521 esset

236 3532 422 3574 Provinciae
450 3534 539 3573 illius
562 3535 807 3576 Protothro‘nus
831 3561 843 3583 ,
879 3535 975 3583 plene
1000 3547 1109 3576 tamen

1146 2106 1148 2109 ·
1169 2087 1324 2130 subjectus
1334 2085 1409 2121 Sedi
1431 2085 1648 2123 Caesaraeensi.
1677 2087 1797 2120 Hocce
1809 2085 1975 2128 utriusque
1996 2085 2060 2120 Ec-

1168 2138 1269 2172 clefiae
1291 2136 1501 2182 privilegium
1515 2136 1693 2175 confirmat
1715 2135 1825 2170 noster
1836 2135 1956 2170 Canon
1971 2160 1982 2177 ,
2007 2135 2059 2170 uti

1168 2188 1272 2232 liquet
1287 2198 1327 2222 ex
1340 2188 1459 2222 Sancto
1472 2187 1688 2230 Hieronymo
1700 2210 1711 2226 ,
1737 2187 1771 2220 in
1791 2186 1935 2230 Epistola
1948 2186 2057 2220 adver-

1167 2238 1221 2272 sus
1243 2248 1364 2272 errores
1391 2236 1527 2281 Ioannis
1552 2237 1854 2280 Hierosolymitani
1880 2236 2058 2279 Episcopi,

1167 2288 1299 2322 dicente
1326 2313 1338 2329 ,
1376 2285 1558 2322 secundum
1585 2288 1743 2322 Nicaenos
1771 2286 1928 2324 Canones
1955 2287 2061 2329 totius
2120 2324 2127 2332 ·
2212 2327 2214 2329 ‚

1167 2338 1316 2373 Orientis
1327 2337 1550 2381 Metropolim
1572 2338 1637 2378 ,esse
1651 2336 1870 2371 Antiochiam
1884 2361 1894 2377 ,
1921 2335 2062 2375 Palaesti-
2077 2323 2213 2396 52'3’61·

1167 2400 1216 2425 nai·
1242 2398 1352 2422 autem
1376 2388 1584 2427 caesaraeam,
1611 2387 1703 2430 cujus
1724 2388 1961 2430 Hierosolyma
1990 2398 2061 2430 non
2096 2387 2102 2394 '
2147 2387 2155 2396 ²

1167 2439 1223 2479 sit,
1252 2438 1310 2471 nisi
1325 2436 1486 2475 parochia
1502 2437 1704 2481 suffraganea
1717 2463 1724 2469 .
1752 2437 1856 2485 Qod
1887 2437 1975 2471 idem
1996 2447 2060 2475 tra-

1168 2488 1218 2522 dit
1229 2489 1362 2522 Sanetus
1375 2486 1581 2531 Epiphanius
1602 2488 1636 2521 in
1649 2487 1799 2530 Epistola
1822 2486 1992 2528 adversum
2000 2486 2062 2522 ob-

1168 2538 1248 2582 jeEta
1258 2538 1403 2582 ejusdem
1429 2537 1582 2581 Joannis.
1613 2537 1656 2571 Et
1676 2536 1755 2571 hinc
1785 2536 1895 2571 statim
1917 2538 1986 2580 post
1999 2538 2062 2572 Ni-

1170 2600 1291 2623 caenam
1305 2587 1479 2629 synodum
1505 2586 1648 2627 Aeacius
1660 2588 1791 2627 luscus,
1818 2586 1974 2627 Eusebii,
2000 2587 2060 2631 qui

1170 2637 1311 2683 Synodo
1331 2638 1520 2672 interfuerat
1535 2662 1546 2677 ,
1572 2638 1606 2671 in
1631 2637 1849 2680 Metropolim
1871 2637 2059 2671 Caesaraeen-

1171 2685 1235 2726 sem
1248 2689 1408 2722 successor
1419 2713 1430 2729 ,
1459 2688 1648 2725 Maximum
1670 2687 1910 2729 Hierosolyma
1923 2687 2059 2730 Episco-
2073 2709 2193 2741 Socra-l
2208 2721 2222 2741 ι

1175 2750 1276 2782 pum,
1303 2748 1472 2782 tamquam
1484 2739 1577 2774 suum
1587 2737 1828 2781 suffraganeum
1841 2736 1982 2779 dejecit,
2008 2738 2059 2771 in·
2072 2758 2150 2786 030,
2196 2732 2203 2740 ’
2227 2732 2235 2742 ’

1170 2789 1325 2830 trusitque
1340 2787 1527 2831 Cyrillum.

1222 2838 1354 2878 Edendi
1365 2837 1515 2872 Canonis
1542 2837 1675 2871 causam
1695 2836 1817 2871 docent
1830 2837 1987 2871 successus
2000 2848 2058 2881 po-

1173 2888 1337 2924 steriores.
1366 2889 1436 2931 Jam
1462 2887 1568 2921 distos
1592 2887 1683 2927 enim
1709 2886 1871 2921 Acacium
1897 2887 1931 2929 ᾇ
1948 2887 2057 2931 Cyril-

1174 2940 1243 2973 lum
1257 2964 1268 2983 ,
1280 2937 1518 2975 Theodoretus
1530 2936 1638 2971 scribit
1662 2936 2057 2981 scandalosedigladiatos

1174 2989 1267 3024 fuisse
1277 2988 1396 3034 dejure
1409 2987 1661 3030 Metropolitico
1670 3010 1684 3027 ,
1711 2987 1868 3032 additque
1899 2988 2058 3022 Zosome-
2074 2988 2133 3015 L·²-·
2157 2993 2232 3021 (ιτ-4-

1176 3050 1236 3072 nus
1247 3040 1492 3073 exaustoratum
1503 3036 1669 3080 Cyrillum
1680 3036 1699 3070 ὲ
1710 3038 1848 3080 Synodo
1873 3037 2057 3073 Seleucien·

1176 3089 1196 3122 si
1212 3101 1218 3120 :
1248 3089 1342 3131 ,Quod
1351 3090 1434 3122 velut
1445 3088 1531 3121 §edis
1553 3085 1718 3128 Apostolicae
1729 3087 1857 3129 Antistes
1869 3099 1935 3121 cum
1955 3093 2057 3122 Acacto
2074 3099 2212 3140 Epist.62.

1177 3140 1215 3178 ,de
1216 3142 1249 3183 J
1252 3150 1304 3172 ure
1317 3138 1544 3179 metropolitano
1554 3135 1714 3181 dtffenstffet
1726 3162 1733 3170 .
1761 3138 1874 3172 Etiam
1895 3138 1964 3183 ejus
1979 3139 2058 3173 Suc·
2074 3152 2088 3172 c
2105 3152 2132 3178 3·

1175 3188 1277 3222 cessor
1289 3188 1430 3230 Ioannes
1443 3211 1454 3227 ,
1472 3186 1522 3221 uti
1533 3187 1643 3230 culpat
1656 3188 1790 3222 Sanstus
1802 3189 2032 3232 Hieronymus
2046 3214 2057 3234 ,

1176 3237 1314 3282 jactabat
1337 3237 1368 3271 se
1391 3235 1509 3271 habere
1531 3235 1723 3276 Cathedram
1734 3237 1942 3280 quliolicam,
1969 3239 2059 3273 ideo-

1176 3300 1239 3332 que
1251 3287 1487 3323 Caesaraeensem
1512 3286 1712 3331 Episcopum
1733 3288 1768 3322 in
1782 3284 2058 3333 Metropolitam,

1177 3336 1429 3380 Antiochenam
1455 3337 1489 3370 in
1502 3335 1726 3374 patriarcham
1748 3338 1883 3376 uolebat
1904 3339 2059 3385 agnosce-

1177 3400 1226 3422 re.
1254 3387 1413 3422 Attamen
1438 3385 1701 3423 nihilobtinuit:
1729 3388 1889 3429 Etenim,
1915 3390 1964 3423 uti
1982 3389 2058 3422 San·
2074 3408 2226 3443 Luc-54-

1176 3440 1243 3472 &us
1264 3436 1470 3483 Augustinus
1492 3437 1580 3472 testis
1600 3436 1647 3476 est
1670 3438 1705 3472 in
1728 3438 1818 3473 libris
1837 3449 1950 3474 contra
1962 3438 2057 3481 Julia-

1179 3499 1258 3521 num
1276 3513 1287 3529 ,
1315 3486 1553 3531 Diospolitanae
1578 3499 1692 3523 contra
1719 3487 1890 3533 Pelagium
1917 3485 2057 3529 Synodo

1178 3550 1247 3574 non
1274 3538 1340 3587 ipse
1364 3536 1529 3587 presedit,
1554 3537 1609 3575 sed
1635 3537 1797 3584 Eulogius
1823 3535 2056 3626 Caesarassenfis,

1960 3594 2011 3631 ius

2073 2908 2103 2936 L.
2112 2916 2137 2936 2.
2157 2914 2233 2941 c.27‚
