2346 3776
647 87 1082 144 DissERTATm

193 173 367 211 canonica
386 170 485 211 sandi.
499 169 653 212 Dionyfii
677 169 719 204 ad
741 169 916 204 Basilidem
935 169 1065 213 Episco-

192 235 272 269 pum
282 217 316 260 &
324 223 445 259 Filium
455 216 692 263 Epistola.Filii
701 220 816 254 titulus
826 219 949 261 evincit
960 220 1064 263 ipsum

190 275 286 310 fuisse
295 270 466 311 subditum.
495 269 540 303 Et
559 268 644 304 certe
662 279 719 303 aut
740 269 956 313 Metropolita
977 271 1040 304 fuit
1053 295 1063 310 ,

191 333 250 360 aut
259 320 407 366 mediavit
417 319 459 353 acl
470 317 687 364 Augustalem
695 318 964 355 Provinciam.Hi
975 322 1065 354 enim

190 371 255 413 soli
262 371 377 406 referre
386 379 538 413 poterant
557 369 747 404 immediate
768 370 811 406 ad
832 369 1074 406 Patriarcham„

187 421 392 462 Hac-omnia
402 419 628 456 demonstrant
639 420 697 455 sub
707 420 862 462 Dionyfii
868 411 1075 454 patriarcha-I

184 468 427 515 tuAEgyptum
436 471 530 506 fuiffe
550 471 682 515 plenam
700 466 873 514 Episcopis
886 494 897 510 ,
923 460 1073 514 ideoque

57 514 152 550 Li¹³··⁷·
182 519 274 564 ipsos
283 520 303 556 ὲ
315 520 489 556 Demetrio
501 532 572 555 non
583 521 720 565 coepiffe.
748 518 910 556 Eusebius
920 530 1065 565 praeterea

55 563 118 593 αἶ’·
128 564 172 592 19·
181 568 294 604 laudat
303 569 388 605 duos
393 571 550 615 Dionysii
558 571 659 606 libros
665 579 780 605 contra
789 570 1067 614 Chyliastas‚quo-

181 630 258 656 rum
276 618 404 662 Auster
425 623 530 656 fuerat
552 622 666 665 Nepos
686 619 834 666 AEgypti
856 621 1039 665 Episcopus
1056 643 1066 658 ‚

179 677 264 705 tunc
275 669 456 706 defimems.
482 672 681 715 Hincjpfius
694 671 802 706 solum
813 672 950 716 Dogma
960 697 972 713 ,
993 680 1062 704 non

181 717 360 755 Personam
368 721 549 765 Dionysius
558 721 736 763 damnavit.
763 722 867 772 Qod
880 719 1000 765 nempe
1011 719 1064 754 de-

180 769 311 807 fundos
321 771 357 811 in
366 771 514 806 Ecclefiae
523 783 603 815 pace
622 772 783 806 Do&ores
805 770 885 817 aegre
903 770 1024 806 damna
1031 782 1064 803 n-

180 817 380 855 dosduceret
400 819 603 866 Antiquitas.
632 821 713 871 Qio
730 821 886 864 Dionysii
906 820 1063 863 exemplo

178 868 276 904 suum
292 867 334 903 de
356 869 460 906 tribus
479 870 642 914 Capitulis
663 872 894 906 Constitutum
915 869 1063 907 defendit

179 916 271 961 Papa
293 917 450 965 Vigilius.
477 921 589 970 Qare
611 921 727 965 Nepos
748 922 877 956 videtur
897 920 1062 963 Dionyfio

180 966 277 1002 fuifle
293 969 429 1013 ignotus
441 995 452 1011 ‚
478 982 516 1005 ac
539 979 616 1007 ante
631 971 700 1015 ejus
722 982 850 1008 aetatem
869 971 1040 1007 defunctus
1051 993 1062 1010 ‚

175 1015 321 1061 idquue
330 1019 424 1055 fuisse
432 1020 615 1065 Episcopus
625 1033 702 1059 ante
713 1023 935 1058 Demetrium.
1054 1049 1058 1057 »

226 1068 311 1103 Haec
321 1071 437 1106 omnia
441 1071 566 1116 grande
574 1073 674 1107 robur
684 1074 851 1116 accipiunt
862 1085 902 1107 ex
923 1066 1059 1116 Adrianj

178 1116 390 1162 Imperatoris
406 1121 450 1155 ad
472 1123 668 1158 Servianum
688 1122 871 1156 Consulem
894 1117 1038 1165 Epistola
1049 1142 1059 1158 2

175 1171 244 1212 gui
253 1168 351 1220 nobis
359 1171 395 1204 in
408 1172 588 1205 Saturnino
600 1172 735 1206 servavit
745 1172 877 1206 Flavius
889 1170 1058 1214 Vopiscus:

176 1219 346 1261 AEgyptum
358 1242 369 1259 ,
377 1231 470 1262 quam
474 1219 548 1255 mibi
557 1222 707 1256 laudabas
714 1245 726 1260 ‚
738 1229 832 1254 totam
843 1223 934 1254 didici
943 1222 1060 1266 levem?

173 1269 343 1310 peada-lm
354 1292 366 1308 ‚
386 1270 421 1305 Θ
428 1270 581 1304 adomnia
593 1269 695 1310 famae
713 1278 863 1303 momenta
874 1271 1061 1304 volitantem}

175 1317 230 1353 iai,
238 1323 290 1358 qut
297 1319 435 1358 serapim
442 1318 552 1356 colunt,
558 1316 799 1361 Christianisunt
810 1343 821 1359 ,
832 1320 867 1352 (9
878 1320 982 1352 devoti
988 1317 1061 1362 sunt

172 1365 283 1407 serapi
293 1389 304 1404 ,
316 1371 368 1408 qui
373 1364 409 1408 sie
421 1369 590 1401 CHRISTI
604 1366 766 1410 Epist-opos
777 1378 895 1402 vocant.
909 1367 1060 1412 ‘Impera-

174 1421 230 1448 tor
250 1413 416 1449 Adrianus
426 1427 532 1451 rerum
554 1415 815 1453 Christianarum
835 1419 899 1453 fuit
919 1416 1062 1453 omnino

175 1464 309 1507 peritus.
334 1465 428 1500 Hinc
434 1468 525 1501 enim
535 1467 575 1500 ad
594 1467 739 1510 ipsorum
761 1469 986 1502 imitationem
1006 1479 1061 1501 ex-

175 1514 281 1548 truxit
291 1516 414 1558 templa
424 1515 489 1550 fine
498 1515 720 1552 Simulachris.
749 1517 896 1552 Proinde
917 1518 951 1553 &
963 1527 1060 1552 nove-

173 1563 226 1598 rat
234 1564 315 1608 quid
326 1565 413 1608 apud
423 1566 509 1610 ipsos
521 1566 696 1611 Episcopi,
716 1567 796 1611 quid
809 1568 910 1602 essent
922 1566 1061 1610 Presby-

174 1613 247 1647 teri.
256 1613 300 1649 Et
310 1615 448 1650 affirmat
461 1618 520 1651 suo
532 1616 660 1651 dudum
671 1626 747 1653 ante
755 1618 966 1653 Demetrium
981 1628 1059 1651 tem-

174 1673 256 1706 pore
265 1664 373 1708 plures
383 1666 418 1700 in
431 1666 590 1712 AEgypto
601 1668 696 1702 fuiffe
707 1668 899 1712 Episcopos.
914 1668 949 1701 N
951 1679 989 1702 ec
1002 1668 1060 1701 ob-

175 1712 224 1747 est
231 1714 322 1758 quod
332 1714 374 1749 ab
383 1716 458 1759 ipsis
469 1716 633 1751 dicatcoli
644 1717 797 1761 Serapim.
826 1717 962 1752 Etenim
974 1717 1059 1751 circa

177 1761 375 1799 invisibilem
394 1764 661 1801 Christianorum
680 1768 793 1801 Deum
817 1768 919 1802 etiam
940 1767 1060 1801 Genti-

177 1810 262 1850 lium
273 1813 454 1856 peritissimi
464 1815 640 1853 miserrime
650 1817 975 1854 coecutieruntfiinc
990 1818 1061 1860 qui-

173 1859 256 1901 dam
263 1872 460 1905 putaverunt
473 1864 536 1898 esse
544 1874 645 1908 caput
656 1866 735 1898 asmi
745 1875 802 1899 aut
814 1867 915 1908 porci,
927 1866 1060 1908 quidam

174 1909 363 1948 riduculum
373 1911 557 1945 monstrum
568 1937 578 1952 ‚
604 1924 826 1948 memoratum
837 1916 873 1949 in
893 1913 1062 1960 Apologe-

176 1959 253 2001 tico*
264 1959 349 1995 libro
371 1960 574 1995 Tertuliani.
610 1962 655 1995 Et
678 1963 769 2007 quod
788 1973 867 1997 ante
889 1965 1061 1998 Nicaenam

174 2010 352 2054 synodum
361 2010 564 2055 AEgyptiaca
571 2012 727 2049 Dioecefis
735 2011 885 2048 habuerit
894 2012 1063 2057 plusquam

174 2070 312 2103 centum
329 2061 543 2104 Episcopatus
555 2086 565 2102 ,
590 2061 719 2096 constat
740 2062 948 2099 documento
960 2064 1058 2097 vario.

176 2109 314 2146 Etenim
324 2110 511 2154 Synodalis‚
519 2123 584 2155 qua
595 2110 669 2147 Arii
677 2111 928 2147 damnationem
940 2112 981 2148 ad
991 2124 1061 2146 om-

176 2171 237 2198 ues
248 2159 307 2196 sub
317 2160 402 2195 coelo
412 2160 630 2197 orthodoxos
644 2163 756 2197 retulit
773 2161 963 2197 Patriarcha
984 2161 1061 2197 Ale-

177 2210 314 2251 xander,
325 2210 473 2254 Epistola
485 2209 598 2245 habet:
619 2216 688 2246 Ario
700 2225 752 2246 nos
765 2224 831 2246 cum
841 2212 987 2254 alusfere
996 2225 1062 2246 cen-

176 2269 243 2296 tum
255 2263 382 2304 AEgyptt
390 2272 424 2293 ac
437 2261 534 2300 Libya
544 2261 701 2305 Episcopis
717 2262 885 2296 Anathema
904 2263 1062 2296 denuntia-

175 2309 422 2347 vimusLaudat
433 2310 519 2345 solos
531 2311 676 2356 AEgypti
688 2325 725 2347 ac
739 2312 853 2355 Libyae
865 2313 1058 2356 Episcopos:

173 2359 282 2411 Qod
302 2361 447 2405 plerique
468 2360 663 2397 Thebaidos
685 2363 839 2406 Episcopi
860 2362 1059 2397 adhaererent

176 2408 362 2452 Meletio‚&
373 2409 564 2445 Alexandro
575 2423 644 2445 non
652 2412 1058 2448 communicarent.Etiam

178 2458 312 2502 quidam
331 2461 467 2495 aliarum
492 2460 738 2496 Provinciarum
767 2463 931 2506 Episcopi.
963 2462 1060 2496 Certe

177 2519 261 2552 quos
270 2510 304 2543 in
317 2510 451 2546 Nicaena
462 2510 599 2553 Synodo
611 2511 768 2546 Meletius
792 2512 984 2546 Alexandro
998 2521 1059 2546 tra-

177 2557 263 2593 didit
271 2584 282 2601 ,
308 2571 401 2594 erant
412 2571 551 2595 numero
573 2562 693 2606 viginti
712 2573 860 2605 quatuor.
889 2563 933 2596 Et
954 2563 1059 2605 super-

179 2618 269 2643 erant
279 2610 414 2653 quidam
424 2620 645 2645 contumaces.
675 2612 718 2645 Et
731 2614 766 2646 in
780 2612 920 2645 secunda
932 2611 1059 2655 Apolo-

180 2658 236 2701 gia
246 2658 352 2696 stribit
363 2661 487 2695 sanetus
500 2659 699 2697 Athanasius
722 2674 729 2694 :
755 2664 831 2694 Sunt
840 2668 872 2695 in
884 2664 1014 2705 AEgypto
1025 2663 1058 2695 <a

181 2707 274 2745 Libya
284 2732 296 2748 ‚
320 2710 354 2744 ὁ·
364 2712 521 2753 Pentapoli
531 2711 671 2754 Episcopi
684 2713 895 2754 propemodum
918 2721 1034 2745 centum
1047 2736 1056 2751 ,

179 2768 303 2803 quorum
323 2769 404 2793 nemo
424 2772 476 2793 nos
498 2760 657 2804 accusavit.
685 2762 768 2797 Non
778 2764 912 2796 cunctos
924 2762 1055 2796 istarum

180 2806 374 2851 Regionum
384 2833 395 2848 ‚
421 2810 473 2846 sed
483 2811 571 2845 solos
590 2806 649 2846 'fibi
668 2811 862 2847 obedientes
874 2813 1056 2856 Episcopos

180 2856 408 2901 laudat:plures
417 2861 506 2895 enim
516 2861 571 2904 ipfi
578 2862 949 2897 adversabanturEtiam
961 2863 1058 2896 omit-

179 2908 222 2942 tit
239 2906 425 2943 Thebaidis
445 2910 622 2955 Episcopos
647 2923 654 2944 :
680 2912 784 2962 Qiod
807 2912 924 2956 nempe
948 2911 1055 2946 statim

179 2957 250 3002 post
263 2957 436 3000 Synodum
457 2960 632 2995 Meletiani
649 2961 805 2997 redierint
828 2962 869 2997 ad
881 2963 1055 2996 vomitum.

180 3006 227 3042 Et
236 3007 428 3042 Sardicenfis
439 3008 563 3052 Synodi
576 3011 616 3045 ad
627 3024 741 3047 omnes
752 3012 810 3046 sub
830 3013 915 3049 coelo
933 3012 1057 3048 Ortho-

178 3056 286 3091 doxos
294 3056 467 3093 Antistites
476 3058 621 3102 Epistole
633 3062 882 3105 subscripserunt
896 3063 1055 3106 nonagin-

179 3108 358 3153 taquinque
370 3106 535 3152 AEgyptii.
553 3110 586 3142 Si
597 3110 655 3144 sub
670 3112 816 3146 Heraclae
828 3111 1052 3146 patriarchatu

180 3166 250 3190 non
261 3158 392 3191 fuerunt
405 3159 473 3192 illic
485 3158 544 3191 nisi
559 3160 678 3203 viginti
690 3162 945 3205 Episcopi,unde
955 3173 1053 3196 emer-

180 3205 219 3242 fit
229 3215 319 3242 tanta
329 3210 455 3242 turma?
476 3208 573 3242 Certe
583 3209 623 3244 de
635 3210 833 3245 succedanea
845 3213 986 3255 ipsorum
999 3224 1053 3255 per

181 3255 262 3292 alios
272 3256 475 3292 Patriarchas
485 3260 653 3294 creatione
674 3258 759 3293 nihil
782 3261 928 3306 legimus.
964 3262 1053 3309 Qia

182 3315 299 3350 nempe
307 3318 398 3343 erant
409 3307 427 3341 a
437 3309 545 3342 sansto
556 3309 681 3344 Marco.
709 3310 892 3357 Qomodo
914 3310 967 3345 hic
978 3324 1053 3345 con-

183 3362 231 3390 tra
239 3355 375 3390 aliorum
390 3357 626 3401 Apostolorum
639 3372 764 3394 morem
775 3361 806 3393 δε
819 3360 991 3395 Canonem
1006 3363 1053 3394 so-

185 3401 234 3437 lus
244 3413 348 3441 tantas
359 3407 482 3441 Gentes
491 3409 619 3443 rexisset
641 3411 674 3443 ὅ(
694 3410 851 3444 docuisset
863 3412 876 3443 ?
903 3410 993 3444 Absit
1017 3421 1051 3444 ut

185 3452 412 3494 Air'ostolicum
422 3458 606 3497 (Canonem
632 3461 671 3497 fit
690 3461 916 3505 praevaricatus.
955 3461 1051 3497 Certe

1133 87 1562 138 Pnoozmmms.
1908 97 1910 101 ’
1958 119 2003 143 21

1131 169 1286 204 Rabanus
1295 169 1433 203 Maurus
1446 193 1456 209 ,
1481 168 1515 202 &
1534 169 1712 204 NotKerus
1728 173 1913 208 Leodiensis
1933 173 2009 217 Epi.
2023 182 2048 207 7.
2059 174 2141 212 Mnji.

1132 222 1246 264 scopus
1257 221 1292 254 in
1301 221 1360 254 suo
1368 218 1616 263 Martyrologio
1627 218 1752 253 habent
1763 234 1800 255 ea
1813 223 1878 265 ipsa
1889 225 1984 258 verba
1997 248 2008 265 ,

1131 282 1202 313 quae
1213 272 1305 314 supra
1314 269 1437 304 adduxi
1449 281 1489 303 ex
1501 270 1610 304 sansto
1622 268 1753 304 Adone.
1771 271 1874 316 Qod
1882 275 1911 306 S.
1923 275 2010 308 Mar-

1130 321 1231 355 cusin
1244 320 1374 364 Cyrene
1385 320 1419 354 ὅ(
1431 318 1604 362 Pentapoli
1622 321 1858 356 consecraverit
1878 322 2012 364 Episco-

1106 383 1107 387 ’
1131 382 1211 413 ρος,
1236 371 1398 404 affirmant
1418 370 1519 403 etiam
1541 370 1727 405 Graecorum
1749 370 1951 413 Synaxaria,
1976 374 2010 407 δε

1129 419 1352 455 Ecclefiastica
1363 419 1512 454 Historia
1525 420 1560 454 N
1562 419 1710 464 icephori
1722 419 1847 460 Calixti
1855 446 1862 454 .

1178 470 1301 504 Veram
1311 470 1413 514 igitur
1431 471 1563 512 praefatae
1581 469 1811 506 Patriarchalis
1834 471 2011 507 Potestatis

1128 519 1267 554 radicem
1278 519 1378 553 edicit
1390 520 1427 552 in
1438 519 1538 553 literis
1551 520 1592 554 ad
1615 521 1759 555 sanetum
1780 519 2011 557 Alexandrum

1129 568 1315 604 Antiochiae
1325 568 1547 603 Patriarcham
1568 571 1692 604 sanstus
1712 572 1927 606 Innocentius
1948 571 2013 614 pri-

1130 631 1201 654 mus
1213 620 1373 654 Pontifex
1394 631 1402 652 z
1428 621 1629 653 Revolventes
1647 621 1854 666 auc‘loritatem
1872 627 2009 655 Nicaenae
2023 628 2146 669 Epist‚18‚

1127 672 1241 710 synodi,
1252 682 1320 713 quae
1330 682 1392 703 una
1401 676 1530 702 omnium
1535 678 1596 712 per·
1605 670 1702 703 orbem
1715 680 1864 703 terrarum
1875 673 2007 713 explicat
2024 680 2087 710 cap·
2103 682 2125 699 1-

1127 730 1255 754 mentem
1264 722 1453 754 sacerdotum
1464 744 1475 759 ,
1495 732 1564 762 quae
1581 718 1694 762 cenficit
1705 721 1742 753 de
1754 722 1932 754 antiochena
1950 726 2009 754 Ec-

1127 770 1217 811 clefia,
1227 770 1341 804 cunc‘lis
1355 771 1524 810 Fidelibus,
1538 771 1576 804 ne
1586 771 1716 803 dixerim
1726 770 1945 810 Sacerdotibus,
1957 771 2008 814 effe

1127 821 1312 863 neceffarium
1322 819 1461 859 custodire
1475 845 1485 860 ,
1506 832 1568 863 qua
1573 818 1671 863 ficpra
1682 818 1922 863 Dioecefi'msuam
1928 829 2008 862 prae-

1128 870 1239 902 didam
1251 869 1409 910 Ecclesiam
1422 894 1432 910 ,
1459 882 1516 903 non
1522 869 1613 912 ficper
1620 871 1755 913 aliquam
1766 869 1958 912 Provinciam
1968 882 2009 902 co-

1122 916 1287 963 gnoscimus
1311 919 1500 958 constitutam.
1539 919 1748 954 Antiocheni
1769 919 2010 955 Patriarchatus

1127 968 1323 1014 dignitatem
1335 970 1474 1012 exponit
1485 993 1496 1009 ,
1522 979 1619 1013 atque
1629 970 1819 1004 concludit:
1846 974 1951 1013 Itaque
1964 982 2011 1004 ar-

1127 1018 1274 1052 bitramur
1285 1042 1295 1058 ‚
1317 1021 1430 1051 Frater
1442 1020 1590 1058 Canffime
1602 1043 1612 1059 ‚
1634 1029 1669 1052 ut
1681 1018 1756 1060 ficut
1768 1022 2010 1063 Metropolitanor

1127 1068 1300 1102 audloritate
1310 1068 1424 1100 ordinis
1428 1066 1572 1111 fingulari
1583 1092 1594 1107 ‚
1620 1067 1659 1108 fic
1681 1070 1716 1102 ᾗ]
1736 1080 1856 1103 caeteros
1877 1082 1933 1103 non
1949 1070 2012 1113 fine

1123 1119 1261 1161 permtffu
1270 1117 1500 1160 conscientiaque
1510 1116 1650 1162 taafinas
1669 1120 1701 1150 E
1699 1116 1832 1160 piscopos
1848 1119 2011 1158 ρνοενεανὶξ

1126 1171 1162 1200 In
1174 1167 1281 1210 quibus
1292 1167 1370 1201 hunc
1379 1169 1499 1201 modum
1510 1167 1588 1201 reae
1590 1165 1735 1209 servabis
1746 1192 1758 1209 ‚
1769 1177 1803 1200 ut
1817 1169 1898 1211 longe
1904 1168 2010 1212 positos

1125 1218 1221 1251 literis
1234 1219 1317 1250 datis
1329 1219 1463 1251 ordinari
1472 1215 1591 1260 censeas
1603 1217 1641 1249 ab
1652 1217 1702 1250 bis
1711 1241 1722 1257 ‚
1737 1225 1789 1260 qui
1801 1229 1878 1251 nunc
1894 1230 1942 1251 eos
1956 1217 2012 1261 suo

1126 1268 1244 1300 tantam
1254 1269 1397 1300 ordinant
1405 1267 1560 1300 arbitratu
1569 1279 1577 1309 3
1591 1274 1702 1300 vicinos
1715 1277 1825 1309 autem,
1831 1266 1861 1310 fi
1868 1268 2010 1309 aestirnas‚

1125 1318 1170 1350 ad
1179 1329 1285 1350 manus
1298 1316 1503 1359 impofitionem
1514 1326 1576 1350 tuae
1588 1319 1705 1350 Gratia:
1705 1317 1824 1357 statuas
1832 1325 2007 1359 pervenire.

1126 1370 1262 1411 ‚Quorum
1272 1374 1351 1400 enim
1360 1377 1389 1402 te
1401 1368 1533 1407 maxime
1545 1367 1682 1407 expediat
1691 1378 1784 1407 cura,
1806 1370 1888 1402 decet
1905 1374 2011 1410 praeci-

1121 1419 1180 1458 pue
1199 1427 1285 1457 tuum
1300 1422 1408 1449 mereri
1422 1417 1581 1458 judicium.
1620 1416 1787 1450 Diuturna
1823 1413 2010 1452 Etistatiani

1126 1466 1304 1501 schismatis
1316 1465 1550 1510 perseverantia
1561 1464 1743 1501 orientalis
1750 1465 1924 1507 Dieceseos
1937 1467 2011 1501 Me-

1125 1517 1291 1560 tropolitis
1303 1517 1422 1551 fecerat
1434 1514 1564 1549 animos
1575 1507 1761 1549 attentandi
1774 1516 1877 1550 varia:
1908 1516 2009 1551 Varia

1126 1564 1354 1603 Patriarchalis
1363 1565 1537 1600 Potestatis
1545 1566 1651 1608 capita
1663 1563 1940 1600 invadendi.1nter
1951 1567 2010 1601 ista

1124 1627 1189 1651 erat
1201 1641 1211 1658 ,
1238 1616 1329 1661 quod
1351 1618 1424 1650 suos
1447 1614 1751 1659 Comprovinciales
1773 1616 1832 1649 suo
1856 1616 2009 1651 arbitratu

1125 1667 1191 1700 sine
1200 1667 1311 1710 praevia
1332 1664 1525 1701 Patriarchae
1546 1664 1658 1706 venia,
1686 1665 1838 1699 examine
1849 1690 1860 1705 ‚
1885 1667 1919 1701 δε
1930 1678 2010 1701 con-

1125 1717 1309 1750 firmatione
1319 1716 1510 1751 ordinarint.
1524 1715 1679 1749 Extinsto
1690 1714 1870 1749 Schismate
1882 1717 2008 1751 sanstus

1125 1765 1314 1802 Alexander
1326 1764 1514 1802 Patriarcha
1525 1765 1636 1799 retulit
1655 1765 1769 1799 omnia
1782 1765 1855 1799 Sedi
1869 1764 2008 1809 Aposto-

1124 1813 1210 1856 licaess
1236 1827 1390 1860 expetens
1401 1814 1609 1849 medicinam.
1639 1814 1685 1849 Et
1695 1814 1912 1850 Innocentius
1922 1816 2009 1851 Pon—

1124 1867 1207 1899 tifex
1219 1867 1371 1909 rescripsit
1382 1866 1478 1899 varia.
1496 1864 1619 1906 Primo,
1632 1865 1722 1909 quod
1732 1863 1917 1900 Patriarcha
1928 1868 2009 1902 sem‘

1125 1925 1180 1958 per
1190 1914 1388 1949 ordinaverit
1401 1939 1411 1955 ‚
1437 1925 1475 1948 ac
1485 1913 1638 1949 ordinare
1648 1913 1764 1948 debeat
1774 1926 1891 1950 omnes
1909 1917 1941 1950 ὃς
1953 1917 2009 1949 fin-

1123 1963 1220 2009 gulos
1233 1963 1474 2008 Metropolitas.
1501 1963 1546 1997 Et
1567 1962 1701 2007 quidem
1725 1964 1930 2002 Aueioritate
1951 1967 2008 2002 sin-

1125 2013 1237 2057 gulari.
1274 2014 1354 2047 Hoc
1375 2013 1421 2047 est
1447 2037 1458 2054 ,
1484 2024 1553 2056 quae
1573 2013 1665 2047 nulla
1690 2013 1742 2047 via
1764 2014 1860 2056 poffit
1881 2017 2006 2050 auferri.

1125 2061 1256 2096 Deinde
1268 2086 1278 2102 ,
1304 2061 1393 2106 quod
1404 2061 1446 2096 ad
1459 2063 1563 2105 ipsum
1575 2063 1690 2105 spestet
1712 2063 1811 2097 etiam
1835 2065 2010 2101 Consecra-

1125 2113 1174 2147 tio
1183 2112 1336 2145 omnium
1347 2113 1380 2146 δε
1391 2112 1595 2157 singulorum
1613 2112 1851 2156 Episcoporum
1875 2114 2009 2150 Provin-

1118 2161 1268 2209 cialium.
1297 2160 1431 2203 Tertio,
1444 2162 1534 2206 quod
1543 2162 1621 2195 istos
1633 2163 1811 2197 vicinarum
1823 2163 2010 2199 Provincia-

1125 2224 1198 2247 rum
1220 2211 1398 2255 Episcopos
1422 2211 1516 2256 poffit
1535 2224 1572 2246 ac
1593 2211 1712 2246 debeat
1736 2224 1873 2247 evocare
1886 2214 1927 2258 ad
1939 2216 2009 2249 suas

1125 2272 1250 2296 manus.
1278 2262 1407 2307 Qarto
1421 2285 1431 2302 ,
1452 2261 1543 2305 quod
1552 2262 1770 2296 remotiorum
1784 2263 2009 2302 Consecratio-

1124 2324 1180 2347 nes
1192 2311 1287 2357 poffit
1298 2312 1446 2357 delegare
1456 2312 1603 2354 ipsorum
1614 2312 1850 2355 Metropolitis.
1863 2314 2007 2358 Quinto,

1124 2362 1214 2406 quod
1235 2361 1447 2396 consecrandi
1467 2361 1614 2395 Potestas
1635 2361 1790 2395 fundetur
1801 2363 1835 2395 in
1848 2365 2007 2406 potestate

1123 2411 1312 2454 judicandi,
1339 2411 1478 2455 ideoque
1489 2411 1594 2455 quivis
1606 2410 1792 2445 Parriarcha
1809 2424 1925 2447 omnes
1946 2413 2007 2447 fibi

1123 2462 1280 2505 subjestos
1291 2472 1360 2496 tam
1371 2461 1607 2500 provinciales,
1617 2461 1716 2504 quarn
1729 2461 2007 2505 Metropolitanos

1123 2512 1302 2555 Episcopos
1313 2536 1323 2552 ‚
1349 2512 1398 2545 uti
1409 2510 1515 2554 potest
1530 2523 1568 2545 ac
1578 2510 1677 2545 debet
1686 2509 1830 2553 judicare
1842 2536 1852 2551 ‚
1880 2512 1925 2546 ita
1935 2515 2008 2556 pos-

1121 2562 1157 2597 sit
1168 2574 1206 2596 ac
1219 2561 1333 2597 debeat
1344 2562 1538 2595 consecrare.
1565 2561 1677 2609 Qam
1689 2560 1853 2605 Regulam
1872 2562 2006 2598 laudant

1121 2623 1218 2655 atque
1240 2613 1357 2646 usitant
1377 2613 1414 2645 in
1432 2611 1496 2645 suis
1517 2611 1663 2656 Legibus
1685 2611 1898 2654 Imperatores
1915 2612 2006 2655 Justi-

1120 2663 1239 2697 nianus
1250 2663 1282 2696 ὃ(
1293 2673 1433 2706 magnus
1454 2661 1602 2695 Carolus.
1640 2659 1740 2694 Sexto
1753 2684 1763 2699 ,
1791 2662 2005 2695 Innocentius

1121 2713 1276 2756 rescripsit
1290 2736 1300 2751 ‚
1326 2711 1416 2756 quod
1434 2709 1501 2745 haec
1520 2710 1634 2744 omnia
1657 2710 1836 2744 fundentur
1848 2712 1882 2744 in
1896 2712 2005 2746 Cano-

1119 2763 1216 2797 nibus
1230 2763 1264 2795 N
1267 2762 1384 2796 icaenis.
1415 2761 1547 2805 Utique
1568 2762 1605 2794 in
1625 2762 1717 2794 sexto
1737 2760 1877 2794 Nicaeno
1890 2773 1896 2791 :
1923 2762 2006 2794 Illud

1113 2814 1293 2856 generaliter
1303 2814 1416 2845 clarum
1422 2808 1460 2852 est
1473 2836 1483 2850 ‚
1507 2812 1588 2852 quod
1592 2809 1623 2852 fi
1625 2816 1692 2852 quis
1699 2818 1813 2851 praeter
1819 2808 2002 2851 sententiam

1120 2863 1337 2904 Metropolitum·
1352 2861 1451 2903 fuerit
1467 2860 1574 2902 fac‘lus
1600 2858 1766 2902 Episcopus
1789 2883 1799 2898 ‚
1835 2858 1911 2898 hunc
1938 2873 2002 2893 ma-

1112 2925 1176 2955 gna
1193 2913 1321 2953 Synodus
1340 2911 1478 2953 definivit
1500 2908 1689 2953 Episcopum.
1704 2909 1756 2951 effe
1783 2920 1839 2941 non
1859 2918 1999 2951 oportere.

1119 2964 1180 2995 Per
1192 2961 1490 3005 Metropolitanum
1501 2959 1644 2994 omnino*
1657 2958 1853 3004 intelligitur
1864 2958 2002 3000 Patriar-

1118 3011 1178 3046 cha
1190 3036 1201 3053 ‚
1227 3022 1283 3046 aut
1305 3010 1391 3046 certe
1410 3011 1484 3054 quis
1504 3009 1631 3043 Primas
1652 3006 1910 3051 Autocephalus.
1938 3009 2001 3046 Per

1116 3061 1184 3104 ejus
1196 3062 1399 3097 Sententiam
1411 3059 1606 3103 intelligitur
1617 3057 1684 3100 ejus
1705 3057 1943 3094 potestativum
1955 3072 2000 3095 ar·

1119 3112 1252 3145 bitrium
1266 3136 1276 3151 ,
1302 3123 1368 3154 quo
1380 3110 1454 3144 istas
1476 3107 1747 3143 Consecrationes
1771 3118 1827 3142 aut
1844 3121 1999 3154 'peragere

1118 3161 1211 3204 poffit
1223 3185 1233 3200 ,
1246 3170 1301 3193 aut
1313 3160 1471 3204 delegare.
1493 3158 1535 3191 Et
1544 3156 1628 3192 hanc
1639 3158 1865 3193 auctoritatem
1877 3159 1998 3194 Canon

1118 3223 1185 3244 non
1195 3209 1311 3244 condit
1324 3233 1334 3249 ,
1361 3208 1516 3251 sedipfius
1537 3207 1745 3242 conditorem
1765 3209 1998 3251 Apostolicum

1117 3262 1290 3295 Canonem
1305 3256 1510 3298 solummodo
1520 3257 1658 3292 innovat
1670 3258 1704 3292 <Sc
1716 3259 1833 3292 firmat.
1854 3259 1997 3294 Proinde

1115 3311 1173 3344 ista
1185 3308 1415 3343 Patriarchalis
1425 3306 1571 3342 Potestas
1581 3319 1650 3341 non
1661 3307 1706 3341 est
1720 3308 1779 3341 soli
1804 3309 1955 3343 Alexand
1961 3311 1997 3342 τίΝ

1115 3373 1158 3393 no
1172 3360 1299 3403 propria
1311 3382 1322 3398 ,
1343 3357 1397 3393 sed
1407 3357 1562 3392 omnihus
1573 3359 1761 3392 communis
1781 3360 1814 3392 ἅ
1827 3359 1995 3402 generalis.

1113 3410 1168 3444 Ob
1182 3409 1383 3446 Dioeceseon
1404 3407 1653 3442 multitudinem
1670 3420 1708 3442 ac
1726 3408 1910 3442 vastitatem
1928 3410 1996 3442 Ro-

1113 3471 1229 3495 manus
1242 3459 1379 3495 multam
1389 3458 1457 3503 ejus
1469 3457 1601 3494 Partem
1611 3456 1675 3493 suis
1686 3457 1885 3499 Vicariis,ac
1896 3459 1994 3492 etiam

1893 3519 1995 3542 remo-
