2346 3776
575 136 880 191 Scnomrs,
906 146 984 181 ET
1010 134 1718 184 NoT‘1SILLUs‘rRATUM·
1888 153 1981 198 203

247 225 301 268 *er
315 226 475 256 Nice-enam
485 242 495 259 ‚
507 228 574 262 quae
583 220 712 251 omnium
722 213 866 259 baeresum
872 213 1101 258 profligaturum
1116 238 1126 254 ‚
1160 227 1166 261 ss
1188 210 1358 256 Apostolis
1367 237 1380 253 ‚
1405 213 1437 247 se
1443 211 1489 247 ab
1500 211 1567 246 illis
1578 211 1728 248 didicisse
1745 213 1845 258 ipsam
1858 241 1868 257 ,
1893 221 1928 254 ὅ(
1938 222 2063 265 semper

249 283 290 307 ae
312 275 457 314 imprium
487 272 608 302 Arlane
621 291 633 307 ,
657 265 821 308 Tropheum
842 263 982 296 habenda
996 263 1034 304 est
1048 289 1055 297 .
1082 264 1126 298 Et

247 322 289 358 in
304 320 418 355 litteris
437 319 478 352 ad
491 317 665 352 Africanos
678 316 858 360 Episcopos
868 312 977 347 scribit
988 339 998 354 ,
1020 314 1125 349 Nicae-

244 380 335 406 num
360 368 552 403 Conci-uum
578 377 619 401 ex
644 375 719 401 toto
741 362 912 400 habitabili
926 363 1016 399 Orbe
1030 365 1123 398 fuiffe

248 425 488 464 congregatum
500 412 614 452 contra
627 416 769 451 Arianos
780 439 791 456 ,
804 415 839 448 ὅ(
849 413 1017 458 adjungit:
1046 420 1124 448 Huic

249 470 330 504 cem²
339 470 467 502 Concilio
492 466 652 511 universus
676 465 768 499 Orbis
791 461 949 506 adfinficm
968 464 1123 506 praebuit,

247 519 287 554 ό·
304 530 487 562 quamquam
507 519 611 555 multae
620 515 735 552 habitae
747 513 810 557 fint
823 515 928 552 synodi
944 538 954 552 ,
977 513 1069 555 hujus
1079 523 1123 547 ta-

243 575 319 603 'men
343 577 442 602 omnes
464 566 538 612 sunt
563 578 723 605 memoret,
747 574 812 598 eum
831 572 891 606 per
912 564 1120 603 Dalmatiam,

250 620 446 652 Dardaniam
469 643 483 660 ‚
509 619 713 652 Macedoniam
739 637 751 653 ,
776 616 930 655 Epirum,
949 616 1099 647 Gra-ciam
1113 637 1123 653 ,

223 672 382 702 *cretam*
402 667 535 712 aliasque
571 665 711 710 Insulas,
737 665 887 704 siciliam,
914 665 948 697 Θ
972 667 1116 705 cyprum,

244 727 373 761 >lumper
385 717 554 761 Isauriam,
580 714 807 758 Pamphyliam,
835 716 952 752 Lyciam
965 738 976 753 ,
1003 714 1038 746 eb·
1060 718 1128 746 uni-

244 767 371 812 versam
380 772 529 812 Egyptum
541 791 551 806 ,
572 765 731 805 &zabau
745 788 757 803 ‚
780 765 815 797 (a
827 765 965 805 plerique
987 774 1026 796 ex
1051 767 1124 795 Ara-

245 818 303 851 bia
313 817 391 851 hane
399 825 606 861 agnoverunt,
632 811 920 855 &admiratificnt‚
948 814 982 846 ό·
996 811 1123 856 subscri-

181 889 203 906 ,,·
243 873 349 910 ptione
359 867 564 909 approbarunt
575 889 586 905 ‚
610 866 685 899 adeo
695 862 817 906 utfiqui
827 863 936 904 restant
959 874 997 895 ex
1010 867 1125 895 Ariana

243 918 598 960 radice-merminmte
606 919 776 947 amaritiem
786 938 796 954 ,
811 913 948 954 per-istas
965 910 1048 955 ipsas
1051 911 1125 955 scri-

241 973 322 1009 pus
332 964 440 1009 absciffi
458 990 470 1007 ‚
493 967 530 1000 Θ
540 962 640 1006 reiei‘li
649 969 867 1006 comperiantur
877 989 885 995 .
911 963 1062 1010 Sufficiunt
1072 967 1125 1006 igi-

245 1024 344 1050 wrea
353 1039 365 1056 ‚
389 1027 459 1058 quae
469 1019 587 1049 Νίκα
597 1013 814 1058 confeffafitere
827 1037 837 1053 ,
858 1011 993 1055 satisque
1013 1021 1071 1054 per
1092 1010 1125 1054 [ἓ

241 1070 362 1099 virium
373 1064 486 1099 habent
495 1090 506 1106 ‚
533 1074 598 1098 tum
620 1062 883 1107 adswbverfionem
902 1067 988 1104 impii
1008 1063 1124 1105 dogma-

244 1117 290 1148 eis
301 1140 312 1157 ‚
338 1124 403 1149 tum
414 1117 459 1148 ad
466 1116 592 1148 tutelam
617 1115 652 1148 ὃ*
662 1115 824 1147 utilitatem
845 1111 1045 1154 Ecclefiasticae
1066 1114 1124 1143 Do-

244 1165 355 1198 e‘lrinae
366 1189 374 1197 .
402 1166 446 1198 Et
457 1165 565 1199 statim
577 1163 661 1198 infra
673 1177 684 1197 .·
710 1168 897 1197 oecumenica
907 1166 1024 1196 Nicaeae
1045 1162 1124 1199 Syno-

242 1216 306 1248 dus
315 1214 464 1249 celebrata
465 1213 534 1265 fjuit
543 1216 564 1247 ἃ
575 1214 714 1248 trecenta
739 1214 775 1246 Θ
785 1212 937 1245 oc‘lodecim
949 1209 1103 1254 Episcopis
1110 1235 1120 1252 ,

242 1273 283 1298 ut
294 1264 332 1298 de
338 1264 402 1306 fide
413 1272 536 1308 agerent
545 1261 797 1302 convenientibus;
810 1262 899 1303 idque
908 1261 942 1293 ob
954 1265 1123 1294 Arianicam

241 1319 432 1355 impietatem
442 1336 455 1352 ‚
480 1314 537 1354 quo
548 1319 703 1346 caveretur
714 1322 751 1345 ne
762 1312 899 1352 deinceps
917 1311 1123 1352 particulatim

242 1363 450 1397 cavillationes
460 1361 536 1405 fidei
547 1367 696 1395 orirentur
706 1385 716 1402 ‚
742 1359 910 1402 autfiortae
916 1360 1042 1403 fuffnt
1051 1385 1062 1401 ‚
1086 1371 1123 1394 ne

244 1412 454 1446 nativitatem
465 1411 608 1445 haberent
619 1436 627 1444 .
655 1411 745 1455 ,Quid
750 1416 829 1444 enim
840 1408 881 1456 'in
893 1421 925 1443 eo
935 1411 1062 1443 Concilio
1073 1411 1122 1443 de-

239 1461 311 1505 fuit
322 1486 333 1503 ,
359 1471 394 1496 ut
414 1473 524 1501 novam
534 1463 670 1504 aliquam
677 1461 821 1500 synodum
843 1466 1001 1502 requitant
1013 1460 1031 1492 ἓ
1058 1461 1125 1493 Ple-

245 1518 323 1546 num
329 1511 368 1553 est
378 1517 457 1546 enim
463 1511 546 1552 istud
555 1513 718 1545 Concilium
723 1515 850 1553 pietatis
862 1533 873 1549 ,
899 1511 933 1544 (ς
945 1508 1120 1553 universum

234 1563 315 1605 jam
329 1561 429 1595 orbem
455 1570 604 1595 terrarum
628 1562 810 1603 adimplevit
822 1585 830 1594 .
869 1564 928 1593 Hoc
953 1561 988 1594 <⁰5
1013 1569 1124 1594 norunt

243 1612 341 1653 Indi,
369 1613 562 1656 &quotquot
577 1612 665 1654 apud
682 1610 923 1645 aliosBarbaros
942 1609 1016 1653 sunt
1037 1609 1124 1642 chri·
1156 1610 1160 1613 ’

236 1660 350 1702 fliam.
376 1664 479 1695 Vanus
494 1672 591 1695 eorum
599 1667 690 1705 igitur
716 1661 801 1695 labor
814 1685 825 1701 ,
850 1666 903 1703 qui
927 1670 1030 1693 contra
1048 1660 1127 1692 illud

244 1712 311 1744 alia
317 1709 444 1754 subinde
453 1713 586 1745 concilia
595 1713 756 1745 moliuntur
764 1736 772 1744 .
798 1710 883 1755 Agit
893 1710 1042 1744 adversus
1051 1709 1125 1743 Ari-

244 1759 397 1795 minense
406 1761 600 1795 Concilium
614 1785 626 1802 ,
636 1762 672 1796 ἃ
684 1761 822 1795 affirmat
833 1760 959 1794 nullam
971 1759 1039 1803 ejus
1051 1759 1123 1794 fuis-

244 1810 528 1851 seneceffitatem‚
554 1811 590 1845 ὅ(
611 1810 654 1845 ab
673 1810 745 1854 ipso
767 1809 918 1845 emiffum
930 1809 972 1844 de
997 1809 1061 1844 fide
1072 1808 1126 1843 de-

240 1869 377 1895 cretum
388 1861 452 1895 effe
463 1860 603 1900 inutile,
630 1861 702 1894 imo
725 1861 759 1894 &
770 1860 987 1904 perniciosum
1001 1884 1008 1890 .
1035 1859 1124 1893 Nam

246 1909 284 1943 ὃ(
305 1909 361 1943 illa
384 1910 451 1953 ipsa
474 1919 550 1944 ante
561 1910 655 1943 suum
680 1910 804 1953 lapsum
818 1909 973 1953 Synodus
991 1909 1032 1942 ad
1046 1920 1124 1943 eun·

246 1958 325 2001 dem
336 1959 567 2002 Imperatorem
579 1959 813 2006 Constantium
824 1960 944 2002 scripsit
957 1958 1125 1993 Nicaenam

246 2008 349 2043 fidem
360 2010 423 2043 elie
430 2009 1022 2054 Propheticam,Evangelicam,atque
1035 2008 1125 2051 Apo-

245 2059 400 2093 stolicam
412 2083 423 2099 ‚
448 2060 482 2093 ὅ(
501 2059 669 2103 adjunxit:
695 2061 846 2093 statutum
856 2058 917 2100 est,
942 2068 977 2093 ut
996 2071 1063 2092 eam
1083 2070 1126 2092 re-

245 2114 381 2143 tinentes
392 2110 547 2142 coleremus
561 2135 570 2150 ‚
597 2111 766 2143 &tolentes
777 2108 866 2152 usque
887 2110 933 2142 ad
951 2108 1043 2151 finem
1062 2120 1126 2142 con-

237 2156 436 2202 servaremus
448 2183 455 2190 .
487 2161 628 2192 Indecens
650 2161 790 2194 e'nim‘&
809 2158 960 2201 nefarium
972 2183 982 2198 ‚
1007 2159 1127 2200 aliquid

246 2219 286 2242 ex
296 2208 372 2242 rell&
394 2207 515 2249 &juste
527 2210 650 2242 decretis
661 2234 672 2250 ,
699 2211 734 2243 o·
742 2221 781 2243 ex
790 2209 878 2242 rebus
901 2213 1017 2242 Nicaeae
1026 2208 1127 2250 publi-

239 2260 280 2292 ce
288 2270 352 2291 cum
362 2257 542 2298 Illuflrlffimo
553 2262 693 2301 Principe
703 2259 896 2300 Constantino
906 2261 1000 2292 Patre
1010 2267 1060 2291 tuo
1065 2266 1120 2299 per

244 2317 421 2342 accuratam
426 2309 670 2343 deliberationem
679 2309 842 2351 constitutis
853 2315 1013 2342 immutare
1022 2310 1099 2342 velle
1114 2332 1126 2348 ,

243 2363 281 2391 in
292 2358 398 2401 quibus
416 2367 506 2392 tanta
515 2360 652 2393 doctrina
677 2359 715 2400 est
727 2384 737 2400 ,
762 2361 797 2394 (9
813 2361 981 2401 prudentia
994 2382 1004 2398 ‚
1031 2367 1065 2392 ut
1090 2369 1126 2391 ea

244 2407 353 2450 ubique
364 2409 565 2450 depraedicata
577 2411 621 2442 ad
629 2416 758 2442 omnium
772 2421 860 2443 aures
888 2410 922 2443 ὦ*
933 2414 1048 2442 animos
1054 2417 1120 2450 per·

243 2463 368 2490 venerit
379 2482 390 2498 ,
415 2457 550 2501 quaefhla
562 2459 660 2499 Hostis
672 2461 706 2493 (9
717 2459 908 2500 Interfec‘lrix
921 2462 1043 2491 Arianae
1056 2462 1123 2491 11ae-

246 2504 342 2550 reseos
356 2530 367 2546 ,
392 2508 426 2541 <15
431 2515 488 2549 per
496 2519 589 2550 quam
601 2520 658 2541 non
669 2509 721 2542 illa
726 2507 792 2551 Jbla
801 2533 812 2549 ‚
833 2505 858 2551 s
852 2509 891 2541 ed
900 2502 1021 2550 reliquae
1032 2507 1125 2542 haere-

241 2555 295 2600 ses
302 2554 431 2600 sublatae
437 2555 511 2599 sunt
522 2583 533 2598 ‚
557 2562 591 2589 in
602 2570 662 2600 qua
674 2560 749 2592 certe
774 2560 809 2592 Θ
819 2559 931 2591 addere
943 2559 1064 2600 aliquid
1082 2567 1125 2591 te-

245 2611 406 2651 merarium
431 2605 468 2647 est
479 2630 490 2647 ,
515 2608 551 2641 ὁ·
576 2608 698 2650 auferre
726 2606 920 2651 periculosum
939 2633 946 2639 .
974 2607 1017 2641 Et
1044 2606 1124 2642 hinc

248 2654 373 2690 Hilarii
395 2656 603 2691 Piaavienfis
613 2658 767 2702 Epistopi
781 2658 815 2691 in
827 2657 912 2692 libro
923 2657 965 2692 de
977 2657 1123 2701 synodis

246 2705 368 2740 verba:
392 2708 597 2751 Regeneratus
613 2709 734 2750 pridem
759 2709 794 2742 6·
818 2714 850 2740 in
862 2708 1048 2753 Episcopatu
1069 2709 1123 2740 ali-

247 2753 426 2798 quantisper
442 2768 571 2790 manens
595 2781 605 2798 ,
639 2758 732 2800 fidem
758 2762 920 2791 Nicaenam
945 2769 1100 2800 nunquam
1112 2781 1124 2797 ,

247 2804 306 2846 nisi
322 2805 495 2839 exulaturus
517 2808 646 2841 audivi.
671 2809 755 2842 Haec
769 2809 906 2852 inquam
933 2807 1029 2842 verba
1049 2807 1124 2841 sunt

247 2866 319 2889 non
330 2865 443 2898 parum
459 2855 647 2891 admiranda
659 2881 670 2897 ‚
696 2857 787 2902 quod
812 2858 887 2891 cum
909 2868 968 2902 pro
981 2858 1124 2892 Nicaenae

245 2905 326 2939 fidei
352 2904 575 2948 publicatione
606 2907 642 2941 &
665 2907 862 2942 executione
886 2908 986 2943 etiam
1013 2907 1122 2942 Gallia

244 2954 355 2998 plures
365 2955 477 2989 fecerit
488 2955 640 2998 synodos
649 2982 659 2996 ,
686 2967 722 2990 ut
732 2955 795 2998 jam
807 2956 992 2991 audivimus
1022 2958 1041 2991 a
1052 2958 1123 2991 Ma-

244 3015 318 3050 gno
344 3003 523 3039 Athanasio
542 3030 548 3037 .
585 3006 770 3054 Qomodo
801 3007 904 3051 igitur
931 3007 1122 3042 Gallicanus

246 3054 429 3098 Episcopus
440 3056 605 3100 ignoravit
616 3080 627 3096 ,
654 3056 743 3097 quod
752 3057 853 3091 etiam
864 3056 959 3092 India
971 3081 981 3098 ‚
994 3057 1121 3092 ac‘alio-

246 3115 320 3138 mm
347 3104 561 3140 Barbarorum
586 3115 702 3150 gentes
729 3117 889 3153 noverant
911 3109 926 3140 2
962 3106 1120 3151 Aliquam

246 3153 338 3188 istius
348 3154 541 3200 ignorantiae
551 3152 679 3189 causam
689 3156 831 3199 superius
853 3156 975 3191 adduxi
988 3181 996 3188 .

259 3215 261 3217 ’
272 3215 277 3229 ¹·
290 3203 366 3247 ¹Ipse
375 3206 507 3239 interim
521 3206 554 3238 in
569 3206 637 3249 ipso
647 3205 766 3239 eodem
785 3205 862 3240 loco
883 3207 1016 3240 Sanetus
1026 3207 1122 3241 Hila-

246 3252 314 3287 tius
325 3254 498 3289 Nicaenum
511 3255 709 3299 Symbolum
719 3255 843 3289 cunetis
853 3256 926 3289 aliis
953 3267 1009 3299 per
1020 3258 1121 3291 varias

249 3302 644 3344 Synodostuncconditis
673 3306 819 3348 praefert,
843 3305 948 3348 plenis
970 3307 1029 3340 suae
1052 3307 1120 3341 elo-

246 3353 388 3395 quentia
412 3355 532 3389 viribus
556 3355 748 3399 depraedicat
769 3380 779 3395 ‚
805 3355 942 3389 affirmat
963 3356 982 3389 a
1006 3357 1120 3390 sanetis

245 3401 347 3435 etiam
366 3404 454 3446 apud
475 3405 662 3439 Dominum
689 3404 930 3447 quiescentibus
951 3406 1119 3450 Episcopis

245 3450 421 3486 eonditum
433 3476 444 3492 ,
469 3454 504 3488 ἀ
514 3454 662 3500 adjungit
675 3456 764 3489 vocis
776 3454 938 3494 Hom-‘uffan
952 3479 962 3495 ,
987 3455 1028 3490 de
1054 3467 1117 3499 qua

245 3500 358 3536 omnis
384 3501 447 3541 lis,
472 3503 680 3539 substantiam
706 3504 789 3539 tradi
814 3505 858 3538 ab
870 3504 1060 3550 Evangelii:
1083 3507 1133 3541 &²

346 3551 504 3594 affert-de
515 3553 700 3596 symb.Ap.&
712 3557 843 3589 Nic.T.1.

1187 263 1323 298 tenuiffe
1334 287 1341 295 .
1370 262 1450 306 Ejus
1461 263 1546 296 inter
1556 264 1738 308 fragmenta
1750 265 1853 300 exstat
1874 267 2061 311 Tattaeus,

1185 313 1438 357 quiSyrmienst
1449 312 1647 355 Symbolum
1667 325 1743 349 cum
1768 315 1908 349 Nicaeno
1931 330 2063 362 compa-

1188 373 1253 402 rat,
1282 363 1317 396 ὅ(
1339 362 1415 405 >post
1443 373 1619 406 utrumque
1638 366 1810 406 recitatum
1836 366 2041 408 prosequitur
2052 380 2062 400 ε

1187 414 1281 446 FIdes
1287 412 1361 454 fidel
1370 420 1543 454 comparata
1546 412 1717 455 falsitatum
1728 420 1906 448 intentiones
1917 422 2038 457 exponit
2049 441 2057 448 .

1185 466 1272 495 Nam
1283 472 1351 503 quae
1361 464 1448 504 apud
1456 467 1595 495 Nicieam
1607 465 1746 497 ordinata
1772 464 1811 505 est
1820 490 1830 505 ,
1853 465 1947 506 plena
1972 474 2064 507 atque

1180 511 1315 554 per-fella
1334 511 1373 550 est
1385 536 1396 552 ,
1421 514 1456 546 ὁ*
1467 513 1604 546 omnibus
1625 516 1759 556 undique
1777 540 1788 556 ‚
1811 515 1919 557 quibus
1953 520 2069 556 inrepe*

1185 573 1215 595 re
1226 561 1358 595 baeretici
1362 561 1459 605 solent
1469 562 1604 595 aditibus
1615 562 1965 605 observatisstnviolabilt'
1985 571 2064 598 inter

1186 614 1309 646 Patrem
1335 613 1370 646 (r
1382 613 1497 645 Filium
1506 621 1631 645 aeternae
1642 619 1772 646 unitatis
1786 612 1943 656 soliditate
1963 626 2064 648 conne-

1184 662 1274 695 c'litur
1285 687 1293 695 .
1322 661 1497 696 Tractarus
1509 661 1554 695 est
1563 663 1707 696 omnino
1719 664 1826 697 Sancti
1838 664 1975 699 Hilarii.
2006 665 2064 698 Est

1186 711 1413 755 incompletus.
1441 711 1534 746 Licet
1545 712 1576 747 ei
1590 712 1774 755 syrmiense
1787 713 1982 757 Symbolum
1996 724 2067 748 mo-

1185 761 1228 795 do
1239 761 1337 802 desit,
1361 762 1530 805 completo
1544 762 1807 797 omnino‘adfuit
1823 788 1830 795 .
1857 763 1901 796 Et
1922 763 1957 797 in
1981 764 2066 797 litte·

1187 811 1227 844 ris
1240 811 1280 845 nd
1293 812 1486 846 Canonicos
1494 811 1641 857 Magnus
1652 812 1790 847 Basilius
1799 812 1909 847 laudat
1921 811 2067 856 Bospho-

1186 861 1269 894 rium
1282 862 1502 905 Episcopum,
1528 863 1701 907 &pergin
1726 864 1812 897 Idem
1832 864 1869 896 de
1889 862 1953 905 fide
1973 860 2068 906 senti-

1184 922 1249 943 mus
1272 920 1415 953 uterque,
1433 911 1580 954 siquidem
1603 911 1710 956 sumus
1731 913 1868 947 haeredes
1887 913 2067 946 eorumdem-

1185 969 1244 993 met
1265 963 1416 1005 Patrum,
1442 967 1494 1003 qui
1518 959 1669 1003 quondam
1695 967 1814 997 Nicaeae
1832 959 2066 1007 promulgarunt

1184 1021 1326 1053 magnum
1350 1011 1427 1044 illud
1445 1017 1629 1053 praecom'um
1649 1019 1780 1054 pietatis
1797 1037 1809 1054 ,
1833 1015 1918 1054 cujus
1946 1014 2070 1055 quidem.

1181 1066 1324 1101 praeconii
1331 1069 1440 1101 partes
1451 1070 1568 1094 caeterae
1592 1074 1692 1096 omnes
1716 1065 1806 1096 nullis
1831 1069 1977 1106 impetitae
1992 1061 2067 1106 fiant

1184 1111 1365 1150 calumniis,
1392 1119 1427 1143 at
1453 1122 1552 1144 ‘vocem
1561 1112 1666 1152 illam,
1698 1111 1865 1153 Homoufion
1879 1137 1890 1153 ,
1909 1112 2025 1160 finistre
2044 1115 2067 1145 ἁ

1185 1160 1333 1193 nonnullis
1355 1168 1528 1202 acceptam,
1549 1159 1623 1204 sunt
1642 1162 1838 1204 qainondam
1859 1161 2064 1205 admiftrunt.

1186 1209 1229 1242 Et
1239 1209 1275 1246 in
1290 1208 1406 1244 litteris
1416 1210 1458 1244 ad
1469 1210 1724 1246 innocentium:
1754 1213 1851 1246 Fides
1877 1214 1931 1246 illa
1951 1218 1984 1246 in
2005 1224 2068 1245 ma-

1179 1271 1245 1303 gna
1254 1261 1365 1298 synodo
1372 1259 1538 1303 conscripta
1541 1261 1822 1308 fhrmulafflaximi
1832 1263 1898 1296 cum
1910 1269 2065 1303 momenti,

1186 1318 1249 1342 tum
1257 1312 1352 1342 etiam
1363 1310 1476 1344 robori:
1489 1337 1499 1347 .,
1523 1311 1568 1345 Et
1579 1311 1615 1345 in
1627 1312 1743 1347 litteris
1754 1312 1795 1347 ad
1809 1312 1979 1347 laudatum
1990 1313 2067 1348 Bos-

1185 1357 1339 1402 phorium
1351 1361 1489 1395 affirmat
1501 1361 1677 1396 Dianaeum
1690 1362 1891 1406 Episcopum
1910 1364 1927 1397 ὲ.
1940 1365 1972 1397 se
1985 1375 2068 1398 nun·

1186 1420 1284 1452 quam
1295 1410 1388 1443 fuisse
1398 1409 1707 1446 anathematizatum
1721 1436 1732 1453 ,
1757 1424 1799 1447 ex
1812 1414 1938 1455 pestere
1951 1414 1983 1447 se
1996 1425 2069 1455 pur-

1184 1469 1239 1503 gat
1250 1458 1292 1493 ab
1303 1457 1365 1493 hac
1374 1460 1540 1495 calumnia
1550 1485 1561 1502 ,
1573 1461 1723 1506 adjungit
1734 1462 1910 1496 Dianaeum
1921 1462 2069 1506 aliquan-

1185 1508 1229 1543 do
1240 1507 1399 1543 adhaesisse
1409 1510 1548 1544 faffloni
1559 1510 1700 1556 Georgii
1711 1510 1839 1546 Pseudo
1850 1531 1859 1537 -
1872 1511 2069 1547 Patriarchae

1187 1559 1428 1602 Alexandrini,
1454 1560 1667 1604 subscripfiffe
1687 1562 1779 1596 istius
1805 1563 1957 1597 factionis
1977 1563 2070 1597 Con-

1188 1608 1484 1652 stantinopolitano
1512 1611 1674 1655 Symbolo
1686 1636 1697 1652 ,
1723 1612 1872 1656 adeoque
1883 1614 1976 1647 fuisse
2003 1623 2071 1647 tur-

1186 1659 1268 1702 piter
1278 1659 1425 1703 lapsum,
1450 1661 1722 1705 &prosequitur.·
1749 1666 1799 1695 Uti
1822 1666 1969 1696 Dianaeus
1992 1664 2070 1697 deci-

1186 1710 1233 1741 dit
1243 1716 1276 1741 in
1287 1716 1526 1753 aegrotationem,
1553 1723 1591 1745 ex
1603 1723 1664 1754 qua
1688 1713 1723 1746 Θ
1744 1722 1878 1746 mortuus
1907 1713 1945 1753 est
1958 1738 1968 1754 ‚
1994 1720 2071 1746 acci-

1186 1765 1227 1791 tis
1240 1759 1324 1802 nobis
1337 1760 1453 1794 dicebat
1466 1786 1477 1803 ,
1486 1760 1586 1801 testem
1596 1761 1648 1804 effe
1660 1765 1820 1795 Dominum
1829 1788 1839 1804 ,
1857 1764 1939 1806 quod
1941 1762 2068 1805 simplici

1185 1811 1268 1843 corde
1276 1808 1451 1853 inftrlptum
1473 1811 1808 1854 constantinopolitana
1827 1812 1900 1855 fidei
1923 1812 2071 1857 consense-

1186 1866 1227 1891 rit
1239 1861 1358 1901 quidem
1370 1884 1381 1899 ‚
1406 1862 1512 1894 verum
1540 1863 1624 1895 nulla
1635 1869 1668 1895 in
1688 1874 1721 1896 re
1731 1868 1852 1895 irritam
1863 1864 1991 1896 voluerit
2000 1875 2069 1897 eam

1181 1908 1274 1950 fidem
1287 1933 1298 1949 ‚
1324 1920 1393 1951 quae
1404 1914 1520 1944 Nicaeae
1547 1913 1566 1945 a*
1578 1911 1696 1944 Sanc‘lis
1709 1912 1854 1946 Patribus
1866 1913 1995 1955 cxpofita
2006 1913 2044 1954 est
2055 1937 2068 1952 ,

1186 1970 1278 2001 neque
1298 1961 1386 1992 aliud
1406 1966 1439 1993 in
1463 1962 1547 1994 corde
1573 1960 1715 1996 babuerit
1740 1965 1833 2004 quam
1842 1965 1924 2006 quod
1934 1963 1973 1996 ab
1981 1969 2071 1996 initio

1187 2009 1333 2043 traditum
1343 2009 1507 2052 accepisset.
1536 2013 1628 2044 Immo
1635 2018 1753 2053 precari
1770 2012 1806 2055 se
1816 2025 1928 2054 quoque
1950 2022 1982 2046 ut
2007 2023 2068 2046 non

1182 2057 1375 2101 separaretur
1400 2062 1420 2091 ἃ
1441 2057 1520 2101 sbrie
1543 2062 1708 2094 Beatorum
1729 2063 1845 2096 illorum
1856 2061 2067 2105 Epifhoporum

1186 2117 1380 2142 trecentorum
1390 2110 1488 2142 decem
1501 2111 1535 2157 &j
1546 2110 1606 2143 oc‘lo
1617 2135 1626 2149 ‚
1640 2116 1692 2153 qui
1699 2118 1788 2153 piam
1800 2112 1884 2145 illam
1889 2112 1967 2155 fidei
1983 2121 2067 2155 prae-

1187 2160 1363 2192 dicationem
1368 2161 1637 2203 promulgaverunt
1649 2161 1742 2204 Orbt';
1768 2171 1858 2204 atque
1870 2162 1923 2203 ista
1936 2161 2068 2206 stuiefa-¹

1185 2208 1278 2242 citone
1290 2221 1343 2243 nos
1355 2215 1400 2242 ita
1405 2217 1558 2251 permovit
1570 2235 1580 2251 ,
1606 2220 1640 2243 ut
1645 2209 1746 2253 soluta
1767 2218 1845 2245 omni
1866 2214 1997 2247 cordium
2019 2225 2068 2247 no-

1180 2258 1306 2299 strorum
1329 2258 1510 2301 baefitatione
1524 2285 1535 2301 ,
1562 2262 1608 2293 ad
1615 2268 1843 2295 communionem
1863 2264 1943 2298 illius
1955 2266 2068 2306 acca-ffir-

1185 2311 1326 2350 rimus‚&
1335 2312 1355 2342 a
1366 2318 1499 2352 concepto
1508 2321 1628 2344 moerore
1638 2318 1847 2353 quieverimus.
1869 2313 1914 2346 Et
1927 2314 1961 2346 in
1975 2314 2069 2349 libris

1185 2371 1299 2393 contra
1320 2360 1525 2394 Eunomium
1538 2360 1787 2396 I-Iaerefiarcham
1811 2374 1985 2407 germanus
2007 2364 2067 2399 Ba-

1185 2408 1244 2443 filii
1255 2410 1351 2443 frater
1361 2410 1495 2444 Sanctus
1507 2409 1688 2455 Gregorius
1706 2411 1742 2446 N
1743 2412 1873 2455 yffenus
1886 2413 2065 2457 Episcopus

1185 2460 1280 2493 refert
1291 2457 1418 2493 habitas
1429 2462 1514 2494 inter
1525 2460 1693 2495 laudatum
1707 2460 1860 2496 Bafiliutn
1886 2464 1919 2497 δε
1928 2464 2066 2499 Haereti·

1184 2509 1214 2543 ci
1227 2510 1434 2553 Imperatoris
1448 2509 1600 2544 Valentis
1624 2510 1983 2547 Praetorio-Praefectum
2005 2514 2066 2549 dis-

1185 2560 1385 2602 putationes,
1399 2559 1433 2593 &
1447 2559 1551 2594 asserit
1566 2559 1757 2602 Valentem,
1769 2562 1858 2607 quod
1873 2564 2063 2606 persecutio-

1186 2609 1282 2643 nibus
1292 2608 1376 2643 nihil
1388 2609 1557 2652 proficeret
1570 2634 1580 2650 ,
1597 2621 1640 2645 ex
1653 2610 1768 2646 Leone
1778 2612 1934 2647 transiisti:
1944 2614 1979 2645 in
1994 2614 2063 2647 vul-

1185 2670 1257 2702 pem
1284 2682 1295 2699 ‚
1321 2659 1530 2702 spopondisse
1556 2663 1800 2696 communicare
1829 2663 1978 2696 Ecclesiae
2003 2664 2063 2698 sub

1184 2707 1244 2743 hac
1255 2709 1353 2743 unica
1364 2709 1560 2744 conditione
1576 2723 1583 2742 z
1612 2713 1683 2744 Vult
1695 2711 1746 2744 hoc
1774 2711 1837 2751 fieri
1857 2711 1975 2754 sublato
1998 2719 2064 2747 exi-

1178 2770 1235 2803 guo
1261 2760 1388 2802 quodam
1398 2783 1407 2799 ‚
1438 2761 1520 2801 quod
1542 2765 1575 2793 in
1594 2759 1668 2801 fidei
1687 2761 1813 2800 symbolo
1832 2760 1977 2804 scriptum
2001 2762 2040 2803 est
2050 2788 2061 2804 ,

1184 2819 1286 2850 nempe
1312 2809 1454 2848 Homoufit
1480 2809 1618 2842 vocabulo
1645 2834 1652 2840 .
1689 2811 1734 2844 Et
1755 2812 1860 2856 pergit
1883 2811 2062 2856 Gregorius

1183 2859 1223 2893 de
1250 2858 1367 2893 Bafiuo
1379 2873 1392 2892 .·
1420 2863 1458 2891 At
1481 2863 1697 2900 Imperatorem
1723 2866 1755 2893 in
1766 2860 1923 2902 Ecclefiam
1948 2868 2060 2905 recipi,

1182 2908 1379 2952 respondebat
1390 2908 1527 2952 Magister
1539 2908 1629 2947 nister
1641 2933 1651 2949 ‚
1679 2921 1741 2943 rem
1774 2911 1826 2954 effe
1844 2918 1974 2944 omnium
1989 2925 2060 2956 gra-

1183 2960 1327 2999 wffimam
1338 2983 1345 2990 .
1371 2962 1517 3002 vMagnum
1527 2965 1605 2991 enim
1618 2984 1627 2999 ‚
1640 2966 1739 3001 inquit
1749 2983 1761 2999 ‚
1788 2962 1934 3002 quiddam
1945 2961 1982 3005 est
1994 2968 2061 3007 ani·¹

1182 3020 1262 3040 mam
1277 3006 1436 3051 salvare,v
1449 3019 1510 3041 non
1522 3015 1593 3050 quia
1613 3013 1807 3051 Imperatoris
1827 3010 1864 3050 est
1878 3035 1888 3051 ,
1908 3010 1967 3053 sed
1987 3018 2059 3054 quia

1182 3058 1325 3090 hominis.
1346 3062 1391 3090 «st
1415 3060 1485 3090 zera
1498 3066 1617 3090 tantum
1634 3059 1728 3102 ,abeffi-
1739 3061 1842 3100 ajebat
1853 3085 1864 3101 ‚
1888 3070 1922 3093 ut
1943 3062 2062 3104 aliquid

1181 3109 1234 3141 vel
1242 3109 1370 3147 demeret
1382 3131 1392 3147 ,
1418 3108 1471 3140 vel
1477 3109 1602 3141 adderet
1609 3107 1683 3150 fidei
1694 3132 1704 3148 ,
1729 3116 1764 3142 ut
1776 3122 1812 3144 ne
1837 3112 1970 3144 ordinem
1995 3117 2057 3154 qui-

1181 3159 1248 3190 dem
1251 3157 1394 3198 formulae
1400 3158 1474 3196 fidei
1493 3166 1610 3191 mutare
1625 3164 1785 3203 cogitaret.
1812 3160 1925 3195 Tanta
1946 3160 1992 3195 est
2020 3161 2058 3195 il-

1181 3206 1242 3240 lius
1253 3208 1399 3241 formulae
1421 3205 1624 3242 Austoritas.
1653 3210 1807 3244 Sanctum
1833 3209 2056 3255 Augustinum

1180 3257 1278 3291 etiam
1291 3254 1412 3291 Beatus
1423 3256 1585 3293 Poffidius
1593 3258 1706 3293 titulat
1728 3259 1901 3304 Magistrum
1911 3261 2035 3301 nostrum
2045 3286 2054 3293 .

1183 3307 1278 3340 Adeo
1290 3306 1444 3350 antiquus
1466 3306 1514 3340 est
1536 3308 1621 3350 apud
1634 3308 1763 3344 Graecos
1784 3311 1973 3346 &Latinos
1997 3310 2056 3345 iste

1181 3356 1314 3390 titulus.
1342 3356 1387 3389 Et
1399 3356 1431 3390 in
1443 3357 1596 3391 oratione
1606 3358 1650 3392 de
1659 3359 1817 3401 Hemnis,
1829 3360 1863 3394 id
1874 3361 1933 3399 est,
1949 3361 2056 3394 Maxi·

2087 857 2242 897 Epist-3005v

2086 1199 2168 1241 Epist·
2170 1209 2185 1237 3
2194 1211 2203 1230 ι
2209 1205 2237 1238 94

2084 2305 2147 2340 1.ib.'
2169 2311 2197 2341 ιζ

1181 3407 1224 3439 mi
1238 3405 1358 3448 Cynici
1370 3404 1564 3450 Philosophi
1577 3407 1728 3443 laudibus
1746 3410 1875 3444 scribit:
1903 3413 1977 3443 Pius
2006 3410 2055 3442 ille
2076 3409 2154 3439 Orat.
2167 3420 2211 3447 ²3·

1182 3459 1308 3489 Parrum
1318 3454 1475 3495 nostrorum
1487 3468 1639 3498 numerus,
1648 3466 1706 3500 ‘qui
1717 3469 1788 3492 tunc
1798 3465 1833 3492 N
1836 3466 1938 3493 icaeam
1945 3456 1979 3499 se
1988 3468 2053 3491 con-

1178 3507 1250 3540 tulit
1258 3527 1269 3548 ,
1294 3511 1382 3540 certis
1390 3505 1504 3548 finibus
1528 3519 1564 3543 ac
1575 3508 1678 3542 verbis
1691 3512 1876 3542 Divinitatt‘s
1889 3507 2055 3541 doctrinam

1609 3556 1643 3591 C
1661 3568 1682 3591 c
1729 3565 1755 3592 2
1949 3560 2004 3589 cir-
