2346 3776
684 49 995 108 Scnotns,
1031 67 1093 102 Ex
1128 64 1303 95 Norrs
1340 55 1718 99 utusTRArrl

282 134 393 180 ipsum
417 134 455 170 in
474 134 579 180 prima
601 134 658 168 sua
669 133 832 177 Synodo,
859 134 1007 168 adfirmat
1020 135 1167 169 Gelafius

271 188 408 230 ,primus
429 213 437 220 .
464 187 561 220 Hinc
582 185 745 228 Ioannem
775 210 787 226 ,
812 184 1057 228 Hierosolymae
1094 186 1172 228 Epi-

282 236 418 280 scopum
444 260 456 276 ,
482 236 548 269 sese
574 245 634 277 pro
656 233 858 278 Apostolicae
885 235 976 268 Sedis
1007 235 1167 270 Antistite

281 287 505 320 ostentantem
526 309 539 325 ‚
576 286 733 329 graviter*
757 295 916 327 tanquam
938 285 1167 320 Ecclefiasticae

281 334 483 371 Hierarchiae
503 333 763 378 perturbatorem
790 336 899 379 arguit
927 334 1062 370 Sanstus
1086 336 1167 369 Hie-

282 396 467 428 ronymus,
495 386 648 429 opposito
672 386 813 429 septimo
837 385 978 419 Nicaeno
1002 386 1165 426 canone,

280 435 371 478 juxta
395 446 495 479 quem
520 435 681 469 AEliensis
703 435 884 478 Episcopus
907 447 974 469 non
1000 436 1045 470 cst
1068 462 1078 478 ‚
1106 436 1163 469 nifi

268 485 503 530 suffraganeus
526 485 750 528 Metropolitae
776 484 1009 532 Caesaraeenfis.
1039 486 1164 520 Eadem

276 534 323 569 de
351 537 446 570 causa
458 535 526 578 ejus
547 535 785 570 antecessorem
797 534 962 579 Cyrillum
984 536 1050 578 jam
1075 536 1166 570 audi-

279 584 388 619 vimus
421 586 612 620 damnatum
640 587 658 625 a
685 585 823 628 Synodo
852 586 1045 620 seleuciensi
1073 611 1079 618 .
1121 586 1164 619 Et

279 634 321 668 ad
342 636 565 677 Anatolium,
592 635 1010 678 constantinopolitanum
1031 636 1163 680 Episco-

279 697 358 728 pum
387 711 398 726 ,
421 686 555 729 Synodi
577 684 857 719 Chalcedonensis
884 687 1075 720 auctoritate
1102 696 1164 720 tres

277 735 509 779 autocephalas
556 736 732 770 Dioeceses'
766 735 977 770 invadentem
1006 760 1016 775 ‚
1054 736 1162 769 scribit

279 786 412 819 Sanstus
431 787 501 820 Leo
523 797 687 830 magnus,
714 784 823 829 quod,
850 784 1011 830 quidquid
1032 787 1136 829 egerit
1151 810 1161 825 ,

279 845 420 877 nequeat
442 836 551 876 sedem
576 837 667 869 suam
695 836 802 869 facere
823 834 1053 879 Apostolicam
1079 861 1086 868 .
1116 836 1159 869 Et

106 325 241 366 Epist-61.

102 862 236 903 Epist-54.
278 885 433 929 Bulgaris
453 910 463 925 ,
493 885 629 927 quinam
654 885 810 929 Episcopi
831 886 895 920 sint
924 887 1082 920 veraciter
1102 886 1161 919 Pa-

276 933 423 968 triarchae
434 959 444 975 ,
471 935 708 969 sciscitantibus
721 960 731 975 ,
743 936 910 979 respondit
924 937 1086 970 Nicolaus
1099 937 1161 979 pri-

276 996 350 1022 mus
367 996 424 1021 eos
445 986 507 1019 esse
531 986 618 1020 solos
639 996 702 1019 tres
727 995 927 1021 memoratos
946 1011 957 1026 ,
988 986 1076 1030 qpod
1099 986 1157 1019 soli

98 1053 135 1083 c.
150 1065 166 1089 9
272 1033 421 1069 habeant
442 1034 558 1070 Sedem
583 1035 812 1079 Apostolicam
840 1049 848 1069 ε
875 1037 924 1070 Ea
948 1047 1054 1070 carere
1068 1035 1157 1069 Con-

275 1085 610 1129 stantinopolitanum
623 1087 657 1120 &
670 1086 1018 1130 Hierosolymitanum
1029 1111 1040 1126 ‚
1068 1085 1159 1120 ideo-

275 1147 340 1179 que
364 1134 444 1169 licet
465 1136 639 1176 dicantur,
665 1146 775 1178 tamen
799 1137 908 1179 revera
931 1148 1000 1177 non
1024 1136 1086 1170 effe
1098 1135 1157 1172 P-a-

275 1185 452 1220 triarchas.
480 1187 525 1220 Et
548 1187 624 1230 quia
645 1185 909 1221 Alexandrinam
932 1187 1040 1221 sedem
1067 1186 1156 1219 dum-

276 1245 367 1270 taxat
389 1248 444 1280 per
468 1236 623 1270 Marcum
650 1237 847 1280 discipulum
879 1239 1014 1271 Sand'tus
1040 1236 1156 1270 Petrus

273 1285 416 1326 insedit,
443 1286 477 1319 in
492 1285 671 1320 Relatione
691 1287 733 1321 ad
759 1287 943 1321 Damasum
956 1287 1155 1320 Pontificem

271 1336 357 1369 reste
377 1334 443 1371 haec
464 1337 599 1378 praesens
631 1336 785 1379 synodus
808 1336 1008 1372 Cathedram
1036 1337 1156 1371 Antio-

271 1383 414 1422 chenam
434 1396 532 1420 vocat
554 1386 772 1427 vetusttffimam
792 1399 826 1421 ac
851 1389 924 1421 vere
948 1386 1153 1429 Apostolicam.

93 1434 185 1474 Epiffi
204 1440 253 1469 18·
271 1434 330 1469 Est
353 1440 443 1470 enim
455 1461 466 1477 ,
493 1437 590 1471 utiad
603 1436 833 1472 Alexandrum
854 1437 922 1480 ejus
934 1436 1154 1470 Patriarcham

91 1485 157 1507 ⁰¹⁷
268 1485 381 1520 scribit
402 1487 621 1520 Innocentius
643 1487 767 1529 primus
789 1511 799 1526 ,
827 1489 934 1519 Prima
954 1491 1048 1526 primi
1083 1490 1155 1527 Apo-

262 1534 330 1575 stoli
367 1537 458 1568 Sedes
483 1559 494 1574 ,
519 1547 588 1577 quae
608 1535 693 1568 urbi:
723 1539 827 1568 Romae
846 1537 917 1568 Sedi
938 1547 997 1568 non
1017 1536 1153 1575 cederet,

268 1583 327 1625 nist
343 1586 427 1626 quod
453 1585 506 1617 illa
524 1591 559 1618 in
591 1583 716 1626 tranfitu
741 1591 849 1621 meruit
868 1610 878 1624 ‚
908 1586 962 1625 ista
984 1584 1152 1627 susceptum

268 1636 356 1675 apud
369 1633 404 1678 se
418 1659 428 1674 ‚
452 1633 743 1676 consummatumque
759 1636 926 1678 gauderet.
954 1635 1034 1682 Qo
1057 1637 1150 1678 respi-

268 1684 314 1716 cit
337 1684 372 1717 &
398 1685 534 1717 Sanctus
548 1682 756 1727 Augustinus
769 1684 911 1720 scribens
924 1685 964 1717 ad
992 1685 1150 1726 quosdam

90 1738 247 1780 Epist.16-2.
268 1732 451 1776 Episcopos
471 1734 683 1767 Donatistas:
714 1739 751 1768 1n
770 1737 909 1767 Romana
931 1734 1058 1775 Ecclesia
1073 1733 1150 1777 sem-

261 1790 321 1825 per
333 1783 674 1825 Cathedraeapoltoltcae
686 1790 784 1827 w'guic
806 1787 1003 1826 Principatus
1014 1810 1021 1816 .

317 1832 424 1867 Porro
463 1833 659 1876 Apostolica
696 1834 840 1868 Ecclesia
860 1835 951 1868 aliud
987 1846 1056 1868 non
1078 1835 1149 1874 est,

267 1883 366 1924 quam
390 1884 535 1918 Ecclesia
559 1883 746 1927 Apostolici
768 1884 935 1928 dogmatis
960 1885 1149 1918 &commu-

265 1934 379 1967 nionis
415 1959 422 1965 .
467 1933 701 1968 Tertullianus
736 1935 773 1967 in
809 1935 895 1969 libro
933 1933 1150 1977 Praescriptio-

264 1994 347 2017 num
384 1983 507 2018 dividit
543 1984 580 2017 in
611 1983 693 2018 duas
730 1983 842 2019 classes
867 1997 875 2017 ;
913 1984 952 2019 In
987 1985 1149 2019 Ecclefias

88 2046 182 2075 (320,
196 2055 245 2075 ῃ,
264 2033 475 2077 Apostolicas
506 2034 581 2076 fidei
622 2040 761 2068 matrices
808 2037 843 2069 Θ·
874 2036 1033 2078 originales
1063 2059 1075 2075 ,
1114 2036 1148 2069 &

89 2094 134 2120 32·
155 2089 204 2121 36.
263 2084 300 2117 in
322 2083 480 2119 Ecclesias
507 2084 717 2127 Apostolicas
746 2086 786 2118 de
810 2083 1068 2129 consanguinitate
1094 2086 1146 2118 do-

262 2134 370 2167 c‘lrInae
407 2159 418 2174 ,
452 2134 569 2177 utpote
597 2132 710 2178 soboles
752 2134 947 2176 Ecclefiarum
978 2134 1149 2177 apostolica-

262 2195 332 2218 rum
351 2210 358 2215 .
400 2184 591 2228 originales
617 2186 652 2218 δε
677 2185 830 2219 matrices
853 2184 936 2218 dicit
961 2186 1025 2218 esse
1053 2186 1147 2226 illas,

262 2235 350 2276 apud
368 2245 446 2276 quas
467 2232 542 2277 ipsae-
563 2233 660 2267 adbuc
670 2233 836 2268 Catbedrae
861 2234 1055 2276 qust'olorum
1067 2244 1145 2276 prae-

257 2284 394 2326 fidentur
408 2309 419 2325 ,
443 2293 498 2317 aut
524 2282 598 2326 ipsae
624 2283 806 2318 authentica
830 2296 929 2318 eorum
957 2286 1067 2319 litterae
1079 2292 1146 2319 reci-

263 2343 393 2374 tantur,
421 2346 498 2376 quas
534 2333 592 2376 ipfi
627 2334 749 2376 Apostoli
785 2335 980 2368 condiderunt
997 2360 1007 2375 ‚
1032 2335 1089 2377 ipsi
1104 2342 1145 2368 eis

258 2385 457 2427 praedicando
482 2393 548 2417 tam
583 2389 662 2417 viva
689 2396 758 2419 voce
784 2409 794 2425 ,
820 2387 913 2426 quam
932 2394 991 2426 per
1028 2385 1145 2427 Episto-

262 2436 313 2468 las
330 2434 453 2475 postea.
481 2433 652 2475 Ejusmodi
675 2435 750 2467 sunt
777 2433 1031 2471 Corinthiorum
1045 2460 1055 2475 ,
1082 2435 1144 2468 Ga-

263 2482 448 2522 huharum,
475 2481 731 2526 Philippensium
746 2507 756 2524 ,
782 2482 1017 2527 Ephesiorum,
1041 2484 1145 2519 Thes-

262 2532 513 2567 salonicenfium
540 2533 687 2569 Eccleliae
715 2558 725 2573 ,
761 2534 794 2567 δε
820 2535 989 2577 prasertim
1028 2535 1146 2569 Hiero-

262 2583 486 2626 solymitana‚
513 2594 610 2627 quam
638 2583 671 2615 in
701 2584 881 2618 Relatione
907 2584 947 2619 ad
962 2586 1141 2620 Damasum

262 2632 464 2666 Pontificem
502 2631 569 2667 haec
597 2634 727 2676 praesens
763 2634 919 2677 synodus
944 2636 1025 2668 rosto*
1061 2636 1142 2669 dicit

262 2683 326 2716 effe
351 2689 480 2716 omnium
506 2685 635 2716 altarum
671 2692 798 2717 matrem
819 2709 827 2716 .
865 2685 918 2718 De
943 2686 1022 2719 Sion
1051 2686 1142 2720 enim

261 2726 366 2766 exivit
388 2733 442 2766 lex
468 2758 478 2774 ,
504 2734 538 2767 ὃς
572 2733 707 2767 verbum
745 2734 889 2777 Domini
918 2734 961 2773 de
987 2736 1142 2770 Hierusa-

261 2782 330 2816 lem
359 2807 369 2822 ,
404 2782 445 2816 ad
482 2795 581 2826 quam
607 2784 785 2818 multifarie
822 2784 999 2828 multisque
1035 2787 1143 2821 modis

262 2833 346 2874 olim
374 2832 513 2875 loquens
549 2835 641 2867 Deus
667 2834 701 2867 in
727 2833 903 2876 Prophetis
923 2859 934 2874 ,
971 2836 1142 2871 noviffime

261 2881 381 2915 diebus
397 2882 465 2915 istis
486 2894 553 2916 non
575 2883 703 2917 tantum
716 2884 748 2916 in
763 2883 953 2926 Apostolis‚
980 2885 1032 2918 sed
1052 2885 1087 2918 ὃς
1107 2887 1141 2920 in

261 2932 439 2976 unigenito
460 2933 550 2966 Filio
565 2929 617 2966 'est
641 2933 770 2969 locutus
796 2959 803 2966 .
844 2934 938 2967 Alias
963 2935 1141 2979 originales

260 2982 296 3015 δε
317 2983 467 3016 matrices
488 2982 673 3017 docuerunt
699 2983 855 3027 Apostoli
880 3008 890 3023 ,
918 2995 989 3026 quae
1014 2997 1141 3029 accepe-

262 3034 365 3066 ranta
387 3031 542 3074 Christo,
573 3031 736 3076 hancipse
758 3033 928 3074 Christus,
955 3045 1026 3078 quae
1049 3047 1139 3070 acce-

262 3092 351 3125 perat
365 3082 382 3115 a
395 3084 470 3116 Deo
481 3106 489 3114 .

312 3132 412 3166 Reste
430 3143 540 3166 tamen
553 3132 781 3167 Tertullianus
804 3133 845 3168 de
867 3134 1008 3168 Ecclesia
1020 3134 1141 3169 Roma-

261 3194 323 3216 na:
349 3182 410 3222 Ista
430 3184 521 3225 quam
537 3182 629 3224 foelix
650 3183 776 3225 Ecclesia
799 3185 811 3216 ἓ
839 3189 896 3217 Cur·
915 3194 1009 3216 totam
1033 3187 1137 3220 doc‘lri

261 3232 485 3274 namApostoli‚
513 3232 651 3272 Petrus,
677 3232 817 3272 Paulus,
838 3234 1048 3277 &Joannes‚
1073 3247 1138 3268 cum

256 3279 402 3324 sanguine
416 3281 471 3325 suo
489 3282 709 3324 profuderunt.
738 3283 833 3316 Licet
856 3295 923 3317 non
937 3294 1084 3327 tempore
1105 3287 1137 3319 &

261 3333 442 3376 propagine
455 3357 464 3372 ‚
480 3333 580 3377 longe
594 3344 702 3367 tamen
716 3334 927 3367 eminentiori
938 3334 1041 3378 gradu
1055 3360 1065 3375 ‚
1078 3336 1138 3368 Di-

260 3381 337 3412 vina
347 3383 462 3425 nempe
475 3384 611 3426 supremi
632 3382 796 3416 Primatus
808 3384 965 3426 potestate
979 3408 989 3423 ,
1006 3385 1049 3418 est
1067 3397 1134 3418 om—

259 3430 354 3464 nium
382 3431 595 3468 Ecclefiarum
620 3434 744 3475 prima,
771 3444 874 3470 mater
896 3458 905 3473 ,
931 3444 1030 3477 caput
1053 3459 1060 3465 .
1090 3436 1139 3468 Ad

359 3484 495 3515 Canones
508 3482 688 3523 Conc.Const.
701 3487 808 3515 TomJ.

83 3150 119 3179 C.
139 3150 169 3178 6:

1237 134 1316 167 banc*
1334 133 1490 176 Ecclesiam
1514 159 1524 176 ,
1551 136 1662 180 inquit
1686 137 1890 182 Apostolicis
1911 144 2116 188 temporibus
2134 142 2195 180 L3-
2211 151 2270 180 c·3·
2326 153 2328 155 ’

1234 185 1360 219 vicinus
1385 186 1519 219 Sanetus
1539 185 1676 221 Irenaeus
1699 189 1880 236 Episcopus
1912 194 2116 239 Lugdunen-

1231 235 1267 269 sis
1295 259 1306 275 ‚
1339 244 1464 278 propter
1492 242 1688 278 potentiorem
1719 244 1979 282 principalitatem
2010 245 2115 288 necesse

1231 285 1268 324 est
1303 291 1460 319 convenire
1496 298 1611 319 omnem
1639 287 1796 329 Ecclesiam
1824 314 1833 328 ‚
1863 292 1913 324 hoc
1944 294 1981 332 est
2008 319 2018 334 ‚
2043 307 2089 328 eos
2102 318 2115 334 ,

1231 341 1283 377 qui
1297 334 1372 377 sunt
1394 338 1526 378 undique
1546 337 1682 379 fideles,
1709 344 1742 370 in
1766 350 1826 380 qua
1848 338 1964 382 semper
1986 344 2024 376 ab
2044 344 2114 385 his,

1231 390 1283 426 qui
1301 384 1375 428 sunt
1398 388 1553 428 undique,
1581 386 1762 431 conservata
1785 387 1823 427 est
1846 401 1901 431 ea,
1928 403 1994 432 quae
2014 393 2052 433 est
2072 394 2113 426 ab

1232 434 1369 476 apostolis
1405 438 1531 469 traditio
1551 463 1557 470 .
1587 437 1684 472 Adeo
1720 439 1894 474 Romanus
1927 440 2113 483 primatus,

1230 484 1319 527 quod
1340 485 1506 520 Lutherus
1530 487 1566 521 ὃ(
1591 487 1754 522 Calvinus
1778 490 1948 534 garriunt,
1975 502 2044 525 non
2065 492 2113 525 est

1228 533 1396 569 hesternus
1408 560 1415 567 .
1430 542 1432 544 ’

1280 584 1428 619 Ecclesiae
1439 598 1480 620 ex
1498 587 1565 621 sola
1578 588 1722 622 doHrinae
1743 589 2000 635 consanguinitate
2021 591 2114 634 Apo·

1229 633 1348 668 stolicae
1362 637 1435 669 sunt
1452 636 1535 675 illae,
1562 650 1631 681 quae
1644 640 1717 673 sunt
1731 651 1805 673 vera
1831 653 1868 675 ac
1879 653 2033 686 germana
2055 652 2113 684 pet

1231 684 1421 728 legitimum
1446 686 1594 728 Apostolici
1627 686 1753 730 seminis
1790 692 1944 724 traducem
1980 692 2111 726 soboles

1226 736 1400 770 matricum
1427 737 1687 781 &originalium
1702 763 1713 778 ,
1739 739 1908 783 dequibus
1926 741 2015 775 idem
2026 742 2111 775 ‘rer‘

1226 785 1406 819 tullianus:
1433 789 1493 819 Per
1509 789 1664 831 Judaeam
1687 788 1847 828 contestata
1867 790 1929 831 fide
1948 797 1981 823 in
1996 790 2111 835 Jesum
2126 786 2222 817 020'

1223 834 1372 876 Christum
1388 861 1399 875 ‚
1425 838 1459 870 Θ
1471 836 1605 878 Ecclest'is
1615 838 1759 878 institutis
1772 863 1782 881 ,
1807 845 1840 871 in
1865 840 1962 872 orbem
1977 840 2110 882 profec‘lt

1225 885 1346 926 Apostoli
1366 888 1493 920 eandem
1515 887 1682 920 doctrinam
1692 887 1825 931 ejusdem
1851 889 1924 931 fidei
1934 890 2109 923 nationibus

1218 937 1447 979 promulgarunt
1471 961 1481 976 ,
1519 939 1554 971 (5
1570 941 1698 979 proinde
1718 939 1864 981 Ecclefias
1899 941 1986 982 apud
2003 952 2110 973 unam·

1224 996 1371 1027 quamque
1391 992 1548 1019 civitatem
1572 990 1770 1022 condiderunt
1793 1014 1803 1029 ,
1829 991 1849 1021 ἆ
1871 989 1977 1032 quibus
2001 992 2109 1029 tradu-

1222 1046 1282 1067 cem
1287 1035 1382 1076 fidei,
1410 1038 1444 1069 (τ
1464 1035 1582 1079 s‘emina
1607 1039 1749 1072 doilrinae
1762 1064 1772 1079 ‚
1798 1050 1914 1073 caeterae
1927 1041 2037 1080 exinde
2048 1044 2109 1073 Ee·

1220 1083 1309 1126 clefiae
1332 1094 1478 1119 mutuate
1494 1085 1569 1129 sunt
1591 1112 1601 1127 ‚
1629 1090 1662 1121 (θ’
1690 1091 1822 1131 quotidie
1844 1100 2022 1123 mutuantur
2035 1115 2045 1130 ,
2071 1098 2108 1123 ut

1221 1134 1356 1176 Ecclefiae
1363 1136 1464 1178 fiant:
1493 1140 1533 1175 Ac
1542 1145 1600 1178 per
1612 1136 1664 1173 hoc
1690 1140 1724 1172 (τ
1745 1138 1818 1180 ipsae
1832 1139 1995 1180 Apostolicae
2017 1141 2107 1181 depu-

1221 1194 1347 1225 tantur,
1373 1196 1406 1218 ut
1413 1184 1525 1228 soboles
1556 1187 1750 1228 Ecclesiarum
1763 1188 2009 1230 apostolicarum.
2037 1194 2108 1222 Om-

1221 1248 1256 1269 ne
1263 1248 1359 1279 genus
1373 1238 1418 1268 ad
1429 1243 1571 1280 originem
1586 1236 1677 1280 suam
1690 1238 1874 1282 recenseatur
1886 1263 1896 1278 ‚
1923 1240 2026 1282 necesse
2047 1239 2085 1279 est
2096 1264 2103 1270 -

1219 1290 1326 1328 Itaque
1338 1295 1381 1319 tot
1407 1288 1441 1320 ’ἀν’
1453 1295 1550 1320 tantae
1562 1285 1695 1328 Ecclesiae
1710 1313 1721 1328 ,
1748 1301 1809 1322 una
1820 1289 1857 1328 est
1867 1291 1919 1322 illa
1942 1289 1982 1322 ab
1994 1289 2105 1331 Aposto-

1218 1337 1256 1368 lis
1274 1343 1380 1378 prima
1399 1361 1410 1377 ,
1435 1349 1472 1370 ex
1495 1349 1556 1380 qua
1576 1349 1676 1371 omnes
1698 1363 1705 1370 .
1742 1342 1789 1372 Sic
1812 1351 1912 1372 omnes
1932 1346 2045 1381 prima:
2070 1341 2106 1373 (Ὗ

1221 1386 1386 1427 Apostolicae
1409 1411 1420 1426 ‚
1447 1388 1519 1420 dum
1538 1389 1600 1420 una
1635 1400 1736 1421 omnes
1767 1389 1902 1431 probant
1924 1396 2073 1422 unitatem
2094 1402 2106 1422 :

1220 1439 1301 1468 Dum
1315 1436 1352 1475 est
1363 1438 1425 1469 illis
1435 1443 1655 1471 communicatio
1660 1444 1748 1479 pacis
1760 1463 1770 1478 ‚
1801 1439 1835 1476 (Ξῖ
1860 1436 2022 1480 appellatio
2037 1439 2107 1479 fra-

1219 1490 1375 1518 ternitatis
1398 1509 1408 1525 ,
1447 1488 1485 1523 (θ’,
1501 1489 1698 1529 contesseratio
1730 1487 1952 1530 hospitalitatis
1979 1513 1986 1520 .
2024 1490 2106 1532 ,ραις

1212 1536 1289 1575 jura
1301 1547 1359 1569 non
1371 1536 1434 1567 alia
1449 1541 1526 1568 ratio
1535 1544 1611 1579 regit
1628 1562 1638 1577 ,
1663 1539 1755 1579 quam
1779 1536 1909 1580 ejusdem
1920 1540 1940 1570 5
1942 1546 2108 1572 aeramenti

1217 1597 1278 1616 una
1299 1588 1445 1618 traditio.
1477 1586 1523 1618 Et
1540 1588 1645 1620 infra:
1670 1588 1735 1619 Illae
1760 1587 1896 1628 Ecclefiae
1910 1612 1920 1627 ‚
1947 1601 2015 1630 quae
2036 1592 2108 1623 licet
2124 1592 2157 1621 C·
2169 1600 2216 1627 32«

1217 1635 1330 1666 nullum
1354 1646 1392 1667 ex
1416 1634 1554 1675 apostolis
1587 1637 1639 1669 vel
1662 1636 1824 1677 apostolicis
1852 1639 2000 1671 auctorem
2017 1638 2106 1682 suum

1211 1683 1372 1724 proferant
1386 1707 1396 1723 ‚
1422 1693 1456 1717 ut
1474 1686 1565 1718 multo
1574 1685 1745 1726 posteriores
1758 1712 1767 1726 ‚
1797 1699 1865 1729 quae
1889 1690 2016 1730 denique
2037 1701 2107 1731 quo·

1216 1735 1291 1766 tidie
1299 1733 1491 1772 instituuntur
1503 1759 1514 1774 ‚
1541 1742 1686 1768 tamenin
1699 1738 1804 1769 eadem
1823 1737 1887 1778 fide
1899 1737 2105 1780 conspirantes

1218 1795 1275 1815 non
1286 1785 1384 1816 minus
1396 1784 1562 1826 Apostolicae
1573 1787 1758 1827 deputantur
1767 1794 1826 1827 pro
1845 1786 2105 1831 consanguinitate

1215 1834 1358 1867 doctrina
1383 1858 1390 1865 .
1419 1835 1500 1867 Hoc
1524 1835 1616 1868 sensu
1643 1836 1789 1870 nostrum
1812 1837 2011 1879 Symbolum
2034 1841 2105 1872 uni·

1215 1884 1340 1917 versam
1364 1884 1542 1918 Ecclesiam
1565 1886 1628 1919 esse
1655 1886 1761 1927 dicit,
1789 1898 1857 1920 non
1886 1888 2104 1923 solummodo

1214 1944 1336 1975 unam,
1364 1935 1504 1968 sanctam
1526 1960 1537 1975 ,
1563 1935 1596 1969 ὃς
1618 1934 1840 1978 catholicam,
1866 1938 1924 1972 sed
1952 1939 1986 1972 &
2008 1939 2103 1982 Apo-

1214 1983 1385 2018 stolioam:
1411 1985 1526 2026 utique
1553 1985 1604 2019 vel
1618 1987 1720 2029 prima
1733 1987 1887 2031 origine,
1913 1988 1964 2022 vel
1991 1989 2104 2035 legiti-

1213 2045 1270 2068 mo
1298 2035 1448 2068 traduce.

1262 2083 1356 2117 Hinc
1383 2083 1610 2120 haereticorum
1646 2087 1680 2120 ὅ(
1702 2085 1983 2123 schismaticorum
2021 2102 2099 2126 con-

1214 2134 1378 2168 venticula
1392 2134 1484 2169 nullo
1497 2136 1599 2170 modo
1623 2137 1697 2171 sunt
1709 2137 1861 2172 Ecclefiae
1873 2138 2095 2182 Apostolicae:

1213 2185 1332 2228 Neque
1366 2195 1553 2225 utmatres‚
1580 2198 1687 2230 neque
1709 2197 1746 2220 ut
1759 2187 1907 2225 soboles.
1935 2188 2097 2225 Alienum

1212 2234 1332 2278 quippe
1354 2235 1447 2269 suum
1474 2235 1597 2281 dogma
1625 2248 1731 2280 neque
1755 2237 1795 2271 ab
1818 2239 1891 2281 ipsis
1903 2238 2094 2281 Apostolis,

1213 2296 1319 2327 neque
1340 2285 1382 2318 ab
1404 2297 1518 2320 eorum
1541 2287 1576 2319 in
1599 2287 1740 2320 docendi
1766 2299 1901 2324 munere
1915 2301 1969 2332 per
1990 2289 2096 2334 legiti-

1211 2345 1301 2368 mum
1314 2335 1480 2369 traducem
1494 2336 1570 2369 filiis
1595 2338 1627 2370 3<
1641 2338 1870 2372 successoribus
1881 2351 2073 2383 acceperunt
2085 2366 2092 2373 .

1211 2384 1342 2419 Primus
1354 2386 1507 2428 cujusque
1519 2385 1671 2421 haereseos
1699 2397 1755 2421 aut
1779 2388 1959 2423 schismatis
1982 2391 2096 2423 funda-

1211 2444 1263 2469 tor
1275 2436 1396 2478 semper
1407 2436 1453 2469 est
1467 2460 1478 2475 ,
1506 2437 1594 2480 quod
1618 2437 1659 2471 de
1672 2437 1805 2472 Vistore
1817 2463 1827 2478 ‚
1856 2439 1962 2483 primo
1979 2440 2095 2474 Dona-

1210 2485 1359 2519 tistarum
1386 2486 1544 2522 Romano
1580 2487 1744 2531 Episcopo
1767 2512 1778 2528 ,
1817 2488 1927 2523 scribit
1949 2490 2094 2532 Optatus

1211 2535 1447 2569 Milevitanus:
1476 2538 1576 2569 Filius
1582 2536 1644 2577 fine
1650 2545 1743 2578 patre
1754 2562 1765 2578 ‚
1787 2541 1857 2576 Tyro
1861 2538 1924 2580 fine
1939 2542 2091 2581 Principe,
2109 2556 2138 2584 L,
2156 2566 2180 2585 Ξ,

1211 2582 1371 2626 discipulus
1390 2585 1454 2626 fine
1477 2586 1613 2629 magistro
1633 2612 1642 2627 ,
1669 2587 1819 2631 adeoque
1842 2589 1927 2622 filius
1949 2590 2090 2632 impius,

1209 2646 1317 2669 ramus
1338 2636 1473 2675 frastus,
1501 2637 1624 2679 palmes
1648 2637 1822 2675 abscissus,
1850 2639 1934 2671 rivus
1959 2638 1975 2670 a
1997 2640 2091 2674 fonte

1208 2686 1379 2718 concisus.
1408 2686 1539 2719 Sanstus
1551 2687 1688 2720 Irenaeus
1702 2697 1795 2720 vocat
1812 2686 1961 2731 abscissum
1973 2691 1991 2720 ἃ
2004 2695 2091 2730 prin-

1207 2736 1296 2776 cipali
1315 2733 1477 2778 succeffione
1500 2735 1694 2777 Apostolorum
1708 2761 1718 2776 ‚
1746 2743 1798 2778 qui
1817 2748 1879 2769 cum
1890 2737 2089 2780 Episcopatus
2110 2748 2245 2785 L.3.c.43,

1203 2783 1366 2828 succeffione
1378 2784 1527 2828 charisma
1541 2791 1685 2820 veritatis
1696 2795 1806 2819 certum
1810 2785 1971 2829 secundum
1990 2790 2090 2830 placi-

1207 2845 1271 2869 tum
1299 2838 1404 2869 Patris
1421 2843 1612 2877 acceperunt.

1257 2884 1405 2932 Qaesiio
1427 2885 1472 2918 est
1485 2910 1495 2925 ,
1521 2896 1579 2918 cur
1590 2897 1706 2923 omnes
1727 2885 1821 2921 hasce
1841 2898 1922 2921 verae
1936 2888 2087 2926 Ecclesiae

1207 2945 1303 2969 notas
1324 2934 1479 2977 synodus
1502 2935 1663 2977 symbolo
1687 2936 1842 2970 indiderit
1865 2939 1877 2970 ?
1906 2938 2085 2973 Rationem

1205 2986 1262 3018 dat
1283 2986 1438 3018 Hermias
1459 2985 1691 3019 Zozomenus:
1719 2985 1888 3028 Theodofius
1923 2993 2085 3030 Imperator
2108 2982 2164 3015 [¹7.
2182 2988 2256 3020 0¹21

1205 3041 1371 3078 vigentium
1393 3045 1462 3067 tunc
1478 3033 1627 3077 Jec‘larum
1653 3036 1862 3079 Antefignanos
1883 3046 2078 3079 convocavit,

1204 3094 1237 3117 ut
1259 3095 1313 3118 aut
1336 3082 1480 3127 discerent
1506 3094 1559 3118 aut
1581 3087 1714 3119 docerent
1725 3098 1822 3119 eorum
1837 3093 2014 3129 veritatem,
2043 3092 2083 3123 de

1203 3134 1312 3177 quibus
1333 3141 1413 3167 inter
1443 3133 1477 3177 se
1495 3135 1712 3168 contendebant
1733 3161 1740 3168 .
1779 3137 1926 3177 sperabat
1948 3146 2027 3171 enim
2047 3139 2083 3182 se

1202 3196 1300 3217 omnes
1323 3184 1491 3224 effec¹lurum
1513 3185 1564 3227 effe
1576 3187 1727 3218 concordes
1742 3210 1752 3225 ‚
1771 3186 1802 3227 fi
1812 3199 1988 3220 communem
2011 3189 2080 3230 ipfis

1202 3236 1239 3267 de
1248 3233 1449 3275 controversis
1462 3235 1604 3269 dollrtnae
1616 3233 1844 3277 disputationem
1863 3237 2051 3281 proposuiffet
2070 3265 2076 3273 .

1202 3285 1277 3317 Scio
1290 3282 1375 3317 hanc
1387 3284 1560 3326 Synodum
1585 3286 1796 3328 posteriorem
1818 3287 1929 3321 nostro
1942 3288 2079 3329 Symbo-

1203 3334 1254 3365 lo:
1285 3334 1481 3374 Ejustamen
1494 3343 1642 3378 tempore
1667 3347 1722 3378 per
1743 3347 1879 3370 omnem
1905 3338 2077 3371 Orientem

1199 3382 1424 3429 grassabantur
1446 3384 1708 3422 Novatianenses
1729 3410 1740 3425 ,
1781 3387 1898 3420 Ariani
1921 3410 1931 3426 ,
1965 3387 2078 3426 Eunt),

1201 3435 1302 3468 miani
1324 3458 1334 3474 ,
1363 3434 1624 3476 Macedoniani,
1650 3434 1842 3473 Photiaiani
1862 3459 1872 3476 ,
1904 3435 2078 3479 Apollina-

1606 3485 1639 3518 X
1666 3497 1688 3528 y
1989 3486 2028 3519 ri-
