<?xml version="1.0" encoding="UTF-8"?>
<!DOCTYPE html PUBLIC "-//W3C//DTD XHTML 1.0 Transitional//EN"
    "http://www.w3.org/TR/xhtml1/DTD/xhtml1-transitional.dtd">
<html xmlns="http://www.w3.org/1999/xhtml" xml:lang="en" lang="en">
 <head>
  <title>
</title>
<meta http-equiv="Content-Type" content="text/html;charset=utf-8" />
  <meta name='ocr-system' content='tesseract 3.04.00' />
  <meta name='ocr-capabilities' content='ocr_page ocr_carea ocr_par ocr_line ocrx_word'/>
</head>
<body>
  <div class='ocr_page' id='page_1' title='image "./operaomniastudio01lupuuoft_0445.png"; bbox 0 0 2346 3776; ppageno 0'>
   <div class='ocr_carea' id='block_1_1' title="bbox 614 79 1640 135">
    <p class='ocr_par' dir='ltr' id='par_1_1' title="bbox 614 79 1640 135">
     <span class='ocr_line' id='line_1_1' title="bbox 614 79 1640 135; baseline 0.007 -12"><span class='ocrx_word' id='word_1_1' title='bbox 614 79 920 135; x_wconf 64' lang='lat' dir='ltr'><strong>Seuerus,</strong></span> <span class='ocrx_word' id='word_1_2' title='bbox 959 91 1020 121; x_wconf 70' lang='grc' dir='ltr'><strong>ετ</strong></span> <span class='ocrx_word' id='word_1_3' title='bbox 1058 87 1230 123; x_wconf 65' lang='lat' dir='ltr'><strong>noi-1⁸</strong></span> <span class='ocrx_word' id='word_1_4' title='bbox 1265 88 1640 130; x_wconf 66' lang='lat' dir='ltr'><strong>utusTRArx.</strong></span> 
     </span>
    </p>
   </div>
   <div class='ocr_carea' id='block_1_2' title="bbox 447 159 1095 210">
    <p class='ocr_par' dir='ltr' id='par_1_2' title="bbox 447 159 1095 210">
     <span class='ocr_line' id='line_1_2' title="bbox 447 159 1095 210; baseline -0.003 -12.851"><span class='ocrx_word' id='word_1_5' title='bbox 447 176 537 210; x_wconf 74' lang='lat' dir='ltr'><strong>quem</strong></span> <span class='ocrx_word' id='word_1_6' title='bbox 556 173 595 197; x_wconf 73' lang='lat' dir='ltr'><strong>ex</strong></span> <span class='ocrx_word' id='word_1_7' title='bbox 624 166 669 199; x_wconf 77' lang='lat' dir='ltr'><strong>m</strong></span> <span class='ocrx_word' id='word_1_8' title='bbox 685 170 800 197; x_wconf 78' lang='lat' dir='ltr'><strong>eventu</strong></span> <span class='ocrx_word' id='word_1_9' title='bbox 830 159 984 205; x_wconf 55' lang='lat' dir='ltr'><strong>Residum</strong></span> <span class='ocrx_word' id='word_1_10' title='bbox 1003 165 1095 195; x_wconf 77' lang='lat' dir='ltr'><strong>nomi-</strong></span> 
     </span>
    </p>
   </div>
   <div class='ocr_carea' id='block_1_3' title="bbox 210 169 424 217">
    <p class='ocr_par' dir='ltr' id='par_1_3' title="bbox 210 169 424 217">
     <span class='ocr_line' id='line_1_3' title="bbox 210 169 424 217; baseline 0.01 -12.038"><span class='ocrx_word' id='word_1_11' title='bbox 210 169 385 217; x_wconf 62' lang='lat' dir='ltr'><strong>preferens</strong></span> <span class='ocrx_word' id='word_1_12' title='bbox 413 190 424 207; x_wconf 67' lang='lat'><em>³</em></span> 
     </span>
    </p>
   </div>
   <div class='ocr_carea' id='block_1_4' title="bbox 156 176 1102 254">
    <p class='ocr_par' dir='ltr' id='par_1_4' title="bbox 156 176 1102 254">
     <span class='ocr_line' id='line_1_4' title="bbox 156 176 1102 254; baseline -0.011 0"><span class='ocrx_word' id='word_1_13' title='bbox 156 234 160 239; x_wconf 87' lang='lat'><em>·</em></span> <span class='ocrx_word' id='word_1_14' title='bbox 218 229 319 254; x_wconf 82' lang='lat' dir='ltr'><strong>nant:</strong></span> <span class='ocrx_word' id='word_1_15' title='bbox 347 218 429 252; x_wconf 75' lang='lat' dir='ltr'><strong>Alter</strong></span> <span class='ocrx_word' id='word_1_16' title='bbox 447 176 521 249; x_wconf 71' lang='lat' dir='ltr'><strong>min</strong></span> <span class='ocrx_word' id='word_1_17' title='bbox 543 211 658 246; x_wconf 75' lang='lat' dir='ltr'><strong>sabbas</strong></span> <span class='ocrx_word' id='word_1_18' title='bbox 679 236 692 252; x_wconf 91' lang='lat'><strong>,</strong></span> <span class='ocrx_word' id='word_1_19' title='bbox 717 213 753 246; x_wconf 72' lang='grc'><strong>6·</strong></span> <span class='ocrx_word' id='word_1_20' title='bbox 772 211 930 251; x_wconf 72' lang='lat' dir='ltr'><strong>Euffatius</strong></span> <span class='ocrx_word' id='word_1_21' title='bbox 955 223 1102 245; x_wconf 80' lang='lat' dir='ltr'><strong>veneran-</strong></span> 
     </span>
    </p>
   </div>
   <div class='ocr_carea' id='block_1_5' title="bbox 216 261 1103 858">
    <p class='ocr_par' dir='ltr' id='par_1_5' title="bbox 219 261 1101 309">
     <span class='ocr_line' id='line_1_5' title="bbox 219 261 1101 309; baseline -0.01 -6"><span class='ocrx_word' id='word_1_22' title='bbox 219 271 303 309; x_wconf 76' lang='lat' dir='ltr'><strong>dus,</strong></span> <span class='ocrx_word' id='word_1_23' title='bbox 327 267 518 304; x_wconf 67' lang='lat' dir='ltr'><strong>&amp;Dadoes3</strong></span> <span class='ocrx_word' id='word_1_24' title='bbox 543 261 777 306; x_wconf 69' lang='lat' dir='ltr'><strong>&amp;Semefimes‚</strong></span> <span class='ocrx_word' id='word_1_25' title='bbox 803 263 946 295; x_wconf 76' lang='lat' dir='ltr'><strong>doemonis</strong></span> <span class='ocrx_word' id='word_1_26' title='bbox 958 268 1101 295; x_wconf 69' lang='lat' dir='ltr'><strong>zizania.</strong></span> 
     </span>
    </p>

    <p class='ocr_par' dir='ltr' id='par_1_6' title="bbox 219 312 1103 457">
     <span class='ocr_line' id='line_1_6' title="bbox 219 312 1103 357; baseline -0.009 -2"><span class='ocrx_word' id='word_1_27' title='bbox 219 317 349 357; x_wconf 59' lang='lat' dir='ltr'><strong>Revera</strong></span> <span class='ocrx_word' id='word_1_28' title='bbox 358 319 501 353; x_wconf 58' lang='lat' dir='ltr'><strong>donnons:</strong></span> <span class='ocrx_word' id='word_1_29' title='bbox 521 319 667 348; x_wconf 71' lang='lat' dir='ltr'><strong>zizania:</strong></span> <span class='ocrx_word' id='word_1_30' title='bbox 689 312 758 355; x_wconf 74' lang='lat' dir='ltr'><strong>Eos</strong></span> <span class='ocrx_word' id='word_1_31' title='bbox 779 312 872 347; x_wconf 87' lang='lat' dir='ltr'><strong>enim</strong></span> <span class='ocrx_word' id='word_1_32' title='bbox 891 312 1103 347; x_wconf 83' lang='lat' dir='ltr'><strong>abominatus</strong></span> 
     </span>
     <span class='ocr_line' id='line_1_7' title="bbox 219 360 1099 405; baseline -0.009 -1"><span class='ocrx_word' id='word_1_33' title='bbox 219 369 268 404; x_wconf 77' lang='lat' dir='ltr'><strong>est</strong></span> <span class='ocrx_word' id='word_1_34' title='bbox 288 368 391 403; x_wconf 79' lang='lat' dir='ltr'><strong>etiam</strong></span> <span class='ocrx_word' id='word_1_35' title='bbox 421 366 556 401; x_wconf 81' lang='lat' dir='ltr'><strong>Severus</strong></span> <span class='ocrx_word' id='word_1_36' title='bbox 579 388 590 405; x_wconf 89' lang='lat'><strong>3</strong></span> <span class='ocrx_word' id='word_1_37' title='bbox 617 360 860 398; x_wconf 75' lang='lat' dir='ltr'>patriarchatus</span> <span class='ocrx_word' id='word_1_38' title='bbox 892 361 1099 397; x_wconf 85' lang='lat' dir='ltr'><strong>Antiocheni</strong></span> 
     </span>
     <span class='ocr_line' id='line_1_8' title="bbox 219 412 1101 457; baseline -0.008 -3"><span class='ocrx_word' id='word_1_39' title='bbox 219 418 372 457; x_wconf 71' lang='lat' dir='ltr'><strong>invasor,</strong></span> <span class='ocrx_word' id='word_1_40' title='bbox 396 415 551 450; x_wconf 87' lang='lat' dir='ltr'><strong>omnium</strong></span> <span class='ocrx_word' id='word_1_41' title='bbox 564 412 726 449; x_wconf 82' lang='lat' dir='ltr'><strong>haereseon</strong></span> <span class='ocrx_word' id='word_1_42' title='bbox 747 413 883 447; x_wconf 60' lang='lat' dir='ltr'><strong>sectator</strong></span> <span class='ocrx_word' id='word_1_43' title='bbox 900 413 935 447; x_wconf 86' lang='lat'>&amp;</span> <span class='ocrx_word' id='word_1_44' title='bbox 955 413 1101 454; x_wconf 85' lang='lat' dir='ltr'><strong>amicus3</strong></span> 
     </span>
    </p>

    <p class='ocr_par' dir='ltr' id='par_1_7' title="bbox 217 462 1102 657">
     <span class='ocr_line' id='line_1_9' title="bbox 217 462 1102 509; baseline -0.007 -7"><span class='ocrx_word' id='word_1_45' title='bbox 217 467 267 503; x_wconf 76' lang='lat' dir='ltr'><strong>ob</strong></span> <span class='ocrx_word' id='word_1_46' title='bbox 284 466 434 502; x_wconf 83' lang='lat' dir='ltr'><strong>facinora</strong></span> <span class='ocrx_word' id='word_1_47' title='bbox 456 466 491 500; x_wconf 78' lang='grc' dir='ltr'><strong>δε</strong></span> <span class='ocrx_word' id='word_1_48' title='bbox 511 464 640 509; x_wconf 82' lang='lat' dir='ltr'><strong>flagitia</strong></span> <span class='ocrx_word' id='word_1_49' title='bbox 665 462 778 508; x_wconf 78' lang='lat' dir='ltr'><strong>paffim</strong></span> <span class='ocrx_word' id='word_1_50' title='bbox 809 463 916 497; x_wconf 71' lang='lat' dir='ltr'><strong>dietus</strong></span> <span class='ocrx_word' id='word_1_51' title='bbox 945 468 1102 507; x_wconf 86' lang='lat' dir='ltr'><strong>organum</strong></span> 
     </span>
     <span class='ocr_line' id='line_1_10' title="bbox 219 512 1102 559; baseline -0.006 -7"><span class='ocrx_word' id='word_1_52' title='bbox 219 517 331 552; x_wconf 54' lang='lat' dir='ltr'><strong>diaboli</strong></span> <span class='ocrx_word' id='word_1_53' title='bbox 342 542 350 548; x_wconf 89' lang='lat'><strong>.</strong></span> <span class='ocrx_word' id='word_1_54' title='bbox 377 514 738 559; x_wconf 78' lang='lat' dir='ltr'><strong>Adelphiumternporc</strong></span> <span class='ocrx_word' id='word_1_55' title='bbox 749 512 898 549; x_wconf 83' lang='lat' dir='ltr'><strong>Flaviani</strong></span> <span class='ocrx_word' id='word_1_56' title='bbox 907 512 1102 549; x_wconf 76' lang='lat' dir='ltr'><strong>Patriarchae</strong></span> 
     </span>
     <span class='ocr_line' id='line_1_11' title="bbox 219 562 1098 607; baseline -0.007 -5"><span class='ocrx_word' id='word_1_57' title='bbox 219 566 451 607; x_wconf 79' lang='lat' dir='ltr'><strong>Antiocheni,</strong></span> <span class='ocrx_word' id='word_1_58' title='bbox 477 565 496 598; x_wconf 71' lang='grc' dir='ltr'>ὲ</span> <span class='ocrx_word' id='word_1_59' title='bbox 515 564 656 599; x_wconf 82' lang='lat' dir='ltr'><strong>secunda</strong></span> <span class='ocrx_word' id='word_1_60' title='bbox 676 562 815 606; x_wconf 79' lang='lat' dir='ltr'><strong>synodo</strong></span> <span class='ocrx_word' id='word_1_61' title='bbox 841 564 876 597; x_wconf 91' lang='lat' dir='ltr'><strong>in</strong></span> <span class='ocrx_word' id='word_1_62' title='bbox 898 562 1098 607; x_wconf 83' lang='lat' dir='ltr'>Episcopatu</span> 
     </span>
     <span class='ocr_line' id='line_1_12' title="bbox 217 612 1101 657; baseline -0.006 -5"><span class='ocrx_word' id='word_1_63' title='bbox 217 616 406 653; x_wconf 80' lang='lat' dir='ltr'><strong>confirmati</strong></span> <span class='ocrx_word' id='word_1_64' title='bbox 417 640 428 657; x_wconf 92' lang='lat'><strong>,</strong></span> <span class='ocrx_word' id='word_1_65' title='bbox 453 614 691 649; x_wconf 81' lang='lat' dir='ltr'><strong>Theodoretus</strong></span> <span class='ocrx_word' id='word_1_66' title='bbox 700 613 746 648; x_wconf 87' lang='lat' dir='ltr'><strong>ait</strong></span> <span class='ocrx_word' id='word_1_67' title='bbox 758 613 851 648; x_wconf 81' lang='lat' dir='ltr'><strong>fuiffe</strong></span> <span class='ocrx_word' id='word_1_68' title='bbox 863 612 960 657; x_wconf 61' lang='lat' dir='ltr'><strong>plene*</strong></span> <span class='ocrx_word' id='word_1_69' title='bbox 968 614 1101 653; x_wconf 86' lang='lat' dir='ltr'><strong>senem,</strong></span> 
     </span>
    </p>

    <p class='ocr_par' dir='ltr' id='par_1_8' title="bbox 216 660 1101 858">
     <span class='ocr_line' id='line_1_13' title="bbox 216 660 1100 711; baseline -0.006 -9"><span class='ocrx_word' id='word_1_70' title='bbox 216 667 371 711; x_wconf 66' lang='lat' dir='ltr'><strong>adeoque</strong></span> <span class='ocrx_word' id='word_1_71' title='bbox 404 664 509 710; x_wconf 89' lang='lat' dir='ltr'><strong>potest</strong></span> <span class='ocrx_word' id='word_1_72' title='bbox 537 665 593 699; x_wconf 88' lang='lat' dir='ltr'><strong>ille</strong></span> <span class='ocrx_word' id='word_1_73' title='bbox 621 664 681 698; x_wconf 91' lang='lat' dir='ltr'><strong>sub</strong></span> <span class='ocrx_word' id='word_1_74' title='bbox 718 660 920 698; x_wconf 82' lang='lat' dir='ltr'><strong>Constan&#39;tio</strong></span> <span class='ocrx_word' id='word_1_75' title='bbox 946 662 1100 707; x_wconf 87' lang='lat' dir='ltr'><strong>Augusto</strong></span> 
     </span>
     <span class='ocr_line' id='line_1_14' title="bbox 219 712 1101 762; baseline -0.008 -9"><span class='ocrx_word' id='word_1_76' title='bbox 219 715 374 762; x_wconf 76' lang='lat' dir='ltr'>incepisse</span> <span class='ocrx_word' id='word_1_77' title='bbox 395 718 472 754; x_wconf 85' lang='lat' dir='ltr'><strong>suos</strong></span> <span class='ocrx_word' id='word_1_78' title='bbox 493 725 615 750; x_wconf 86' lang='lat' dir='ltr'><strong>errores</strong></span> <span class='ocrx_word' id='word_1_79' title='bbox 637 739 643 746; x_wconf 91' lang='lat'>.</span> <span class='ocrx_word' id='word_1_80' title='bbox 673 713 790 748; x_wconf 86' lang='lat' dir='ltr'>Edidit</span> <span class='ocrx_word' id='word_1_81' title='bbox 815 713 857 747; x_wconf 87' lang='lat' dir='ltr'><strong>de</strong></span> <span class='ocrx_word' id='word_1_82' title='bbox 879 712 945 747; x_wconf 86' lang='lat' dir='ltr'><strong>illis</strong></span> <span class='ocrx_word' id='word_1_83' title='bbox 981 713 1101 747; x_wconf 87' lang='lat' dir='ltr'><strong>librum</strong></span> 
     </span>
     <span class='ocr_line' id='line_1_15' title="bbox 218 763 1100 811; baseline -0.008 -9"><span class='ocrx_word' id='word_1_84' title='bbox 218 766 424 802; x_wconf 75' lang='lat' dir='ltr'><strong>Adfecticon</strong></span> <span class='ocrx_word' id='word_1_85' title='bbox 445 789 457 807; x_wconf 89' lang='lat'><strong>,</strong></span> <span class='ocrx_word' id='word_1_86' title='bbox 477 776 576 811; x_wconf 86' lang='lat' dir='ltr'><strong>quern</strong></span> <span class='ocrx_word' id='word_1_87' title='bbox 603 763 711 799; x_wconf 84' lang='lat' dir='ltr'><strong>nostra</strong></span> <span class='ocrx_word' id='word_1_88' title='bbox 749 763 903 806; x_wconf 83' lang='lat' dir='ltr'><strong>synodus</strong></span> <span class='ocrx_word' id='word_1_89' title='bbox 936 763 1100 807; x_wconf 82' lang='lat' dir='ltr'><strong>pollutum</strong></span> 
     </span>
     <span class='ocr_line' id='line_1_16' title="bbox 217 811 1100 858; baseline -0.005 -7"><span class='ocrx_word' id='word_1_90' title='bbox 217 818 362 853; x_wconf 71' lang='lat' dir='ltr'><strong>vocat&amp;</strong></span> <span class='ocrx_word' id='word_1_91' title='bbox 384 815 659 852; x_wconf 80' lang='lat' dir='ltr'><strong>anathematizat.</strong></span> <span class='ocrx_word' id='word_1_92' title='bbox 686 812 744 848; x_wconf 90' lang='lat' dir='ltr'><strong>Ab</strong></span> <span class='ocrx_word' id='word_1_93' title='bbox 757 811 821 849; x_wconf 86' lang='lat' dir='ltr'><strong>hoc</strong></span> <span class='ocrx_word' id='word_1_94' title='bbox 833 811 1004 858; x_wconf 85' lang='lat' dir='ltr'><strong>Adelphio</strong></span> <span class='ocrx_word' id='word_1_95' title='bbox 1023 813 1100 851; x_wconf 67' lang='lat' dir='ltr'><strong>dini</strong></span> 
     </span>
    </p>
   </div>
   <div class='ocr_carea' id='block_1_6' title="bbox 214 865 1101 957">
    <p class='ocr_par' dir='ltr' id='par_1_9' title="bbox 214 865 1101 957">
     <span class='ocr_line' id='line_1_17' title="bbox 214 865 530 911; baseline -0.013 -9"><span class='ocrx_word' id='word_1_96' title='bbox 214 870 296 903; x_wconf 69' lang='lat' dir='ltr'><strong>‘sunt</strong></span> <span class='ocrx_word' id='word_1_97' title='bbox 307 865 511 911; x_wconf 83' lang='lat' dir='ltr'><strong>Adelphiani</strong></span> <span class='ocrx_word' id='word_1_98' title='bbox 523 891 530 898; x_wconf 93' lang='lat'><strong><em>.</em></strong></span> 
     </span>
     <span class='ocr_line' id='line_1_18' title="bbox 269 913 1101 957; baseline -0.007 -5"><span class='ocrx_word' id='word_1_99' title='bbox 269 917 339 952; x_wconf 85' lang='lat' dir='ltr'><strong>Eos</strong></span> <span class='ocrx_word' id='word_1_100' title='bbox 362 927 405 950; x_wconf 84' lang='lat' dir='ltr'><strong>ex</strong></span> <span class='ocrx_word' id='word_1_101' title='bbox 436 913 596 950; x_wconf 80' lang='lat' dir='ltr'><strong>Armenia</strong></span> <span class='ocrx_word' id='word_1_102' title='bbox 627 913 762 957; x_wconf 83' lang='lat' dir='ltr'><strong>Latojus</strong></span> <span class='ocrx_word' id='word_1_103' title='bbox 781 913 1002 949; x_wconf 83' lang='lat' dir='ltr'><strong>Melitinenfis</strong></span> <span class='ocrx_word' id='word_1_104' title='bbox 1022 937 1035 956; x_wconf 90' lang='lat'><strong>,</strong></span> <span class='ocrx_word' id='word_1_105' title='bbox 1059 924 1101 947; x_wconf 82' lang='lat' dir='ltr'><strong>ex</strong></span> 
     </span>
    </p>
   </div>
   <div class='ocr_carea' id='block_1_7' title="bbox 218 962 1105 1057">
    <p class='ocr_par' dir='ltr' id='par_1_10' title="bbox 218 962 1105 1057">
     <span class='ocr_line' id='line_1_19' title="bbox 218 962 1105 1010; baseline -0.006 -8"><span class='ocrx_word' id='word_1_106' title='bbox 218 966 396 1010; x_wconf 70' lang='lat' dir='ltr'><strong>Lycaonia</strong></span> <span class='ocrx_word' id='word_1_107' title='bbox 423 962 682 1009; x_wconf 85' lang='lat' dir='ltr'><strong>Amphilochius</strong></span> <span class='ocrx_word' id='word_1_108' title='bbox 708 964 927 1009; x_wconf 78' lang='lat' dir='ltr'><strong>Metropolita</strong></span> <span class='ocrx_word' id='word_1_109' title='bbox 952 964 1105 1000; x_wconf 87' lang='lat' dir='ltr'><strong>Iconien-</strong></span> 
     </span>
     <span class='ocr_line' id='line_1_20' title="bbox 220 1011 1105 1057; baseline -0.003 -6"><span class='ocrx_word' id='word_1_110' title='bbox 220 1017 263 1051; x_wconf 68' lang='lat' dir='ltr'><strong>Uis</strong></span> <span class='ocrx_word' id='word_1_111' title='bbox 291 1040 305 1057; x_wconf 87' lang='lat'><strong>,</strong></span> <span class='ocrx_word' id='word_1_112' title='bbox 327 1027 370 1051; x_wconf 86' lang='lat' dir='ltr'><strong>ex</strong></span> <span class='ocrx_word' id='word_1_113' title='bbox 395 1015 545 1052; x_wconf 81' lang='lat' dir='ltr'><strong>Orientis</strong></span> <span class='ocrx_word' id='word_1_114' title='bbox 569 1014 711 1051; x_wconf 73' lang='lat' dir='ltr'><strong>Dioecesz</strong></span> <span class='ocrx_word' id='word_1_115' title='bbox 738 1015 914 1049; x_wconf 81' lang='lat' dir='ltr'><strong>Flavianus</strong></span> <span class='ocrx_word' id='word_1_116' title='bbox 941 1037 954 1055; x_wconf 86' lang='lat'><strong>3</strong></span> <span class='ocrx_word' id='word_1_117' title='bbox 987 1011 1105 1048; x_wconf 81' lang='lat' dir='ltr'><strong>Theo-</strong></span> 
     </span>
    </p>
   </div>
   <div class='ocr_carea' id='block_1_8' title="bbox 213 1062 1104 1213">
    <p class='ocr_par' dir='ltr' id='par_1_11' title="bbox 213 1062 1104 1213">
     <span class='ocr_line' id='line_1_21' title="bbox 213 1062 1101 1110; baseline -0.006 -9"><span class='ocrx_word' id='word_1_118' title='bbox 213 1067 340 1107; x_wconf 71' lang='lat' dir='ltr'><strong>dotus,</strong></span> <span class='ocrx_word' id='word_1_119' title='bbox 365 1066 399 1101; x_wconf 74' lang='grc' dir='ltr'><strong>δε</strong></span> <span class='ocrx_word' id='word_1_120' title='bbox 420 1067 565 1110; x_wconf 68' lang='lat' dir='ltr'><strong>Ioannes</strong></span> <span class='ocrx_word' id='word_1_121' title='bbox 587 1063 782 1100; x_wconf 83' lang='lat' dir='ltr'><strong>Patriarchae</strong></span> <span class='ocrx_word' id='word_1_122' title='bbox 802 1062 1033 1104; x_wconf 75' lang='lat' dir='ltr'><strong>Antiocheni3</strong></span> <span class='ocrx_word' id='word_1_123' title='bbox 1059 1075 1101 1097; x_wconf 83' lang='lat' dir='ltr'><strong>ex</strong></span> 
     </span>
     <span class='ocr_line' id='line_1_22' title="bbox 214 1114 1104 1159; baseline -0.004 -8"><span class='ocrx_word' id='word_1_124' title='bbox 214 1115 369 1151; x_wconf 73' lang='lat' dir='ltr'><strong>Thracia</strong></span> <span class='ocrx_word' id='word_1_125' title='bbox 406 1115 541 1152; x_wconf 84' lang='lat' dir='ltr'><strong>Atticus</strong></span> <span class='ocrx_word' id='word_1_126' title='bbox 571 1115 608 1150; x_wconf 73' lang='grc' dir='ltr'>ἀ</span> <span class='ocrx_word' id='word_1_127' title='bbox 634 1115 794 1150; x_wconf 78' lang='lat' dir='ltr'><strong>sisinnius</strong></span> <span class='ocrx_word' id='word_1_128' title='bbox 823 1114 981 1159; x_wconf 87' lang='lat' dir='ltr'><strong>Episcopi</strong></span> <span class='ocrx_word' id='word_1_129' title='bbox 1012 1114 1104 1148; x_wconf 88' lang='lat' dir='ltr'><strong>Con-</strong></span> 
     </span>
     <span class='ocr_line' id='line_1_23' title="bbox 213 1163 1103 1213; baseline -0.006 -11"><span class='ocrx_word' id='word_1_130' title='bbox 213 1165 508 1213; x_wconf 59' lang='lat' dir='ltr'><strong>stantinopolitani</strong></span> <span class='ocrx_word' id='word_1_131' title='bbox 533 1191 546 1210; x_wconf 84' lang='lat'><strong>,</strong></span> <span class='ocrx_word' id='word_1_132' title='bbox 570 1176 615 1202; x_wconf 77' lang='lat' dir='ltr'><strong>ex</strong></span> <span class='ocrx_word' id='word_1_133' title='bbox 651 1164 769 1201; x_wconf 81' lang='lat' dir='ltr'><strong>Ponto</strong></span> <span class='ocrx_word' id='word_1_134' title='bbox 806 1163 1009 1209; x_wconf 67' lang='lat' dir='ltr'><strong>synodaliter</strong></span> <span class='ocrx_word' id='word_1_135' title='bbox 1033 1174 1103 1209; x_wconf 86' lang='lat' dir='ltr'><strong>pro-</strong></span> 
     </span>
    </p>
   </div>
   <div class='ocr_carea' id='block_1_9' title="bbox 1158 160 2040 710">
    <p class='ocr_par' dir='ltr' id='par_1_12' title="bbox 1158 160 2038 461">
     <span class='ocr_line' id='line_1_24' title="bbox 1163 160 2038 206; baseline 0.009 -10"><span class='ocrx_word' id='word_1_136' title='bbox 1163 162 1355 206; x_wconf 84' lang='lat' dir='ltr'><strong>scripserunt</strong></span> <span class='ocrx_word' id='word_1_137' title='bbox 1382 160 1563 204; x_wconf 80' lang='lat' dir='ltr'>Archelaus</span> <span class='ocrx_word' id='word_1_138' title='bbox 1593 163 1719 200; x_wconf 75' lang='lat' dir='ltr'><strong>primas</strong></span> <span class='ocrx_word' id='word_1_139' title='bbox 1753 162 1969 204; x_wconf 78' lang='lat' dir='ltr'><strong>Caesaraeenfis</strong></span> <span class='ocrx_word' id='word_1_140' title='bbox 2002 169 2038 206; x_wconf 77' lang='grc' dir='ltr'><strong>δε</strong></span> 
     </span>
     <span class='ocr_line' id='line_1_25' title="bbox 1159 209 2037 256; baseline 0.008 -11"><span class='ocrx_word' id='word_1_141' title='bbox 1159 211 1352 247; x_wconf 81' lang='lat' dir='ltr'><strong>Heraclidas</strong></span> <span class='ocrx_word' id='word_1_142' title='bbox 1377 209 1559 256; x_wconf 65' lang='lat' dir='ltr'><strong>Episcopus</strong></span> <span class='ocrx_word' id='word_1_143' title='bbox 1582 212 1765 256; x_wconf 80' lang='lat' dir='ltr'><strong>Nyffenus.</strong></span> <span class='ocrx_word' id='word_1_144' title='bbox 1792 215 1951 255; x_wconf 80' lang='lat' dir='ltr'>Attamen</span> <span class='ocrx_word' id='word_1_145' title='bbox 1973 231 2037 255; x_wconf 78' lang='lat' dir='ltr'><strong>nec</strong></span> 
     </span>
     <span class='ocr_line' id='line_1_26' title="bbox 1158 262 2039 312; baseline 0.009 -16"><span class='ocrx_word' id='word_1_146' title='bbox 1158 273 1215 306; x_wconf 88' lang='lat' dir='ltr'><strong>per</strong></span> <span class='ocrx_word' id='word_1_147' title='bbox 1235 271 1363 297; x_wconf 83' lang='lat' dir='ltr'>tantam</span> <span class='ocrx_word' id='word_1_148' title='bbox 1388 262 1614 298; x_wconf 67' lang='lat' dir='ltr'><strong>austeritatem</strong></span> <span class='ocrx_word' id='word_1_149' title='bbox 1639 274 1678 297; x_wconf 79' lang='lat' dir='ltr'><strong>ac</strong></span> <span class='ocrx_word' id='word_1_150' title='bbox 1689 264 1895 310; x_wconf 79' lang='lat' dir='ltr'><strong>diligentiam</strong></span> <span class='ocrx_word' id='word_1_151' title='bbox 1923 279 2039 312; x_wconf 85' lang='lat' dir='ltr'><strong>potue·</strong></span> 
     </span>
     <span class='ocr_line' id='line_1_27' title="bbox 1159 312 2036 362; baseline 0.009 -17"><span class='ocrx_word' id='word_1_152' title='bbox 1159 322 1245 347; x_wconf 85' lang='lat' dir='ltr'><strong>runt</strong></span> <span class='ocrx_word' id='word_1_153' title='bbox 1262 312 1451 357; x_wconf 84' lang='lat' dir='ltr'><strong>exstingui.</strong></span> <span class='ocrx_word' id='word_1_154' title='bbox 1475 313 1591 361; x_wconf 81' lang='lat' dir='ltr'><strong>Qare</strong></span> <span class='ocrx_word' id='word_1_155' title='bbox 1603 313 1742 356; x_wconf 84' lang='lat' dir='ltr'><strong>Synodo</strong></span> <span class='ocrx_word' id='word_1_156' title='bbox 1766 316 1880 353; x_wconf 78' lang='lat' dir='ltr'><strong>nostrae</strong></span> <span class='ocrx_word' id='word_1_157' title='bbox 1888 319 2036 362; x_wconf 75' lang='lat' dir='ltr'><strong>generali</strong></span> 
     </span>
     <span class='ocr_line' id='line_1_28' title="bbox 1160 361 2037 403; baseline 0.008 -7"><span class='ocrx_word' id='word_1_158' title='bbox 1160 361 1271 397; x_wconf 89' lang='lat' dir='ltr'><strong>denuo</strong></span> <span class='ocrx_word' id='word_1_159' title='bbox 1281 361 1468 397; x_wconf 82' lang='lat' dir='ltr'><strong>detulerunt</strong></span> <span class='ocrx_word' id='word_1_160' title='bbox 1491 362 1688 398; x_wconf 79' lang='lat' dir='ltr'><strong>Valerianus</strong></span> <span class='ocrx_word' id='word_1_161' title='bbox 1707 363 1883 399; x_wconf 72' lang='lat' dir='ltr'><strong>iconiensis</strong></span> <span class='ocrx_word' id='word_1_162' title='bbox 1898 367 1932 401; x_wconf 91' lang='lat'>&amp;</span> <span class='ocrx_word' id='word_1_163' title='bbox 1955 367 2037 403; x_wconf 87' lang='lat' dir='ltr'><strong>Am-</strong></span> 
     </span>
     <span class='ocr_line' id='line_1_29' title="bbox 1158 411 2039 461; baseline 0.006 -15"><span class='ocrx_word' id='word_1_164' title='bbox 1158 411 1346 455; x_wconf 89' lang='lat' dir='ltr'><strong>philochius</strong></span> <span class='ocrx_word' id='word_1_165' title='bbox 1371 412 1510 447; x_wconf 84' lang='lat' dir='ltr'><strong>Sidenfis</strong></span> <span class='ocrx_word' id='word_1_166' title='bbox 1536 414 1571 447; x_wconf 90' lang='lat' dir='ltr'><strong>in</strong></span> <span class='ocrx_word' id='word_1_167' title='bbox 1607 412 1806 458; x_wconf 80' lang='lat' dir='ltr'><strong>Pamphylia</strong></span> <span class='ocrx_word' id='word_1_168' title='bbox 1834 414 2039 461; x_wconf 84' lang='lat' dir='ltr'><strong>Episcopus,</strong></span> 
     </span>
    </p>

    <p class='ocr_par' dir='ltr' id='par_1_13' title="bbox 1158 461 2040 710">
     <span class='ocr_line' id='line_1_30' title="bbox 1159 461 2040 509; baseline 0 -12"><span class='ocrx_word' id='word_1_169' title='bbox 1159 463 1193 497; x_wconf 89' lang='lat'>&amp;</span> <span class='ocrx_word' id='word_1_170' title='bbox 1203 461 1306 497; x_wconf 87' lang='lat' dir='ltr'><strong>hocce</strong></span> <span class='ocrx_word' id='word_1_171' title='bbox 1316 463 1483 497; x_wconf 88' lang='lat' dir='ltr'><strong>decretum</strong></span> <span class='ocrx_word' id='word_1_172' title='bbox 1503 463 1719 508; x_wconf 86' lang='lat' dir='ltr'><strong>impetrarunt</strong></span> <span class='ocrx_word' id='word_1_173' title='bbox 1731 490 1738 496; x_wconf 95' lang='lat'>.</span> <span class='ocrx_word' id='word_1_174' title='bbox 1765 464 1819 499; x_wconf 84' lang='lat' dir='ltr'><strong>Ex</strong></span> <span class='ocrx_word' id='word_1_175' title='bbox 1833 464 1956 499; x_wconf 84' lang='lat' dir='ltr'><strong>summa</strong></span> <span class='ocrx_word' id='word_1_176' title='bbox 1969 477 2040 509; x_wconf 75' lang='lat' dir='ltr'><strong>gra·</strong></span> 
     </span>
     <span class='ocr_line' id='line_1_31' title="bbox 1159 512 2040 558; baseline 0.002 -11"><span class='ocrx_word' id='word_1_177' title='bbox 1159 514 1203 547; x_wconf 86' lang='lat' dir='ltr'><strong>tia</strong></span> <span class='ocrx_word' id='word_1_178' title='bbox 1215 512 1515 556; x_wconf 73' lang='lat' dir='ltr'><strong>Synodusinfec‘tos</strong></span> <span class='ocrx_word' id='word_1_179' title='bbox 1534 512 1597 548; x_wconf 82' lang='lat' dir='ltr'><strong>hac</strong></span> <span class='ocrx_word' id='word_1_180' title='bbox 1609 514 1695 558; x_wconf 83' lang='lat' dir='ltr'><strong>lepra</strong></span> <span class='ocrx_word' id='word_1_181' title='bbox 1714 515 1896 558; x_wconf 86' lang='lat' dir='ltr'><strong>Episcopos</strong></span> <span class='ocrx_word' id='word_1_182' title='bbox 1917 515 1950 549; x_wconf 86' lang='lat'>&amp;</span> <span class='ocrx_word' id='word_1_183' title='bbox 1965 515 2040 550; x_wconf 88' lang='lat' dir='ltr'><strong>Cle·</strong></span> 
     </span>
     <span class='ocr_line' id='line_1_32' title="bbox 1160 563 2039 609; baseline 0.003 -13"><span class='ocrx_word' id='word_1_184' title='bbox 1160 563 1245 597; x_wconf 91' lang='lat' dir='ltr'><strong>ricos</strong></span> <span class='ocrx_word' id='word_1_185' title='bbox 1264 563 1385 606; x_wconf 87' lang='lat' dir='ltr'><strong>recepit</strong></span> <span class='ocrx_word' id='word_1_186' title='bbox 1397 563 1432 596; x_wconf 88' lang='lat' dir='ltr'><strong>in</strong></span> <span class='ocrx_word' id='word_1_187' title='bbox 1450 565 1508 597; x_wconf 90' lang='lat' dir='ltr'><strong>suo</strong></span> <span class='ocrx_word' id='word_1_188' title='bbox 1517 563 1622 609; x_wconf 86' lang='lat' dir='ltr'><strong>gradu</strong></span> <span class='ocrx_word' id='word_1_189' title='bbox 1640 589 1646 597; x_wconf 94' lang='lat'>.</span> <span class='ocrx_word' id='word_1_190' title='bbox 1673 566 1757 599; x_wconf 81' lang='lat' dir='ltr'><strong>Haec</strong></span> <span class='ocrx_word' id='word_1_191' title='bbox 1784 565 1903 606; x_wconf 80' lang='lat' dir='ltr'><strong>verba,</strong></span> <span class='ocrx_word' id='word_1_192' title='bbox 1927 569 2039 600; x_wconf 70' lang='lat' dir='ltr'><strong>Convi-</strong></span> 
     </span>
     <span class='ocr_line' id='line_1_33' title="bbox 1158 612 2040 658; baseline 0.006 -13"><span class='ocrx_word' id='word_1_193' title='bbox 1158 612 1198 646; x_wconf 66' lang='lat' dir='ltr'><strong>Hi</strong></span> <span class='ocrx_word' id='word_1_194' title='bbox 1210 624 1269 645; x_wconf 87' lang='lat' dir='ltr'><strong>non</strong></span> <span class='ocrx_word' id='word_1_195' title='bbox 1273 619 1494 654; x_wconf 80' lang='lat' dir='ltr'><strong>permittantur</strong></span> <span class='ocrx_word' id='word_1_196' title='bbox 1515 613 1625 649; x_wconf 83' lang='lat' dir='ltr'><strong>babere</strong></span> <span class='ocrx_word' id='word_1_197' title='bbox 1644 614 1844 658; x_wconf 74' lang='lat' dir='ltr'><strong>Monasteria,</strong></span> <span class='ocrx_word' id='word_1_198' title='bbox 1870 627 1907 649; x_wconf 85' lang='lat' dir='ltr'><strong>ne</strong></span> <span class='ocrx_word' id='word_1_199' title='bbox 1916 620 2040 651; x_wconf 73' lang='lat' dir='ltr'><strong>zizania</strong></span> 
     </span>
     <span class='ocr_line' id='line_1_34' title="bbox 1159 662 2039 710; baseline 0.005 -14"><span class='ocrx_word' id='word_1_200' title='bbox 1159 662 1370 703; x_wconf 80' lang='lat' dir='ltr'><strong>diffundantur</strong></span> <span class='ocrx_word' id='word_1_201' title='bbox 1392 664 1427 697; x_wconf 55' lang='grc' dir='ltr'><strong>(ν</strong></span> <span class='ocrx_word' id='word_1_202' title='bbox 1447 662 1615 707; x_wconf 81' lang='lat' dir='ltr'><strong>crescant,</strong></span> <span class='ocrx_word' id='word_1_203' title='bbox 1648 665 1789 709; x_wconf 80' lang='lat' dir='ltr'><strong>exponit</strong></span> <span class='ocrx_word' id='word_1_204' title='bbox 1827 665 2039 710; x_wconf 85' lang='lat' dir='ltr'><strong>Nicephorus</strong></span> 
     </span>
    </p>
   </div>
   <div class='ocr_carea' id='block_1_10' title="bbox 1160 712 2211 774">
    <p class='ocr_par' dir='ltr' id='par_1_14' title="bbox 1160 712 2211 774">
     <span class='ocr_line' id='line_1_35' title="bbox 1160 712 2211 774; baseline 0.003 -26"><span class='ocrx_word' id='word_1_205' title='bbox 1160 713 1343 753; x_wconf 85' lang='lat' dir='ltr'><strong>Calixtus3</strong></span> <span class='ocrx_word' id='word_1_206' title='bbox 1370 712 1507 748; x_wconf 85' lang='lat' dir='ltr'><strong>laudans</strong></span> <span class='ocrx_word' id='word_1_207' title='bbox 1531 714 1688 758; x_wconf 83' lang='lat' dir='ltr'><strong>Latojum</strong></span> <span class='ocrx_word' id='word_1_208' title='bbox 1715 715 1876 753; x_wconf 80' lang='lat' dir='ltr'><strong>Melitinae</strong></span> <span class='ocrx_word' id='word_1_209' title='bbox 1907 717 2041 760; x_wconf 83' lang='lat' dir='ltr'><strong>Episco-</strong></span> <span class='ocrx_word' id='word_1_210' title='bbox 2055 739 2085 769; x_wconf 76' lang='lat' dir='ltr'>L</span> <span class='ocrx_word' id='word_1_211' title='bbox 2091 748 2134 770; x_wconf 68' lang='lat' dir='ltr'><strong>u</strong></span> <span class='ocrx_word' id='word_1_212' title='bbox 2137 747 2162 771; x_wconf 73' lang='lat' dir='ltr'>c</span> <span class='ocrx_word' id='word_1_213' title='bbox 2169 748 2211 774; x_wconf 80' lang='lat'><strong>¹⁴</strong></span> 
     </span>
    </p>
   </div>
   <div class='ocr_carea' id='block_1_11' title="bbox 1159 762 2045 1202">
    <p class='ocr_par' dir='ltr' id='par_1_15' title="bbox 1159 762 2045 1202">
     <span class='ocr_line' id='line_1_36' title="bbox 1161 762 2041 809; baseline 0.005 -13"><span class='ocrx_word' id='word_1_214' title='bbox 1161 775 1269 807; x_wconf 86' lang='lat' dir='ltr'><strong>pum,</strong></span> <span class='ocrx_word' id='word_1_215' title='bbox 1295 762 1385 807; x_wconf 67' lang='lat' dir='ltr'><strong>quod</strong></span> <span class='ocrx_word' id='word_1_216' title='bbox 1411 774 1527 798; x_wconf 88' lang='lat' dir='ltr'><strong>eorum</strong></span> <span class='ocrx_word' id='word_1_217' title='bbox 1552 764 1789 806; x_wconf 84' lang='lat' dir='ltr'><strong>Monasteria,</strong></span> <span class='ocrx_word' id='word_1_218' title='bbox 1815 775 1973 809; x_wconf 79' lang='lat' dir='ltr'><strong>tanquam</strong></span> <span class='ocrx_word' id='word_1_219' title='bbox 1997 768 2041 800; x_wconf 83' lang='lat' dir='ltr'><strong>la-</strong></span> 
     </span>
     <span class='ocr_line' id='line_1_37' title="bbox 1159 811 2042 857; baseline 0.003 -9"><span class='ocrx_word' id='word_1_220' title='bbox 1159 824 1276 849; x_wconf 79' lang='lat' dir='ltr'><strong>tronum</strong></span> <span class='ocrx_word' id='word_1_221' title='bbox 1287 811 1470 857; x_wconf 79' lang='lat' dir='ltr'><strong>speluncas,</strong></span> <span class='ocrx_word' id='word_1_222' title='bbox 1495 814 1669 856; x_wconf 79' lang='lat' dir='ltr'><strong>exusserit,</strong></span> <span class='ocrx_word' id='word_1_223' title='bbox 1694 815 1729 855; x_wconf 69' lang='grc' dir='ltr'><strong>ὃς</strong></span> <span class='ocrx_word' id='word_1_224' title='bbox 1753 814 1886 849; x_wconf 73' lang='lat' dir='ltr'><strong>wndice</strong></span> <span class='ocrx_word' id='word_1_225' title='bbox 1908 817 2042 853; x_wconf 78' lang='lat' dir='ltr'><strong>flamma</strong></span> 
     </span>
     <span class='ocr_line' id='line_1_38' title="bbox 1160 840 2041 908; baseline 0.002 -10"><span class='ocrx_word' id='word_1_226' title='bbox 1160 863 1357 898; x_wconf 80' lang='lat' dir='ltr'><strong>eliminarit.</strong></span> <span class='ocrx_word' id='word_1_227' title='bbox 1384 863 1454 898; x_wconf 85' lang='lat' dir='ltr'><strong>lta</strong></span> <span class='ocrx_word' id='word_1_228' title='bbox 1444 876 1481 898; x_wconf 86' lang='grc'><strong>111</strong></span> <span class='ocrx_word' id='word_1_229' title='bbox 1502 874 1616 907; x_wconf 85' lang='lat' dir='ltr'><strong>quarta</strong></span> <span class='ocrx_word' id='word_1_230' title='bbox 1636 840 1779 900; x_wconf 64' lang='lat' dir='ltr'><strong>A&#39;Rione</strong></span> <span class='ocrx_word' id='word_1_231' title='bbox 1799 865 1927 908; x_wconf 88' lang='lat' dir='ltr'><strong>Synodi</strong></span> <span class='ocrx_word' id='word_1_232' title='bbox 1950 866 2041 900; x_wconf 78' lang='lat' dir='ltr'><strong>Con-</strong></span> 
     </span>
     <span class='ocr_line' id='line_1_39' title="bbox 1161 913 2042 957; baseline 0.002 -10"><span class='ocrx_word' id='word_1_233' title='bbox 1161 913 1461 957; x_wconf 72' lang='lat' dir='ltr'><strong>stantinopolitanae</strong></span> <span class='ocrx_word' id='word_1_234' title='bbox 1482 913 1523 948; x_wconf 84' lang='lat' dir='ltr'><strong>ad</strong></span> <span class='ocrx_word' id='word_1_235' title='bbox 1542 913 1705 949; x_wconf 80' lang='lat' dir='ltr'><strong>Mennam</strong></span> <span class='ocrx_word' id='word_1_236' title='bbox 1735 914 1958 955; x_wconf 68' lang='lat' dir='ltr'><strong>patriarcham</strong></span> <span class='ocrx_word' id='word_1_237' title='bbox 1978 916 2042 950; x_wconf 88' lang='lat' dir='ltr'><strong>cla-</strong></span> 
     </span>
     <span class='ocr_line' id='line_1_40' title="bbox 1161 962 2042 1009; baseline 0.003 -12"><span class='ocrx_word' id='word_1_238' title='bbox 1161 973 1331 998; x_wconf 83' lang='lat' dir='ltr'><strong>maverunt</strong></span> <span class='ocrx_word' id='word_1_239' title='bbox 1351 962 1532 1000; x_wconf 83' lang='lat' dir='ltr'><strong>orthodoxi</strong></span> <span class='ocrx_word' id='word_1_240' title='bbox 1554 963 1708 1009; x_wconf 87' lang='lat' dir='ltr'><strong>Episcopi</strong></span> <span class='ocrx_word' id='word_1_241' title='bbox 1745 966 1779 999; x_wconf 86' lang='lat'>&amp;</span> <span class='ocrx_word' id='word_1_242' title='bbox 1801 965 1964 1000; x_wconf 85' lang='lat' dir='ltr'><strong>Monachi</strong></span> <span class='ocrx_word' id='word_1_243' title='bbox 1990 965 2042 1000; x_wconf 56' lang='lat' dir='ltr'><strong>ad*</strong></span> 
     </span>
     <span class='ocr_line' id='line_1_41' title="bbox 1163 1013 2042 1058; baseline 0.002 -11"><span class='ocrx_word' id='word_1_244' title='bbox 1163 1013 1270 1048; x_wconf 77' lang='lat' dir='ltr'><strong>versus</strong></span> <span class='ocrx_word' id='word_1_245' title='bbox 1289 1013 1426 1047; x_wconf 87' lang='lat' dir='ltr'><strong>Petrum</strong></span> <span class='ocrx_word' id='word_1_246' title='bbox 1447 1013 1686 1057; x_wconf 86' lang='lat' dir='ltr'><strong>Apameensem</strong></span> <span class='ocrx_word' id='word_1_247' title='bbox 1712 1014 1912 1058; x_wconf 87' lang='lat' dir='ltr'><strong>Episcopum</strong></span> <span class='ocrx_word' id='word_1_248' title='bbox 1939 1016 2042 1058; x_wconf 80' lang='lat' dir='ltr'><strong>Euty-</strong></span> 
     </span>
     <span class='ocr_line' id='line_1_42' title="bbox 1163 1061 2044 1108; baseline 0 -9"><span class='ocrx_word' id='word_1_249' title='bbox 1163 1061 1374 1099; x_wconf 83' lang='lat' dir='ltr'><strong>chianistam:</strong></span> <span class='ocrx_word' id='word_1_250' title='bbox 1403 1066 1512 1098; x_wconf 83' lang='lat' dir='ltr'><strong>Petrus</strong></span> <span class='ocrx_word' id='word_1_251' title='bbox 1534 1075 1626 1106; x_wconf 77' lang='lat' dir='ltr'><strong>quare</strong></span> <span class='ocrx_word' id='word_1_252' title='bbox 1636 1064 1727 1099; x_wconf 83' lang='lat' dir='ltr'><strong>habet</strong></span> <span class='ocrx_word' id='word_1_253' title='bbox 1747 1065 1948 1105; x_wconf 68' lang='lat' dir='ltr'><strong>Monasteria?</strong></span> <span class='ocrx_word' id='word_1_254' title='bbox 1974 1067 2044 1108; x_wconf 75' lang='lat' dir='ltr'><strong>spe-</strong></span> 
     </span>
     <span class='ocr_line' id='line_1_43' title="bbox 1162 1112 2045 1155; baseline -0.002 -3"><span class='ocrx_word' id='word_1_255' title='bbox 1162 1115 1258 1148; x_wconf 83' lang='lat' dir='ltr'><strong>luncae</strong></span> <span class='ocrx_word' id='word_1_256' title='bbox 1284 1112 1488 1152; x_wconf 75' lang='lat' dir='ltr'><strong>baerencorum</strong></span> <span class='ocrx_word' id='word_1_257' title='bbox 1510 1115 1595 1152; x_wconf 72' lang='lat' dir='ltr'><strong>mode&gt;</strong></span> <span class='ocrx_word' id='word_1_258' title='bbox 1616 1116 1746 1153; x_wconf 80' lang='lat' dir='ltr'><strong>ardeant</strong></span> <span class='ocrx_word' id='word_1_259' title='bbox 1760 1140 1769 1154; x_wconf 79' lang='lat'><strong>,</strong></span> <span class='ocrx_word' id='word_1_260' title='bbox 1797 1114 1973 1155; x_wconf 71' lang='lat' dir='ltr'><strong>monasteria</strong></span> <span class='ocrx_word' id='word_1_261' title='bbox 1985 1117 2045 1150; x_wconf 76' lang='lat' dir='ltr'><strong>Pe-</strong></span> 
     </span>
     <span class='ocr_line' id='line_1_44' title="bbox 1162 1170 1346 1202; baseline -0.027 0"><span class='ocrx_word' id='word_1_262' title='bbox 1162 1170 1205 1202; x_wconf 73' lang='lat' dir='ltr'><strong>tri</strong></span> <span class='ocrx_word' id='word_1_263' title='bbox 1224 1173 1327 1200; x_wconf 75' lang='lat' dir='ltr'><strong>everte</strong></span> <span class='ocrx_word' id='word_1_264' title='bbox 1338 1188 1346 1197; x_wconf 92' lang='lat'>.</span> 
     </span>
    </p>
   </div>
   <div class='ocr_carea' id='block_1_12' title="bbox 212 1314 2050 1337">
    <p class='ocr_par' dir='ltr' id='par_1_16' title="bbox 212 1314 2050 1337">
     <span class='ocr_line' id='line_1_45' title="bbox 212 1314 2050 1337; baseline 0 2439"><span class='ocrx_word' id='word_1_265' title='bbox 212 1314 2050 1337; x_wconf 95' lang='lat' dir='ltr'><strong> </strong></span> 
     </span>
    </p>
   </div>
   <div class='ocr_carea' id='block_1_13' title="bbox 526 1448 1744 1538">
    <p class='ocr_par' dir='ltr' id='par_1_17' title="bbox 526 1448 1744 1538">
     <span class='ocr_line' id='line_1_46' title="bbox 526 1448 1744 1538; baseline -0.006 0"><span class='ocrx_word' id='word_1_266' title='bbox 526 1448 1744 1538; x_wconf 80' lang='lat' dir='ltr'><strong>DECRETUM</strong></span> 
     </span>
    </p>
   </div>
   <div class='ocr_carea' id='block_1_14' title="bbox 645 1629 1628 1697">
    <p class='ocr_par' dir='ltr' id='par_1_18' title="bbox 645 1629 1628 1697">
     <span class='ocr_line' id='line_1_47' title="bbox 645 1629 1628 1697; baseline -0.003 -15"><span class='ocrx_word' id='word_1_267' title='bbox 645 1636 710 1682; x_wconf 82' lang='lat' dir='ltr'><strong>De</strong></span> <span class='ocrx_word' id='word_1_268' title='bbox 744 1629 914 1696; x_wconf 68' lang='lat' dir='ltr'><strong>Ecclesia</strong></span> <span class='ocrx_word' id='word_1_269' title='bbox 961 1633 1119 1697; x_wconf 60' lang='lat' dir='ltr'><strong>Europae</strong></span> <span class='ocrx_word' id='word_1_270' title='bbox 1155 1665 1170 1690; x_wconf 92' lang='lat'><strong>3</strong></span> <span class='ocrx_word' id='word_1_271' title='bbox 1212 1647 1290 1695; x_wconf 75' lang='lat' dir='ltr'><strong>quae</strong></span> <span class='ocrx_word' id='word_1_272' title='bbox 1323 1630 1379 1678; x_wconf 62' lang='lat' dir='ltr'><strong>eff</strong></span> <span class='ocrx_word' id='word_1_273' title='bbox 1427 1629 1628 1679; x_wconf 78' lang='lat' dir='ltr'><strong>Thracicae</strong></span> 
     </span>
    </p>
   </div>
   <div class='ocr_carea' id='block_1_15' title="bbox 826 1697 1450 1771">
    <p class='ocr_par' dir='ltr' id='par_1_19' title="bbox 826 1697 1450 1771">
     <span class='ocr_line' id='line_1_48' title="bbox 826 1697 1450 1771; baseline 0 -23"><span class='ocrx_word' id='word_1_274' title='bbox 826 1697 1026 1771; x_wconf 77' lang='lat' dir='ltr'><strong>Dia’cefios</strong></span> <span class='ocrx_word' id='word_1_275' title='bbox 1050 1698 1175 1766; x_wconf 76' lang='lat' dir='ltr'><strong>stxta</strong></span> <span class='ocrx_word' id='word_1_276' title='bbox 1211 1704 1420 1748; x_wconf 75' lang='lat' dir='ltr'><strong>Provincia</strong></span> <span class='ocrx_word' id='word_1_277' title='bbox 1435 1736 1450 1748; x_wconf 90' lang='lat'><strong>.</strong></span> 
     </span>
    </p>
   </div>
   <div class='ocr_carea' id='block_1_16' title="bbox 155 1870 2057 3411">
    <p class='ocr_par' dir='ltr' id='par_1_20' title="bbox 219 1870 2054 1941">
     <span class='ocr_line' id='line_1_49' title="bbox 219 1870 2054 1941; baseline 0.001 -17"><span class='ocrx_word' id='word_1_278' title='bbox 219 1871 223 1900; x_wconf 73' lang='lat'><em>³</em></span> <span class='ocrx_word' id='word_1_279' title='bbox 360 1880 362 1882; x_wconf 82' lang='grc'><strong>’</strong></span> <span class='ocrx_word' id='word_1_280' title='bbox 459 1878 570 1924; x_wconf 82' lang='grc' dir='ltr'><strong>Εω3</strong></span> <span class='ocrx_word' id='word_1_281' title='bbox 605 1890 702 1922; x_wconf 90' lang='lat' dir='ltr'><strong>mos</strong></span> <span class='ocrx_word' id='word_1_282' title='bbox 736 1873 859 1935; x_wconf 77' lang='lat' dir='ltr'><strong>viget</strong></span> <span class='ocrx_word' id='word_1_283' title='bbox 893 1873 941 1920; x_wconf 91' lang='lat' dir='ltr'><strong>in</strong></span> <span class='ocrx_word' id='word_1_284' title='bbox 975 1871 1217 1920; x_wconf 85' lang='lat' dir='ltr'><strong>Provinciis</strong></span> <span class='ocrx_word' id='word_1_285' title='bbox 1251 1874 1468 1939; x_wconf 86' lang='lat' dir='ltr'><strong>Europae,</strong></span> <span class='ocrx_word' id='word_1_286' title='bbox 1503 1870 1626 1938; x_wconf 76' lang='lat' dir='ltr'><strong>quod</strong></span> <span class='ocrx_word' id='word_1_287' title='bbox 1660 1871 1812 1936; x_wconf 86' lang='lat' dir='ltr'><strong>finguli</strong></span> <span class='ocrx_word' id='word_1_288' title='bbox 1847 1870 2054 1941; x_wconf 86' lang='lat' dir='ltr'><strong>Episcopi</strong></span> 
     </span>
    </p>

    <p class='ocr_par' dir='ltr' id='par_1_21' title="bbox 495 1940 2055 2010">
     <span class='ocr_line' id='line_1_50' title="bbox 495 1940 2055 2010; baseline 0 -17"><span class='ocrx_word' id='word_1_289' title='bbox 495 1944 607 1993; x_wconf 89' lang='lat' dir='ltr'><strong>duos</strong></span> <span class='ocrx_word' id='word_1_290' title='bbox 653 1943 725 1993; x_wconf 88' lang='lat' dir='ltr'><strong>vel</strong></span> <span class='ocrx_word' id='word_1_291' title='bbox 760 1958 848 1992; x_wconf 89' lang='lat' dir='ltr'><strong>tres</strong></span> <span class='ocrx_word' id='word_1_292' title='bbox 891 1940 970 1992; x_wconf 84' lang='lat' dir='ltr'><strong>sub</strong></span> <span class='ocrx_word' id='word_1_293' title='bbox 1004 1941 1045 1991; x_wconf 89' lang='lat' dir='ltr'><strong>se</strong></span> <span class='ocrx_word' id='word_1_294' title='bbox 1080 1941 1269 1991; x_wconf 86' lang='lat' dir='ltr'><strong>habeant</strong></span> <span class='ocrx_word' id='word_1_295' title='bbox 1304 1940 1589 2010; x_wconf 84' lang='lat' dir='ltr'><strong>Episcopatus</strong></span> <span class='ocrx_word' id='word_1_296' title='bbox 1626 1963 1639 2001; x_wconf 99' lang='lat'><strong>3</strong></span> <span class='ocrx_word' id='word_1_297' title='bbox 1686 1941 1801 1993; x_wconf 74' lang='lat' dir='ltr'><strong>unde</strong></span> <span class='ocrx_word' id='word_1_298' title='bbox 1836 1945 2055 1993; x_wconf 72' lang='lat' dir='ltr'><strong>Heracleae</strong></span> 
     </span>
    </p>

    <p class='ocr_par' dir='ltr' id='par_1_22' title="bbox 497 2010 2054 2083">
     <span class='ocr_line' id='line_1_51' title="bbox 497 2010 2054 2083; baseline -0.001 -19"><span class='ocrx_word' id='word_1_299' title='bbox 497 2012 739 2083; x_wconf 88' lang='lat' dir='ltr'><strong>Episcopus</strong></span> <span class='ocrx_word' id='word_1_300' title='bbox 763 2012 842 2062; x_wconf 93' lang='lat' dir='ltr'><strong>sub</strong></span> <span class='ocrx_word' id='word_1_301' title='bbox 875 2010 918 2062; x_wconf 93' lang='lat' dir='ltr'><strong>se</strong></span> <span class='ocrx_word' id='word_1_302' title='bbox 952 2011 1085 2062; x_wconf 86' lang='lat' dir='ltr'><strong>habet</strong></span> <span class='ocrx_word' id='word_1_303' title='bbox 1119 2012 1374 2062; x_wconf 86' lang='lat' dir='ltr'><strong>Heracleam</strong></span> <span class='ocrx_word' id='word_1_304' title='bbox 1409 2016 1452 2062; x_wconf 75' lang='grc' dir='ltr'><strong>δε</strong></span> <span class='ocrx_word' id='word_1_305' title='bbox 1476 2014 1680 2063; x_wconf 86' lang='lat' dir='ltr'><strong>Panion:</strong></span> <span class='ocrx_word' id='word_1_306' title='bbox 1716 2011 1952 2081; x_wconf 86' lang='lat' dir='ltr'><strong>Episcopus</strong></span> <span class='ocrx_word' id='word_1_307' title='bbox 1977 2032 2054 2063; x_wconf 89' lang='lat' dir='ltr'><strong>au-</strong></span> 
     </span>
    </p>

    <p class='ocr_par' dir='ltr' id='par_1_23' title="bbox 155 2081 2057 3411">
     <span class='ocr_line' id='line_1_52' title="bbox 497 2081 2057 2168; baseline -0.001 -33"><span class='ocrx_word' id='word_1_308' title='bbox 497 2101 588 2135; x_wconf 89' lang='lat' dir='ltr'><strong>tem</strong></span> <span class='ocrx_word' id='word_1_309' title='bbox 622 2090 764 2153; x_wconf 80' lang='lat' dir='ltr'><strong>Byzes</strong></span> <span class='ocrx_word' id='word_1_310' title='bbox 797 2081 876 2132; x_wconf 90' lang='lat' dir='ltr'><strong>sub</strong></span> <span class='ocrx_word' id='word_1_311' title='bbox 909 2081 952 2132; x_wconf 90' lang='lat' dir='ltr'><strong>se</strong></span> <span class='ocrx_word' id='word_1_312' title='bbox 984 2088 1186 2150; x_wconf 89' lang='lat' dir='ltr'><strong>Byzen,</strong></span> <span class='ocrx_word' id='word_1_313' title='bbox 1219 2086 1263 2131; x_wconf 72' lang='grc' dir='ltr'><strong>δε</strong></span> <span class='ocrx_word' id='word_1_314' title='bbox 1297 2081 1667 2168; x_wconf 87' lang='lat' dir='ltr'><strong>Arcadiopolim3</strong></span> <span class='ocrx_word' id='word_1_315' title='bbox 1701 2085 1744 2132; x_wconf 84' lang='lat' dir='ltr'><strong><em>C</em></strong></span> <span class='ocrx_word' id='word_1_316' title='bbox 1747 2084 1912 2133; x_wconf 89' lang='lat' dir='ltr'><strong>oelenfis</strong></span> <span class='ocrx_word' id='word_1_317' title='bbox 1949 2084 2057 2135; x_wconf 77' lang='lat' dir='ltr'><strong>vero</strong></span> 
     </span>
     <span class='ocr_line' id='line_1_53' title="bbox 217 2151 2057 2221; baseline -0.002 -15"><span class='ocrx_word' id='word_1_318' title='bbox 217 2153 420 2206; x_wconf 72' lang='lat' dir='ltr'><strong>{imiliter</strong></span> <span class='ocrx_word' id='word_1_319' title='bbox 452 2155 586 2206; x_wconf 89' lang='lat' dir='ltr'><strong>habet</strong></span> <span class='ocrx_word' id='word_1_320' title='bbox 620 2155 816 2213; x_wconf 81' lang='lat' dir='ltr'><strong>Coelan,</strong></span> <span class='ocrx_word' id='word_1_321' title='bbox 849 2157 894 2203; x_wconf 68' lang='grc' dir='ltr'><strong>δε</strong></span> <span class='ocrx_word' id='word_1_322' title='bbox 928 2153 1220 2220; x_wconf 87' lang='lat' dir='ltr'><strong>Callipolim:</strong></span> <span class='ocrx_word' id='word_1_323' title='bbox 1257 2151 1392 2203; x_wconf 75' lang='lat' dir='ltr'><strong>Porro</strong></span> <span class='ocrx_word' id='word_1_324' title='bbox 1427 2151 1664 2221; x_wconf 88' lang='lat' dir='ltr'><strong>Episcopus</strong></span> <span class='ocrx_word' id='word_1_325' title='bbox 1699 2151 1944 2214; x_wconf 85' lang='lat' dir='ltr'><strong>Sabsadiae,</strong></span> <span class='ocrx_word' id='word_1_326' title='bbox 1980 2153 2057 2203; x_wconf 92' lang='lat' dir='ltr'><strong>sub</strong></span> 
     </span>
     <span class='ocr_line' id='line_1_54' title="bbox 218 2221 2054 2290; baseline -0.001 -16"><span class='ocrx_word' id='word_1_327' title='bbox 218 2223 265 2274; x_wconf 88' lang='lat' dir='ltr'><strong>se</strong></span> <span class='ocrx_word' id='word_1_328' title='bbox 297 2223 432 2278; x_wconf 79' lang='lat' dir='ltr'><strong>habet</strong></span> <span class='ocrx_word' id='word_1_329' title='bbox 466 2224 750 2284; x_wconf 88' lang='lat' dir='ltr'><strong>Sabsadiam3</strong></span> <span class='ocrx_word' id='word_1_330' title='bbox 783 2227 828 2272; x_wconf 87' lang='lat'>&amp;</span> <span class='ocrx_word' id='word_1_331' title='bbox 862 2229 935 2290; x_wconf 89' lang='lat' dir='ltr'><strong>Ap</strong></span> <span class='ocrx_word' id='word_1_332' title='bbox 938 2221 1260 2274; x_wconf 82' lang='lat' dir='ltr'><strong>hrodifiadem.</strong></span> <span class='ocrx_word' id='word_1_333' title='bbox 1304 2228 1462 2290; x_wconf 87' lang='lat' dir='ltr'><strong>Itaque</strong></span> <span class='ocrx_word' id='word_1_334' title='bbox 1493 2224 1603 2273; x_wconf 90' lang='lat' dir='ltr'><strong>olim</strong></span> <span class='ocrx_word' id='word_1_335' title='bbox 1637 2227 1680 2272; x_wconf 87' lang='lat'>&amp;</span> <span class='ocrx_word' id='word_1_336' title='bbox 1714 2223 1772 2272; x_wconf 88' lang='lat' dir='ltr'><strong>ab</strong></span> <span class='ocrx_word' id='word_1_337' title='bbox 1804 2225 1935 2272; x_wconf 90' lang='lat' dir='ltr'><strong>initio</strong></span> <span class='ocrx_word' id='word_1_338' title='bbox 1970 2227 2054 2272; x_wconf 85' lang='lat' dir='ltr'><strong>Ec-</strong></span> 
     </span>
     <span class='ocr_line' id='line_1_55' title="bbox 155 2261 2056 2362; baseline -0.001 -19"><span class='ocrx_word' id='word_1_339' title='bbox 155 2301 160 2304; x_wconf 81' lang='grc'><strong><em>’</em></strong></span> <span class='ocrx_word' id='word_1_340' title='bbox 218 2294 370 2344; x_wconf 84' lang='lat' dir='ltr'><strong>clefias</strong></span> <span class='ocrx_word' id='word_1_341' title='bbox 405 2297 503 2345; x_wconf 90' lang='lat' dir='ltr'><strong>illas</strong></span> <span class='ocrx_word' id='word_1_342' title='bbox 538 2295 627 2345; x_wconf 92' lang='lat' dir='ltr'><strong>duo</strong></span> <span class='ocrx_word' id='word_1_343' title='bbox 661 2261 841 2362; x_wconf 58' lang='lat' dir='ltr'><strong>Eur&#39;opae</strong></span> <span class='ocrx_word' id='word_1_344' title='bbox 874 2292 1078 2362; x_wconf 87' lang='lat' dir='ltr'><strong>Episcopi</strong></span> <span class='ocrx_word' id='word_1_345' title='bbox 1101 2292 1490 2354; x_wconf 84' lang='lat' dir='ltr'><strong>administrabant,</strong></span> <span class='ocrx_word' id='word_1_346' title='bbox 1525 2298 1568 2343; x_wconf 88' lang='lat'>&amp;</span> <span class='ocrx_word' id='word_1_347' title='bbox 1602 2309 1822 2361; x_wconf 89' lang='lat' dir='ltr'><strong>nunquam</strong></span> <span class='ocrx_word' id='word_1_348' title='bbox 1846 2292 2056 2361; x_wconf 69' lang='lat' dir='ltr'><strong>praedistae</strong></span> 
     </span>
     <span class='ocr_line' id='line_1_56' title="bbox 218 2361 2056 2444; baseline -0.002 -27"><span class='ocrx_word' id='word_1_349' title='bbox 218 2366 428 2417; x_wconf 81' lang='lat' dir='ltr'><strong>civitates</strong></span> <span class='ocrx_word' id='word_1_350' title='bbox 463 2367 664 2444; x_wconf 84' lang='lat' dir='ltr'><strong>proprios</strong></span> <span class='ocrx_word' id='word_1_351' title='bbox 699 2379 958 2431; x_wconf 86' lang='lat' dir='ltr'><strong>acceperunt</strong></span> <span class='ocrx_word' id='word_1_352' title='bbox 993 2361 1272 2434; x_wconf 89' lang='lat' dir='ltr'><strong>Episcopos·</strong></span> <span class='ocrx_word' id='word_1_353' title='bbox 1259 2400 1274 2422; x_wconf 91' lang='lat'><strong>,</strong></span> <span class='ocrx_word' id='word_1_354' title='bbox 1308 2362 1382 2413; x_wconf 89' lang='lat' dir='ltr'><strong>sed</strong></span> <span class='ocrx_word' id='word_1_355' title='bbox 1415 2365 1509 2413; x_wconf 82' lang='lat' dir='ltr'><strong>aliae</strong></span> <span class='ocrx_word' id='word_1_356' title='bbox 1531 2362 1710 2431; x_wconf 87' lang='lat' dir='ltr'><strong>quidem</strong></span> <span class='ocrx_word' id='word_1_357' title='bbox 1746 2362 1822 2412; x_wconf 90' lang='lat' dir='ltr'><strong>sub</strong></span> <span class='ocrx_word' id='word_1_358' title='bbox 1844 2365 2056 2415; x_wconf 77' lang='lat' dir='ltr'><strong>Heraclea</strong></span> 
     </span>
     <span class='ocr_line' id='line_1_57' title="bbox 219 2432 2056 2515; baseline 0.001 -32"><span class='ocrx_word' id='word_1_359' title='bbox 219 2433 395 2483; x_wconf 82' lang='lat' dir='ltr'><strong>fuerunt</strong></span> <span class='ocrx_word' id='word_1_360' title='bbox 430 2435 488 2483; x_wconf 90' lang='lat' dir='ltr'><strong>ab</strong></span> <span class='ocrx_word' id='word_1_361' title='bbox 522 2436 690 2493; x_wconf 90' lang='lat' dir='ltr'><strong>initio3</strong></span> <span class='ocrx_word' id='word_1_362' title='bbox 725 2432 1031 2501; x_wconf 88' lang='lat' dir='ltr'><strong>Arcadiopolis</strong></span> <span class='ocrx_word' id='word_1_363' title='bbox 1065 2450 1210 2482; x_wconf 89' lang='lat' dir='ltr'><strong>autem</strong></span> <span class='ocrx_word' id='word_1_364' title='bbox 1236 2434 1320 2482; x_wconf 86' lang='lat' dir='ltr'><strong>fuit</strong></span> <span class='ocrx_word' id='word_1_365' title='bbox 1355 2432 1557 2515; x_wconf 88' lang='lat' dir='ltr'><strong>Episcopi</strong></span> <span class='ocrx_word' id='word_1_366' title='bbox 1581 2433 1819 2503; x_wconf 85' lang='lat' dir='ltr'><strong>Byzenfis·</strong></span> <span class='ocrx_word' id='word_1_367' title='bbox 1806 2471 1821 2493; x_wconf 94' lang='lat'><em>3</em></span> <span class='ocrx_word' id='word_1_368' title='bbox 1857 2436 2056 2501; x_wconf 86' lang='lat' dir='ltr'><strong>Callipo-</strong></span> 
     </span>
     <span class='ocr_line' id='line_1_58' title="bbox 221 2502 2057 2589; baseline 0.001 -38"><span class='ocrx_word' id='word_1_369' title='bbox 221 2505 277 2552; x_wconf 88' lang='lat' dir='ltr'><strong>lis</strong></span> <span class='ocrx_word' id='word_1_370' title='bbox 311 2503 508 2552; x_wconf 75' lang='lat' dir='ltr'><strong>similiter</strong></span> <span class='ocrx_word' id='word_1_371' title='bbox 543 2503 620 2552; x_wconf 93' lang='lat' dir='ltr'><strong>sub</strong></span> <span class='ocrx_word' id='word_1_372' title='bbox 654 2502 872 2589; x_wconf 88' lang='lat' dir='ltr'><strong>Episcopo</strong></span> <span class='ocrx_word' id='word_1_373' title='bbox 895 2503 1122 2553; x_wconf 86' lang='lat' dir='ltr'><strong>Coelenfi.</strong></span> <span class='ocrx_word' id='word_1_374' title='bbox 1158 2503 1321 2553; x_wconf 89' lang='lat' dir='ltr'><strong>Verum</strong></span> <span class='ocrx_word' id='word_1_375' title='bbox 1349 2506 1559 2571; x_wconf 89' lang='lat' dir='ltr'><strong>quoniam</strong></span> <span class='ocrx_word' id='word_1_376' title='bbox 1584 2522 1698 2555; x_wconf 90' lang='lat' dir='ltr'><strong>nunc</strong></span> <span class='ocrx_word' id='word_1_377' title='bbox 1722 2504 1941 2553; x_wconf 88' lang='lat' dir='ltr'><strong>Fhriuclas</strong></span> <span class='ocrx_word' id='word_1_378' title='bbox 1965 2507 2057 2553; x_wconf 82' lang='lat' dir='ltr'><strong>He-</strong></span> 
     </span>
     <span class='ocr_line' id='line_1_59' title="bbox 221 2572 2057 2642; baseline -0.002 -19"><span class='ocrx_word' id='word_1_379' title='bbox 221 2574 374 2625; x_wconf 79' lang='lat' dir='ltr'><strong>racleae</strong></span> <span class='ocrx_word' id='word_1_380' title='bbox 407 2572 682 2642; x_wconf 83' lang='lat' dir='ltr'><strong>Episcopus,</strong></span> <span class='ocrx_word' id='word_1_381' title='bbox 717 2592 742 2622; x_wconf 87' lang='lat' dir='ltr'><strong>a</strong></span> <span class='ocrx_word' id='word_1_382' title='bbox 778 2572 978 2623; x_wconf 71' lang='lat' dir='ltr'><strong>sanetas</strong></span> <span class='ocrx_word' id='word_1_383' title='bbox 1013 2572 1130 2623; x_wconf 92' lang='lat' dir='ltr'><strong>nodo</strong></span> <span class='ocrx_word' id='word_1_384' title='bbox 1163 2574 1357 2641; x_wconf 86' lang='lat' dir='ltr'><strong>apostata</strong></span> <span class='ocrx_word' id='word_1_385' title='bbox 1393 2574 1563 2634; x_wconf 67' lang='lat' dir='ltr'><strong>faciuS,</strong></span> <span class='ocrx_word' id='word_1_386' title='bbox 1598 2573 1803 2626; x_wconf 83' lang='lat' dir='ltr'><strong>Nestorio</strong></span> <span class='ocrx_word' id='word_1_387' title='bbox 1835 2578 1879 2622; x_wconf 75' lang='grc' dir='ltr'><strong>δε</strong></span> <span class='ocrx_word' id='word_1_388' title='bbox 1912 2590 2057 2621; x_wconf 90' lang='lat' dir='ltr'><strong>cum...</strong></span> 
     </span>
     <span class='ocr_line' id='line_1_60' title="bbox 220 2640 2056 2724; baseline -0.002 -30"><span class='ocrx_word' id='word_1_389' title='bbox 220 2645 304 2694; x_wconf 90' lang='lat' dir='ltr'><strong>illo</strong></span> <span class='ocrx_word' id='word_1_390' title='bbox 338 2643 617 2695; x_wconf 88' lang='lat' dir='ltr'><strong>sentientibus</strong></span> <span class='ocrx_word' id='word_1_391' title='bbox 652 2642 694 2692; x_wconf 87' lang='lat' dir='ltr'><strong>se</strong></span> <span class='ocrx_word' id='word_1_392' title='bbox 717 2642 885 2694; x_wconf 87' lang='lat' dir='ltr'><strong>addixit</strong></span> <span class='ocrx_word' id='word_1_393' title='bbox 921 2646 1007 2704; x_wconf 92' lang='lat' dir='ltr'><strong>(u</strong></span> <span class='ocrx_word' id='word_1_394' title='bbox 980 2643 1219 2724; x_wconf 72' lang='lat' dir='ltr'><strong>uspicamur</strong></span> <span class='ocrx_word' id='word_1_395' title='bbox 1244 2659 1430 2704; x_wconf 87' lang='lat' dir='ltr'><strong>autem,</strong></span> <span class='ocrx_word' id='word_1_396' title='bbox 1464 2642 1589 2710; x_wconf 76' lang='lat' dir='ltr'><strong>quod</strong></span> <span class='ocrx_word' id='word_1_397' title='bbox 1613 2659 1835 2708; x_wconf 89' lang='lat' dir='ltr'><strong>nunquam</strong></span> <span class='ocrx_word' id='word_1_398' title='bbox 1870 2644 1940 2692; x_wconf 91' lang='lat' dir='ltr'><strong>vel</strong></span> <span class='ocrx_word' id='word_1_399' title='bbox 1965 2640 2056 2709; x_wconf 89' lang='lat' dir='ltr'><strong>ipse</strong></span> 
     </span>
     <span class='ocr_line' id='line_1_61' title="bbox 223 2710 2056 2781; baseline -0.001 -20"><span class='ocrx_word' id='word_1_400' title='bbox 223 2712 431 2763; x_wconf 89' lang='lat' dir='ltr'><strong>ulciscens</strong></span> <span class='ocrx_word' id='word_1_401' title='bbox 467 2731 678 2781; x_wconf 88' lang='lat' dir='ltr'><strong>tanquam</strong></span> <span class='ocrx_word' id='word_1_402' title='bbox 714 2713 890 2775; x_wconf 90' lang='lat' dir='ltr'><strong>hostes,</strong></span> <span class='ocrx_word' id='word_1_403' title='bbox 926 2716 996 2763; x_wconf 92' lang='lat' dir='ltr'><strong>vel</strong></span> <span class='ocrx_word' id='word_1_404' title='bbox 1032 2717 1110 2780; x_wconf 91' lang='lat' dir='ltr'><strong>qui</strong></span> <span class='ocrx_word' id='word_1_405' title='bbox 1133 2731 1235 2763; x_wconf 91' lang='lat' dir='ltr'><strong>cum</strong></span> <span class='ocrx_word' id='word_1_406' title='bbox 1271 2711 1366 2781; x_wconf 89' lang='lat' dir='ltr'><strong>ipso</strong></span> <span class='ocrx_word' id='word_1_407' title='bbox 1390 2714 1609 2762; x_wconf 76' lang='lat' dir='ltr'><strong>Heracleae</strong></span> <span class='ocrx_word' id='word_1_408' title='bbox 1643 2711 1953 2779; x_wconf 89' lang='lat' dir='ltr'><strong>Episcopatum</strong></span> <span class='ocrx_word' id='word_1_409' title='bbox 1979 2710 2056 2760; x_wconf 88' lang='lat' dir='ltr'><strong>ad-</strong></span> 
     </span>
     <span class='ocr_line' id='line_1_62' title="bbox 223 2781 2054 2851; baseline 0 -21"><span class='ocrx_word' id='word_1_410' title='bbox 223 2783 503 2845; x_wconf 86' lang='lat' dir='ltr'><strong>ministrant,</strong></span> <span class='ocrx_word' id='word_1_411' title='bbox 539 2787 717 2835; x_wconf 86' lang='lat' dir='ltr'><strong>veniant</strong></span> <span class='ocrx_word' id='word_1_412' title='bbox 752 2783 808 2833; x_wconf 89' lang='lat' dir='ltr'><strong>ad</strong></span> <span class='ocrx_word' id='word_1_413' title='bbox 843 2782 1130 2833; x_wconf 89' lang='lat' dir='ltr'><strong>ordinandum</strong></span> <span class='ocrx_word' id='word_1_414' title='bbox 1165 2782 1405 2851; x_wconf 90' lang='lat' dir='ltr'><strong>Episcopos</strong></span> <span class='ocrx_word' id='word_1_415' title='bbox 1438 2788 1558 2849; x_wconf 84' lang='lat' dir='ltr'><strong>juxta</strong></span> <span class='ocrx_word' id='word_1_416' title='bbox 1582 2798 1772 2833; x_wconf 88' lang='lat' dir='ltr'><strong>veterem</strong></span> <span class='ocrx_word' id='word_1_417' title='bbox 1806 2786 1849 2831; x_wconf 78' lang='grc' dir='ltr'><strong>δε</strong></span> <span class='ocrx_word' id='word_1_418' title='bbox 1877 2781 2054 2830; x_wconf 86' lang='lat' dir='ltr'><strong>robora-</strong></span> 
     </span>
     <span class='ocr_line' id='line_1_63' title="bbox 225 2853 2053 2919; baseline 0.001 -19"><span class='ocrx_word' id='word_1_419' title='bbox 225 2867 318 2900; x_wconf 86' lang='lat' dir='ltr'><strong>tam</strong></span> <span class='ocrx_word' id='word_1_420' title='bbox 353 2853 706 2905; x_wconf 87' lang='lat' dir='ltr'><strong>consuetudinem</strong></span> <span class='ocrx_word' id='word_1_421' title='bbox 744 2858 809 2902; x_wconf 91' lang='lat' dir='ltr'><strong>in</strong></span> <span class='ocrx_word' id='word_1_422' title='bbox 826 2856 1077 2902; x_wconf 89' lang='lat' dir='ltr'><strong>memoratis</strong></span> <span class='ocrx_word' id='word_1_423' title='bbox 1111 2853 1369 2903; x_wconf 81' lang='lat' dir='ltr'><strong>civitatibus</strong></span> <span class='ocrx_word' id='word_1_424' title='bbox 1403 2890 1417 2914; x_wconf 88' lang='lat'><em>3</em></span> <span class='ocrx_word' id='word_1_425' title='bbox 1451 2870 1548 2919; x_wconf 85' lang='lat' dir='ltr'><strong>quae</strong></span> <span class='ocrx_word' id='word_1_426' title='bbox 1581 2869 1804 2919; x_wconf 89' lang='lat' dir='ltr'><strong>nunquam</strong></span> <span class='ocrx_word' id='word_1_427' title='bbox 1853 2854 2053 2919; x_wconf 88' lang='lat' dir='ltr'><strong>proprios</strong></span> 
     </span>
     <span class='ocr_line' id='line_1_64' title="bbox 223 2921 2053 3004; baseline 0 -34"><span class='ocrx_word' id='word_1_428' title='bbox 223 2921 462 2992; x_wconf 85' lang='lat' dir='ltr'><strong>Episcopos</strong></span> <span class='ocrx_word' id='word_1_429' title='bbox 497 2938 749 3004; x_wconf 81' lang='lat' dir='ltr'><strong>receperunt</strong></span> <span class='ocrx_word' id='word_1_430' title='bbox 786 2927 803 2986; x_wconf 89' lang='lat'>)</span> <span class='ocrx_word' id='word_1_431' title='bbox 851 2926 1001 2990; x_wconf 86' lang='lat' dir='ltr'><strong>itaque</strong></span> <span class='ocrx_word' id='word_1_432' title='bbox 1047 2923 1206 2992; x_wconf 88' lang='lat' dir='ltr'><strong>priscos</strong></span> <span class='ocrx_word' id='word_1_433' title='bbox 1240 2940 1382 2976; x_wconf 79' lang='lat' dir='ltr'><strong>mores</strong></span> <span class='ocrx_word' id='word_1_434' title='bbox 1431 2927 1475 2971; x_wconf 71' lang='grc' dir='ltr'><strong>δε</strong></span> <span class='ocrx_word' id='word_1_435' title='bbox 1509 2921 1857 2972; x_wconf 89' lang='lat' dir='ltr'><strong>consuetudinem</strong></span> <span class='ocrx_word' id='word_1_436' title='bbox 1895 2958 1908 2982; x_wconf 87' lang='lat'><strong>3</strong></span> <span class='ocrx_word' id='word_1_437' title='bbox 1956 2939 2053 2988; x_wconf 81' lang='lat' dir='ltr'><strong>quae</strong></span> 
     </span>
     <span class='ocr_line' id='line_1_65' title="bbox 223 2993 2050 3061; baseline 0 -22"><span class='ocrx_word' id='word_1_438' title='bbox 223 2994 331 3040; x_wconf 89' lang='lat' dir='ltr'><strong>olim</strong></span> <span class='ocrx_word' id='word_1_439' title='bbox 367 2998 409 3042; x_wconf 73' lang='grc' dir='ltr'><strong>δε</strong></span> <span class='ocrx_word' id='word_1_440' title='bbox 433 2993 526 3042; x_wconf 90' lang='lat' dir='ltr'><strong>ab</strong></span> <span class='ocrx_word' id='word_1_441' title='bbox 514 2996 645 3042; x_wconf 88' lang='lat' dir='ltr'><strong>mitio</strong></span> <span class='ocrx_word' id='word_1_442' title='bbox 667 2995 847 3057; x_wconf 87' lang='lat' dir='ltr'><strong>viguit,</strong></span> <span class='ocrx_word' id='word_1_443' title='bbox 881 2996 1148 3044; x_wconf 89' lang='lat' dir='ltr'><strong>commoveri</strong></span> <span class='ocrx_word' id='word_1_444' title='bbox 1173 3010 1352 3061; x_wconf 87' lang='lat' dir='ltr'><strong>propter</strong></span> <span class='ocrx_word' id='word_1_445' title='bbox 1385 2994 1603 3044; x_wconf 89' lang='lat' dir='ltr'><strong>novitates</strong></span> <span class='ocrx_word' id='word_1_446' title='bbox 1627 2995 1873 3055; x_wconf 81' lang='lat' dir='ltr'><strong>cogitantes</strong></span> <span class='ocrx_word' id='word_1_447' title='bbox 1903 3028 1917 3053; x_wconf 89' lang='lat'><strong>3</strong></span> <span class='ocrx_word' id='word_1_448' title='bbox 1953 3007 2050 3040; x_wconf 71' lang='lat' dir='ltr'><strong>ora-</strong></span> 
     </span>
     <span class='ocr_line' id='line_1_66' title="bbox 226 3030 2051 3130; baseline 0 -20"><span class='ocrx_word' id='word_1_449' title='bbox 226 3080 320 3111; x_wconf 88' lang='lat' dir='ltr'><strong>mus</strong></span> <span class='ocrx_word' id='word_1_450' title='bbox 354 3063 538 3113; x_wconf 87' lang='lat' dir='ltr'><strong>vestram</strong></span> <span class='ocrx_word' id='word_1_451' title='bbox 573 3066 787 3113; x_wconf 88' lang='lat' dir='ltr'><strong>Pietatem</strong></span> <span class='ocrx_word' id='word_1_452' title='bbox 821 3030 1117 3114; x_wconf 83' lang='lat' dir='ltr'><strong>definitionem</strong></span> <span class='ocrx_word' id='word_1_453' title='bbox 1152 3065 1424 3130; x_wconf 88' lang='lat' dir='ltr'><strong>pronuntiari</strong></span> <span class='ocrx_word' id='word_1_454' title='bbox 1458 3061 1514 3112; x_wconf 84' lang='lat' dir='ltr'><strong>de</strong></span> <span class='ocrx_word' id='word_1_455' title='bbox 1547 3079 1598 3112; x_wconf 86' lang='lat' dir='ltr'><strong>ea</strong></span> <span class='ocrx_word' id='word_1_456' title='bbox 1633 3080 1679 3114; x_wconf 90' lang='lat' dir='ltr'><strong>re</strong></span> <span class='ocrx_word' id='word_1_457' title='bbox 1715 3081 1740 3111; x_wconf 89' lang='lat' dir='ltr'><strong>a</strong></span> <span class='ocrx_word' id='word_1_458' title='bbox 1776 3062 1912 3113; x_wconf 87' lang='lat' dir='ltr'><strong>vestra</strong></span> <span class='ocrx_word' id='word_1_459' title='bbox 1959 3060 2051 3110; x_wconf 83' lang='lat' dir='ltr'><strong>san-</strong></span> 
     </span>
     <span class='ocr_line' id='line_1_67' title="bbox 226 3132 2050 3214; baseline 0 -33"><span class='ocrx_word' id='word_1_460' title='bbox 226 3137 294 3180; x_wconf 67' lang='lat' dir='ltr'><strong>&amp;a</strong></span> <span class='ocrx_word' id='word_1_461' title='bbox 329 3151 573 3200; x_wconf 82' lang='lat' dir='ltr'><strong>magnaque</strong></span> <span class='ocrx_word' id='word_1_462' title='bbox 607 3133 822 3203; x_wconf 91' lang='lat' dir='ltr'><strong>Synodo3</strong></span> <span class='ocrx_word' id='word_1_463' title='bbox 858 3135 1124 3214; x_wconf 87' lang='lat' dir='ltr'><strong>proprioque</strong></span> <span class='ocrx_word' id='word_1_464' title='bbox 1159 3134 1378 3196; x_wconf 72' lang='lat' dir='ltr'><strong>signaculo</strong></span> <span class='ocrx_word' id='word_1_465' title='bbox 1411 3149 1506 3181; x_wconf 87' lang='lat' dir='ltr'><strong>eam</strong></span> <span class='ocrx_word' id='word_1_466' title='bbox 1542 3132 1773 3192; x_wconf 88' lang='lat' dir='ltr'><strong>roborari,</strong></span> <span class='ocrx_word' id='word_1_467' title='bbox 1808 3135 1871 3181; x_wconf 91' lang='lat' dir='ltr'><strong>ita</strong></span> <span class='ocrx_word' id='word_1_468' title='bbox 1906 3147 1954 3180; x_wconf 93' lang='lat' dir='ltr'><strong>ut</strong></span> <span class='ocrx_word' id='word_1_469' title='bbox 1979 3150 2050 3181; x_wconf 89' lang='lat' dir='ltr'><strong>ne-</strong></span> 
     </span>
     <span class='ocr_line' id='line_1_68' title="bbox 228 3202 2048 3282; baseline -0.001 -32"><span class='ocrx_word' id='word_1_470' title='bbox 228 3220 314 3267; x_wconf 86' lang='lat' dir='ltr'><strong>que</strong></span> <span class='ocrx_word' id='word_1_471' title='bbox 350 3221 427 3253; x_wconf 90' lang='lat' dir='ltr'><strong>nos</strong></span> <span class='ocrx_word' id='word_1_472' title='bbox 462 3203 662 3255; x_wconf 83' lang='lat' dir='ltr'><strong>Ecclefiis</strong></span> <span class='ocrx_word' id='word_1_473' title='bbox 698 3204 850 3254; x_wconf 89' lang='lat' dir='ltr'><strong>nostris</strong></span> <span class='ocrx_word' id='word_1_474' title='bbox 884 3207 1102 3272; x_wconf 87' lang='lat' dir='ltr'><strong>privemur</strong></span> <span class='ocrx_word' id='word_1_475' title='bbox 1136 3239 1150 3265; x_wconf 84' lang='lat'><strong>,</strong></span> <span class='ocrx_word' id='word_1_476' title='bbox 1191 3206 1238 3251; x_wconf 92' lang='lat' dir='ltr'><strong>in</strong></span> <span class='ocrx_word' id='word_1_477' title='bbox 1272 3203 1431 3269; x_wconf 88' lang='lat' dir='ltr'><strong>quibus</strong></span> <span class='ocrx_word' id='word_1_478' title='bbox 1465 3202 1700 3282; x_wconf 80' lang='lat' dir='ltr'><strong>plurimum</strong></span> <span class='ocrx_word' id='word_1_479' title='bbox 1736 3202 2048 3260; x_wconf 85' lang='lat' dir='ltr'><strong>laboravimus,</strong></span> 
     </span>
     <span class='ocr_line' id='line_1_69' title="bbox 229 3270 2049 3358; baseline 0.001 -40"><span class='ocrx_word' id='word_1_480' title='bbox 229 3287 370 3337; x_wconf 86' lang='lat' dir='ltr'><strong>neque</strong></span> <span class='ocrx_word' id='word_1_481' title='bbox 405 3291 497 3323; x_wconf 87' lang='lat' dir='ltr'><strong>mos</strong></span> <span class='ocrx_word' id='word_1_482' title='bbox 532 3279 622 3341; x_wconf 88' lang='lat' dir='ltr'><strong>jam</strong></span> <span class='ocrx_word' id='word_1_483' title='bbox 658 3274 791 3336; x_wconf 79' lang='lat' dir='ltr'><strong>longo</strong></span> <span class='ocrx_word' id='word_1_484' title='bbox 819 3290 1012 3341; x_wconf 89' lang='lat' dir='ltr'><strong>tempore</strong></span> <span class='ocrx_word' id='word_1_485' title='bbox 1035 3270 1359 3323; x_wconf 87' lang='lat' dir='ltr'><strong>confirmatus</strong></span> <span class='ocrx_word' id='word_1_486' title='bbox 1340 3291 1366 3325; x_wconf 85' lang='lat' dir='ltr'><strong>a</strong></span> <span class='ocrx_word' id='word_1_487' title='bbox 1390 3274 1598 3342; x_wconf 89' lang='lat' dir='ltr'><strong>quopiam</strong></span> <span class='ocrx_word' id='word_1_488' title='bbox 1611 3288 2049 3358; x_wconf 76' lang='lat' dir='ltr'><strong>praememoratorum</strong></span> 
     </span>
     <span class='ocr_line' id='line_1_70' title="bbox 228 3339 2054 3411; baseline 0.002 -24"><span class='ocrx_word' id='word_1_489' title='bbox 228 3358 590 3406; x_wconf 85' lang='lat' dir='ltr'><strong>commoveatur,</strong></span> <span class='ocrx_word' id='word_1_490' title='bbox 626 3342 819 3411; x_wconf 85' lang='lat' dir='ltr'><strong>fiantque</strong></span> <span class='ocrx_word' id='word_1_491' title='bbox 840 3343 993 3405; x_wconf 90' lang='lat' dir='ltr'><strong>bella,</strong></span> <span class='ocrx_word' id='word_1_492' title='bbox 1029 3349 1072 3393; x_wconf 71' lang='grc' dir='ltr'><strong>δι</strong></span> <span class='ocrx_word' id='word_1_493' title='bbox 1098 3341 1472 3403; x_wconf 85' lang='lat' dir='ltr'><strong>inordinationes,</strong></span> <span class='ocrx_word' id='word_1_494' title='bbox 1508 3342 1693 3392; x_wconf 73' lang='lat' dir='ltr'><strong>maxime</strong></span> <span class='ocrx_word' id='word_1_495' title='bbox 1729 3344 1839 3390; x_wconf 88' lang='lat' dir='ltr'><strong>inter</strong></span> <span class='ocrx_word' id='word_1_496' title='bbox 1874 3339 2054 3407; x_wconf 84' lang='lat' dir='ltr'><strong>Episco-</strong></span> 
     </span>
    </p>
   </div>
   <div class='ocr_carea' id='block_1_17' title="bbox 231 3410 2050 3529">
    <p class='ocr_par' dir='ltr' id='par_1_24' title="bbox 231 3410 2050 3529">
     <span class='ocr_line' id='line_1_71' title="bbox 231 3410 2050 3528; baseline 0 -69"><span class='ocrx_word' id='word_1_497' title='bbox 231 3428 317 3478; x_wconf 83' lang='lat' dir='ltr'><strong>pos</strong></span> <span class='ocrx_word' id='word_1_498' title='bbox 349 3415 527 3482; x_wconf 84' lang='lat' dir='ltr'><strong>Europae</strong></span> <span class='ocrx_word' id='word_1_499' title='bbox 561 3450 573 3463; x_wconf 83' lang='lat'><strong>.</strong></span> <span class='ocrx_word' id='word_1_500' title='bbox 619 3419 755 3480; x_wconf 86' lang='lat' dir='ltr'><strong>Cujus</strong></span> <span class='ocrx_word' id='word_1_501' title='bbox 790 3415 849 3463; x_wconf 88' lang='lat' dir='ltr'><strong>rei</strong></span> <span class='ocrx_word' id='word_1_502' title='bbox 885 3414 916 3462; x_wconf 83' lang='lat' dir='ltr'><strong>si</strong></span> <span class='ocrx_word' id='word_1_503' title='bbox 950 3429 1174 3481; x_wconf 87' lang='lat' dir='ltr'><strong>compotes</strong></span> <span class='ocrx_word' id='word_1_504' title='bbox 1211 3412 1311 3462; x_wconf 63' lang='lat' dir='ltr'><strong>facti</strong></span> <span class='ocrx_word' id='word_1_505' title='bbox 1347 3412 1550 3464; x_wconf 83' lang='lat' dir='ltr'><strong>fuerimus</strong></span> <span class='ocrx_word' id='word_1_506' title='bbox 1583 3448 1596 3471; x_wconf 93' lang='lat'><strong>3</strong></span> <span class='ocrx_word' id='word_1_507' title='bbox 1642 3414 1825 3476; x_wconf 82' lang='lat' dir='ltr'><strong>gratiam</strong></span> <span class='ocrx_word' id='word_1_508' title='bbox 1842 3410 2050 3528; x_wconf 82' lang='lat' dir='ltr'><strong>shabituri</strong></span> 
     </span>
     <span class='ocr_line' id='line_1_72' title="bbox 1860 3498 1982 3529; baseline 0.008 -1"><span class='ocrx_word' id='word_1_509' title='bbox 1860 3498 1982 3529; x_wconf 86' lang='lat' dir='ltr'><strong>umus</strong></span> 
     </span>
    </p>
   </div>
  </div>
 </body>
</html>
