2346 3776
212 787 302 842 epist.

214 854 229 872 2
231 853 259 882 3.

197 1954 270 1993 Cap.
292 1956 318 1983 6.

223 3266 282 3297 Lib.
296 3275 321 3299 7.

354 151 427 189 140

356 216 424 240 tem
438 228 450 245 ,
472 201 530 239 -sed
541 204 754 250 temporalem
764 203 974 239 medicinam.
1001 202 1049 239 At
1060 203 1239 247 respondeo

351 255 419 289 hoc
430 255 638 299 Responsum
649 265 830 301 repugnare
839 255 982 299 praesenti
1008 254 1126 289 Edicto
1140 255 1239 288 sanai

350 304 488 350 Angeli.
524 306 660 340 Etenim
679 318 738 342 eos
761 304 911 341 Gentiles
933 329 944 347 ,
969 306 1026 347 qui
1048 304 1106 339 sub
1128 305 1238 340 sansto

350 353 542 391 Patriarcha
565 355 665 390 Petro
690 357 732 392 ad
751 354 957 391 evadendam
979 355 1107 390 Pestem
1117 354 1240 390 fimula-

349 416 424 441 rant
435 406 534 440 fidem
546 430 557 446 ‚
582 415 682 450 atque
693 407 738 442 ita
752 406 918 453 Baptisma
931 414 1122 450 acceperant
1133 429 1144 445 ‚
1171 404 1240 438 An-

349 457 445 503 gelus
455 457 559 492 edixit
569 457 632 492 effe
643 457 810 502 Maruspia
822 456 905 501 licet·
924 467 1044 496 vacua,
1071 465 1182 489 tamen
1202 455 1240 487 fi-

349 517 460 552 gnata.
488 507 606 542 Edixit
616 507 702 542 istud
714 508 880 553 Baptisma
891 508 955 541 ess‘e
967 507 1110 540 informe
1122 530 1132 545 ‚
1143 504 1240 539 adeo-

348 569 413 601 que
423 557 578 593 validum.
606 557 652 593 Et
660 558 744 593 reste
755 558 870 594 edixit.
906 557 1043 591 Etenim
1056 556 1096 591 ad
1111 555 1237 598 Baptis-

347 607 397 642 mi
409 607 553 643 valorem
572 620 643 642 non
662 609 709 644 est
731 610 903 647 necessaria
927 607 1072 641 intentio
1094 614 1150 638 aut
1170 605 1238 647 spes

347 668 473 693 aetetn'ae
484 659 564 693 vitae.
585 659 689 707 Qod
700 659 801 704 longe
813 654 939 696 firmius
951 657 995 690 est
1010 656 1045 687 in
1057 654 1237 697 Baptisma-

345 718 380 744 te
390 708 627 745 Parvulorum:
657 709 760 759 Qod
771 711 862 745 enirn
885 704 1104 744 offerentium
1124 715 1212 738 error
1225 729 1235 744 2

344 767 404 794 aut
414 759 535 804 quaevis
545 760 609 795 alia
621 761 761 805 pravitas
777 785 788 802 ,
797 771 866 794 non
878 758 972 802 poffit
985 754 1092 797 ipsum
1102 765 1236 789 evacua·

343 821 400 850 re,
425 810 551 845 sanstus
571 810 778 855 Augustinus
788 806 990 843 demonstrat
1001 804 1036 840 in
1049 804 1184 840 Litteris
1194 804 1234 839 ad

343 859 548 905 Episcopum
560 860 785 895 Bonifacium.

393 910 543 960 Qaestio
553 909 622 951 est,
648 921 690 943 an
702 909 737 941 in
749 908 808 941 ista
828 907 920 941 facili
937 906 1170 942 pestiferorum
1193 905 1234 940 ad

341 959 550 1004 Baptismutn
560 959 753 994 admistione
764 959 891 992 sanctus
900 956 1017 992 Petrus
1027 957 1210 1000 peccaverit
1223 957 1234 989 ?

339 1008 472 1043 Partem
482 1009 709 1043 affirmativam
729 1009 859 1043 fortiter
873 1008 987 1043 suadet
1013 1007 1175 1050 apparitio
1196 1017 1234 1040 ac

336 1059 522 1103 increpatio
533 1058 667 1104 Angeli.
702 1059 799 1095 Certe
812 1059 975 1095 innocens
997 1069 1067 1092 non
1090 1056 1234 1093 mereba-

336 1119 392 1144 tur
402 1109 533 1144 Divino
542 1108 889 1152 Miraeuloincrepari.
927 1108 1084 1142 Praeterea
1104 1108 1233 1141 sanstus

336 1158 546 1204 Epiphanius
557 1159 674 1194 diserte
682 1159 821 1193 affirmat
833 1160 981 1195 sanctum
988 1158 1124 1195 Petrum
1132 1158 1232 1191 etiam

335 1221 415 1255 erga
427 1210 552 1253 Lapsos
562 1209 657 1244 fuiffe
668 1209 927 1247 clementiorem.
964 1210 1042 1244 Hos
1053 1207 1095 1243 ab
1107 1208 1178 1252 ipso
1186 1206 1233 1241 ni—

335 1261 443 1296 mium
455 1260 596 1294 faciliter
609 1258 704 1295 fuifl‘e
714 1270 878 1304 reparatos
889 1284 900 1300 ,
928 1271 999 1294 non
1009 1258 1184 1295 dumtaxat
1196 1258 1230 1291 in

334 1309 560 1346 Christianam
574 1309 860 1348 Communionem
872 1335 883 1351 ,
910 1310 965 1347 sed
976 1309 1078 1345 etiam
1100 1309 1137 1342 in
1157 1308 1232 1343 Cle-

334 1361 470 1397 ricalem
482 1360 629 1405 gradum.
662 1361 757 1395 Hinc
778 1359 961 1404 proceffiffe
981 1359 1177 1404 quaestiones
1196 1359 1231 1393 &

334 1408 567 1445 schismaticas
588 1410 724 1445 tandem
746 1410 926 1445 discordias
953 1411 1040 1448 inter
1060 1410 1168 1453 ipsum
1193 1420 1231 1443 ac

334 1460 524 1496 Meletiurn.
547 1460 748 1503 Respondeo
760 1461 906 1494 sanetum
919 1458 1147 1503 Epiphaniam
1160 1459 1230 1493 istic

335 1510 446 1556 palam
458 1509 666 1544 hallucinari.
694 1510 772 1545 Fuit
793 1510 1056 1554 circumscriptus
1078 1510 1098 1543 a
1120 1510 1229 1544 nescio

334 1559 458 1606 quibus
479 1560 614 1604 Scriptis
624 1560 896 1594 Meletianorum.
922 1561 1003 1594 Hoc
1013 1561 1106 1604 supra
1116 1558 1162 1595 est
1175 1559 1230 1593 ab·

334 1608 426 1646 finde
447 1610 717 1646 demonstratum.
745 1610 789 1643 Et
811 1609 901 1655 quod
925 1611 955 1644 S.
970 1610 1088 1645 Petrus
1107 1609 1230 1652 Lapsos

335 1658 488 1695 Clericos
509 1660 546 1694 in
572 1660 711 1706 gradum
739 1672 809 1694 non
835 1660 1004 1694 admiserit
1027 1684 1039 1700 ,
1077 1660 1112 1693 δε
1138 1659 1228 1703 quod

335 1707 462 1755 Lapsos
481 1711 603 1745 Laicos
625 1711 822 1755 compulerit
845 1710 886 1745 ad
907 1709 1052 1747 debitam
1063 1709 1230 1744 Poeniten·

334 1759 418 1796 tiam
430 1785 441 1801 ,
468 1772 531 1796 nos
541 1761 610 1805 jam
618 1762 803 1796 docuerunt
813 1760 881 1803 ejus
891 1760 1076 1797 sanstiffimi
1096 1772 1134 1794 ac
1144 1759 1225 1803 opti·

334 1812 384 1846 mi
395 1812 561 1846 Canones.
589 1811 693 1846 Porro
711 1811 907 1855 quibusdam
918 1810 1106 1845 dicentibus
1118 1834 1129 1849 ,
1138 1816 1227 1851 prius

334 1862 507 1904 baptizetur
518 1886 528 1902 ‚
556 1863 667 1895 deinde
676 1865 814 1895 doceatur
825 1884 836 1900 ,
844 1862 923 1902 quid
929 1861 975 1892 ad
985 1858 1091 1892 bonam
1108 1865 1211 1892 vitam
1218 1883 1229 1899 ,

334 1910 485 1955 moresque
491 1917 646 1952 pertineat
657 1934 668 1951 ,
694 1909 867 1955 respondet
879 1911 914 1943 in
933 1909 1037 1943 Libro
1049 1909 1091 1943 de
1104 1908 1186 1942 Fide
1197 1908 1230 1942 &

335 1959 502 2006 Operibus
513 1961 640 1995 sanstus
655 1960 865 2006 Augustinus
875 1973 884 1993 .·
913 1963 969 1992 Fit
990 1959 1042 1995 hoc
1070 1959 1122 1992 ubi
1133 1970 1232 2001 quem-

337 2023 430 2056 quam
435 2011 521 2053 forte
532 2012 597 2044 dies
610 2021 695 2054 urget
705 2020 861 2044 extremus
873 2034 884 2049 ‚
909 2019 944 2042 ut
956 2010 1002 2042 ad
1011 2009 1110 2043 verba
1112 2006 1233 2050 paucis-

332 2062 410 2106 fima
421 2085 432 2101 ,
457 2061 565 2103 quibus
577 2071 679 2095 tamen
690 2067 787 2093 omnia
797 2066 984 2092 continentur
996 2082 1008 2098 ‚
1033 2060 1137 2092 credat
1148 2083 1158 2098 ‚
1179 2060 1230 2090 Sa-

339 2119 581 2153 eramentumque
598 2106 750 2152 percipiat
764 2135 773 2150 ,
801 2119 835 2142 ut
837 2108 868 2151 fi
876 2121 913 2142 ex
925 2108 980 2141 hac
991 2114 1061 2143 vita
1085 2113 1232 2151 migrave-

339 2171 386 2197 rit
399 2186 410 2202 ,
436 2161 581 2194 liberatus
598 2169 687 2194 exeat
703 2163 722 2192 a
744 2164 843 2194 Reatu
858 2165 1085 2201 praeteritorum
1104 2164 1233 2190 omnium

336 2220 539 2256 peccatorum.
564 2210 718 2245 Omnino
734 2210 882 2255 loquitur
903 2221 946 2243 ex
955 2218 1109 2252 perpetua
1121 2207 1233 2241 Eccle-

341 2263 460 2296 starum
493 2261 740 2296 consuetudine.
780 2261 834 2295 Ex
868 2259 984 2294 eadem
1019 2257 1232 2302 antiquissimi

341 2313 444 2347 etiam
457 2311 613 2347 Canones
625 2310 783 2345 mandant
795 2334 806 2351 ‚
832 2318 869 2345 ut
879 2309 1126 2353 qualiscumque
1139 2307 1234 2341 Cate-

343 2361 530 2398 chumenus
542 2387 553 2403 ,
578 2362 599 2395 fi
614 2361 722 2395 subito
731 2373 771 2395 ex
783 2359 899 2394 morbo
912 2358 1119 2395 obmutescat
1137 2382 1148 2397 ‚
1175 2358 1234 2391 sta-

344 2414 408 2446 tim
421 2412 610 2455 baptizetur.
625 2411 751 2446 Eadem
761 2423 803 2445 ex
816 2409 944 2455 Regula
957 2407 1045 2443 haud
1056 2408 1156 2445 dubie
1166 2408 1232 2452 egit

343 2464 473 2496 sanstus
484 2462 608 2496 Petrus.
643 2460 699 2495 An
713 2461 792 2504 quid
807 2459 944 2494 humani
957 2459 1126 2503 praecipitii
1137 2459 1235 2492 inter-

346 2510 491 2552 venerit,
510 2512 630 2551 nescio.
660 2512 734 2555 Ego
749 2523 818 2545 non
830 2510 958 2554 poffum
967 2518 1099 2544 tantum
1110 2509 1235 2543 Dono-

347 2573 416 2597 tem
426 2571 524 2606 atque
534 2561 735 2605 Episcopum
746 2560 900 2603 judicare.
924 2573 933 2583 ⁴=

408 2680 438 2721 S
426 2673 573 2739 ynodus
597 2679 628 2720 S
629 2671 730 2720 anili
754 2670 916 2724 Achilla>
940 2670 1176 2720 Patriarchae

654 2741 920 2794 Alexandrini.

452 2864 602 2900 Chillam
624 2865 687 2898 effe
713 2864 867 2898 Sannum
883 2863 1016 2898 testatur
1043 2864 1235 2898 Romanum

469 2914 753 2959 Martyrologium
780 2914 821 2948 ad
847 2914 1017 2957 septimam
1044 2913 1134 2947 diem
1168 2911 1248 2947 No-v

351 2965 512 2999 vembris:
532 2966 652 2999 Beatus
665 2963 815 2999 Achillas
827 2965 1008 3007 Episcopus
1019 2988 1029 3004 ,
1055 2964 1217 2998 eruditione
1227 2987 1236 3003 ,

360 3017 459 3055 Fide,
485 3013 704 3058 conversatione
715 3027 749 3048 ac
759 3015 888 3048 moribus
892 3014 961 3056 fuit
970 3012 1100 3058 infignis.
1134 3013 1237 3062 Qod

355 3066 461 3107 ipsum
473 3065 508 3098 in
531 3065 590 3098 suo
611 3065 858 3110 Martyrologio
878 3063 1025 3098 scribunt
1046 3063 1238 3098 venerabilis

356 3114 446 3147 Beda
464 3137 474 3153 ,
500 3114 625 3148 sanstus
648 3114 726 3149 Ado
746 3115 942 3150 Vienn‘ensis
963 3114 1145 3158 Episcopus
1163 3138 1174 3154 ‚
1200 3126 1237 3148 ac

358 3162 542 3197 Usuardus.
570 3164 723 3200 Eundem
736 3164 871 3200 laudant
893 3166 927 3198 in
947 3165 1166 3198 Ecclefiastica
1177 3165 1239 3196 Hi-

358 3212 457 3246 storia
480 3212 638 3246 Eusebius
661 3214 885 3256 Caesaraeenfis,
912 3212 1080 3254 Socrates,
1106 3227 1143 3248 ac
1154 3215 1238 3247 Her-

359 3263 443 3297 mias
463 3263 678 3296 Zozomenus.
719 3262 903 3298 Audiamus
934 3264 1135 3299 Eusebium:
1167 3266 1237 3307 ‚Quo

224 3315 291 3344 ΗΡ·
299 3308 343 3335 26.
360 3319 489 3352 tempore
501 3335 511 3350 ‚
538 3311 596 3344 sub
605 3312 801 3356 Episcopatu
812 3315 920 3348 Sansti
929 3313 1098 3355 Theonae‚
1109 3315 1237 3347 Alexan-

359 3364 436 3396 driae
450 3360 577 3394 Achillas
588 3364 648 3393 una
659 3374 723 3394 cum
741 3365 857 3404 Pierio,
885 3375 983 3407 quem
1005 3365 1039 3398 in
1062 3364 1235 3398 illustrium

360 3413 506 3446 virorum
528 3411 692 3455 Catalogo
705 3412 815 3445 laudat
834 3414 960 3448 sanstus
982 3415 1210 3458 Hieronymus
1223 3438 1233 3454 ,

362 3461 547 3500 Presbyterio
556 3462 682 3493 donatus
694 3485 705 3501 ,
729 3469 816 3502 coepit
837 3461 984 3496 hominum
999 3464 1092 3504 fama
1112 3465 1235 3498 celebra-

361 3518 398 3546 ri.
426 3513 490 3555 ,Qui
502 3510 609 3545 Scholae
615 3508 745 3554 sacratae
757 3510 868 3552 Christi
874 3512 947 3554 fidei
956 3512 1142 3553 instituenda
1156 3517 1235 3550 Pra-

809 117 1262 174 DrssERTA‘rm
1313 109 1729 178 Pkoaznmms.

1300 202 1400 245 fellus
1412 229 1423 245 ,
1449 211 1482 238 in
1486 206 1630 252 fingulari
1640 221 1676 242 ac
1688 211 1783 253 plane
1794 212 1931 252 rartffimo
1944 217 2076 254 pietatis
2086 227 2185 253 mune-

1305 265 1338 287 re
1346 257 1516 298 exequendo
1520 257 1588 300 fuit
1600 265 1714 293 nemini
1717 259 1867 303 secundus
1877 288 1888 303 ,
1914 264 1949 297 &⁹
1969 269 2046 297 vitae
2063 277 2098 298 ac
2107 266 2186 305 insti-

1304 310 1423 339 tutionis
1436 309 1466 338 E
1470 308 1631 351 vangelicae
1643 311 1761 344 modum
1780 322 1870 356 atque
1890 319 2036 347 rationem
2061 318 2187 359 ingenue

1303 356 1433 389 excoluit.
1468 355 1546 389 Post
1556 357 1708 399 'faustum
1726 361 1956 404 Clementem,
1983 365 2186 409 origenem,

1305 404 1465 449 Magnum
1477 406 1681 450 Dionyfium
1693 432 1704 448 ‚
1730 411 1877 456 aliosque
1886 415 2006 449 fimiles
2018 415 2186 450 Eruditio-

1306 454 1356 487 nis
1376 453 1566 492 Christianae
1584 458 1746 502 Gigantes
1764 462 1828 497 fuit
1849 465 1971 500 Restor
1987 466 2185 499 famofiffimi

1304 502 1519 540 Alexandrini
1537 508 1718 552 Gymnafii.
1762 511 1856 548 Hinc
1876 515 1996 550 merito
2020 516 2056 549 in
2078 516 2184 559 prima

1303 563 1416 588 contra
1429 554 1572 591 Arianos
1582 559 1744 593 Oratione
1753 562 1879 598 sanstus
1889 564 2088 600 Athanasius
2098 591 2109 606 ‚
2127 567 2185 610 qui

1302 605 1408 648 ipsum
1425 605 1551 642 &vidit
1570 609 1603 642 ὃς
1620 609 1714 644 novit
1736 634 1747 652 ,
1772 614 1904 654 appellat
1923 619 2068 659 Magnum
2089 615 2185 649 Achil-

1300 655 1370 687 lam.
1398 655 1584 692 Audiamus
1593 659 1626 692 &
1640 658 1734 693 verba
1746 660 2044 707 Gelafii‘Cyziceni

1302 767 1415 788 annum
1425 768 1516 789 unum
1527 771 1537 791 .-
1563 757 1725 802 Transac‘lo
1735 771 1836 796 autem
1856 775 1935 797 anno
1946 766 2102 799 ordinatur
2113 789 2124 806 ,
2149 772 2183 798 in

1298 807 1372 840 Sede
1377 804 1476 848 sanlli
1489 810 1631 849 Martyris
1655 812 1741 844 Petri
1764 812 1894 847 Achillas
1911 839 1922 855 ‚
1950 820 2001 848 vir
2012 821 2125 858 gravis
2149 817 2185 850 (θ’
2206 811 2209 814 ’

1299 862 1507 899 magnanimus
1519 882 1530 898 ‚
1557 860 1590 892 (st
1597 857 1704 903 sancqe
1709 864 1847 904 prudens
1860 889 1870 905 ,
1896 866 2090 909 religioneque
2096 871 2183 907 pari-

1300 915 1345 939 ter
1355 917 1390 939 ac
1396 905 1549 950 sapientia
1554 909 1689 951 plurima
1701 923 1823 947 ornatus
1834 939 1844 955 ,
1870 924 1905 947 ut
1925 915 2008 948 nobis
2019 916 2185 959 antiqui&

1298 961 1377 988 omni
1397 967 1532 991 carentes
1562 970 1659 993 errore
1689 966 1904 998 commentarii
1934 965 2080 1007 referunt.
2118 967 2186 1010 ,Qui

1297 1007 1487 1049 multaprias
1499 1007 1704 1046 exhortatione
1714 1012 1785 1056 usus
1796 1038 1808 1055 ‚
1825 1012 1954 1058 fiifiepit
1967 1019 2072 1048 Arium
2081 1021 2114 1048 in
2129 1020 2186 1048 Or-

1298 1056 1398 1089 dinem
1411 1060 1615 1091 Diaconorum.
1655 1064 1732 1096 Cum
1741 1073 1841 1100 autem
1851 1065 1898 1098 hic
1907 1065 2050 1108 mensibus
2064 1074 2187 1099 tantum

1299 1112 1429 1148 quinque
1441 1105 1654 1151 supervixiffet
1663 1113 1739 1150 ,ξπ
1767 1113 1816 1148 At
1827 1114 1907 1149 vero
1917 1117 2094 1159 antiquum
2106 1115 2188 1150 Ale-

1298 1156 1539 1193 xandrinorum
1559 1156 1821 1197 patriarcharum
1846 1162 2056 1201 Chronicum
2081 1166 2188 1208 ipsum

1297 1217 1395 1241 vocat
1417 1205 1620 1246 Archelaum
1644 1232 1655 1249 ‚
1693 1221 1791 1255 atque
1809 1211 1962 1259 adjungit
1983 1225 1992 1245 :
2029 1214 2190 1250 Archelaus

1293 1255 1438 1300 suffcllus
1450 1256 1489 1297 est
1501 1258 1550 1291 die
1559 1257 1729 1301 sabbathi,
1754 1263 1916 1306 Sedemque
1928 1269 2027 1300 tenuit
2040 1262 2098 1307 site
2107 1275 2187 1299 men·

1290 1306 1371 1349 fibus
1389 1315 1519 1344 tantum.
1546 1305 1649 1351 Causa
1671 1320 1772 1344 autem
1791 1314 1857 1353 ejus
1876 1319 1981 1347 mortis
1993 1313 2062 1355 fuit
2072 1337 2085 1355 ,
2108 1314 2191 1361 quod

1297 1361 1401 1391 Arium
1417 1355 1588 1401 susbeperat
1607 1361 1811 1402 imprudenter
1833 1388 1844 1404 ‚
1881 1364 2004 1410 ideoque
2033 1366 2140 1398 occidit
2151 1365 2187 1398 il·

1295 1409 1359 1441 lum
1381 1411 1484 1448 Deus,
1511 1411 1545 1443 (9'
1565 1407 1639 1441 obiit
1660 1411 1710 1444 die
1731 1413 1847 1445 decima
1868 1424 1967 1453 nona,
1992 1414 2042 1448 die
2063 1420 2183 1448 martis.

1296 1458 1383 1491 Eum
1396 1458 1522 1492 sanstus
1535 1456 1743 1503 Epiphanius
1759 1462 1898 1498 affirmat
1920 1463 2097 1499 succeffifl‘e
2115 1465 2185 1498 san·
2200 1461 2300 1492 Haeres.

1296 1510 1348 1542 sto
1359 1507 1553 1543 Alexandro
1563 1533 1575 1549 ‚
1603 1509 1636 1542 &
1657 1509 1760 1547 donat
1779 1512 1882 1547 tribus
1906 1513 2082 1548 dumtaxat
2093 1525 2184 1549 men·
2198 1505 2323 1541 ⁶9'⁰·¹¹·

1295 1558 1387 1592 fibus.
1417 1558 1462 1592 Et
1483 1557 1718 1596 Theodoretus
1739 1562 1852 1597 scribit
1873 1575 1880 1595 :
1908 1563 2041 1597 Achillas
2058 1565 2104 1597 ad
2120 1570 2185 1598 exi-

1290 1620 1383 1652 guum
1397 1616 1514 1653 tempus
1520 1608 1659 1650 praefuit.
1686 1612 1735 1646 At
1748 1624 1824 1648 vero
1835 1613 1937 1658 longe
1947 1613 2043 1652 aliter
2061 1614 2099 1650 in
2121 1616 2181 1651 suo

1296 1657 1469 1692 Chronico
1480 1658 1593 1694 scribit
1616 1660 1804 1705 Eutychius
1826 1663 2015 1701 Patriarcha
2038 1663 2184 1699 Alex‘an-
2199 1660 2287 1688 Tom.
2314 1668 2338 1687 ι.

1295 1708 1417 1744 dsinus·
1439 1709 1626 1754 Quint⁰p0st
1637 1713 1761 1748 Petrum
1772 1712 1983 1749 Patriarcham
1992 1714 2184 1756 imersefflum
2203 1697 2258 1728 ω·
2270 1708 2338 1732 ⁴⁰7·

1295 1770 1372 1791 anno
1383 1759 1554 1799 constitutus
1566 1759 1603 1802 est
1627 1760 1756 1798 Achillas
1768 1788 1778 1803 ,
1804 1761 1968 1805 dffcipulus
1987 1762 2075 1805 ipfius
2087 1786 2099 1804 ,
2126 1765 2187 1797 Pa-

1294 1807 1429 1840 triarcha
1450 1810 1683 1842 Alexandrinus.
1723 1812 1779 1844 Ubi
1791 1810 1848 1855 sex
1869 1824 1965 1846 annos
1980 1811 2085 1856 sedit,
2111 1815 2183 1848 dein

1297 1867 1430 1890 mortuus
1442 1857 1490 1897 est.
1517 1862 1607 1892 Arius
1631 1870 1732 1894 autem
1754 1869 1912 1896 amicorum
1929 1861 2050 1906 suorum
2061 1872 2114 1906 ope
2122 1874 2187 1897 con-

1296 1918 1346 1941 tra
1365 1906 1511 1940 Achillam
1527 1910 1686 1950 implorata
1707 1911 1764 1954 ipsi
1778 1911 1933 1953 fimulavit
1959 1913 2070 1956 rediiffe
2087 1911 2123 1956 se
2146 1914 2186 1951 ab

1295 1957 1349 1998 ista
1365 1956 1518 2000 sententia
1529 1964 1624 2000 impia
1633 1960 1744 2002 istaque
1754 1963 1931 2004 infidelitate
1943 1987 1954 2003 ,
1978 1974 2072 2006 quare
2085 1961 2184 2007 ipsum

1297 2009 1332 2041 (θ’
1348 2013 1380 2039 in
1401 2007 1561 2049 Ecclesiam
1582 2010 1699 2052 admisit
1723 2011 1853 2046 Achillas
1873 2037 1883 2052 ,
1920 2014 1957 2048 (¹5-
1977 2013 2186 2052 Presbyterum

1294 2056 1448 2096 constituit.
1490 2058 1660 2094 Peristam
1674 2061 1811 2105 impiam
1834 2062 2041 2100 Sententiam
2062 2075 2100 2100 ac
2110 2064 2188 2098 Infi-

1297 2107 1466 2142 delitatem
1496 2108 1653 2154 intelligit
1684 2111 1755 2154 ejus,
1786 2111 2006 2155 blasphemias
2035 2112 2187 2149 adversus

1298 2159 1409 2192 Deum
1434 2157 1584 2194 Verbum
1598 2183 1609 2199 ‚
1636 2170 1735 2204 atque
1756 2162 1801 2196 ita
1823 2163 1960 2197 affirmat
1983 2162 2104 2199 Arium
2124 2162 2187 2198 sub

1298 2208 1395 2241 sanc'ti
1408 2207 1496 2241 Petri
1509 2209 1708 2254 Episcopatu
1720 2211 1814 2247 fuisse
1824 2211 1858 2245 in
1868 2223 1921 2246 eas
1935 2213 2060 2255 lapsum
2070 2237 2080 2253 ,
2092 2225 2130 2248 ac
2140 2212 2187 2248 ob

1295 2258 1377 2301 ipsas
1396 2257 1598 2293 damnatum.
1626 2260 1706 2304 Ejus
1727 2271 1839 2296 tamen
1862 2261 1904 2297 de
1929 2262 2069 2298 Achillae
2089 2264 2186 2299 annis

1296 2308 1490 2342 sententiam
1503 2309 1612 2346 firmat
1622 2335 1633 2351 ‚
1652 2311 1723 2344 imo
1733 2312 1767 2347 ὃς
1778 2322 1877 2356 auget
1887 2312 1922 2345 in
1936 2311 2109 2349 Chronico
2122 2314 2187 2348 Eu-

1296 2357 1409 2392 sebius.
1449 2351 1569 2393 Scribit
1580 2358 1620 2393 ad
1633 2363 1742 2404 quarti
1755 2361 1935 2396 Christiani
1949 2363 2046 2404 seculi
2057 2375 2184 2399 annum

1296 2407 1550 2444 duodecimum:
1581 2412 1796 2446 Alexandrina·
1808 2411 1941 2454 Ecclesiae
1953 2414 2083 2448 decimus
2092 2411 2188 2455 septi-

1296 2470 1361 2491 mus
1371 2459 1528 2492 ordinatur
1549 2459 1715 2504 Episcopus
1726 2461 1868 2496 Achillas.
1909 2462 1953 2496 Et
1975 2462 2017 2497 ad
2039 2461 2184 2506 ejusdem

1297 2508 1401 2542 saeculi
1413 2520 1539 2545 annum
1551 2510 1742 2555 vigesimum
1752 2511 1932 2547 secundum
1952 2525 1961 2548 ·.,
1987 2513 2184 2551 Alexandriae

1296 2560 1426 2592 decimus
1455 2560 1578 2601 oc‘lavus
1609 2561 1776 2604 Episcopus
1807 2563 1968 2596 ordinatur
1998 2564 2179 2599 Alexander.

1297 2609 1430 2643 Sanctus
1441 2609 1651 2654 Nicephorus
1672 2611 1860 2647 patriarcha
1878 2612 2189 2657 Constantinopoli·

1297 2668 1392 2692 tanus
1415 2659 1451 2692 in
1473 2659 1644 2695 Chronico
1657 2686 1668 2702 ,
1693 2661 1783 2706 quod
1798 2662 1985 2698 Anastafius
2006 2662 2188 2699 Bibliothe-

1297 2711 1401 2742 carius
1412 2710 1571 2744 Latinum
1593 2711 1672 2745 fecit
1695 2735 1706 2752 ,
1733 2709 1876 2747 Achillae
1895 2724 1965 2751 non
1983 2712 2101 2748 tribuit
2120 2712 2181 2747 nisi

1297 2770 1402 2792 unum
1413 2760 1627 2804 Episcopatus
1640 2772 1774 2795 annum.
1811 2762 1856 2797 Et
1879 2762 1919 2796 de
1931 2762 2066 2798 Eusebii
2077 2761 2182 2799 Chro-

1299 2810 1374 2843 nico
1385 2810 1496 2845 scribit
1506 2821 1547 2844 ex
1559 2811 1713 2846 Domino
1724 2810 1894 2848 cardinali
1909 2812 2187 2848 CaesareBaronio

1299 2861 1462 2895 Henricus
1474 2860 1669 2904 Spondanus
1683 2873 1690 2893 :
1710 2862 1795 2906 ‚Quot
1804 2869 1896 2895 annis
1907 2859 2159 2906 Achillasftderit
2169 2886 2182 2903 ‚

1298 2923 1354 2943 non
1369 2911 1407 2950 est
1416 2913 1494 2945 levis
1504 2910 1705 2953 controverfia.
1731 2910 1881 2955 Euftbius
1897 2911 1957 2957 fica
1977 2910 2183 2957 Historiapro-

1296 2960 1412 3003 s‘ecutus
1427 2959 1538 3004 seriem
1557 2959 1770 3004 Episcoperum
1790 2964 2058 2999 Alexandrinorum
2070 2984 2082 3001 ‚
2108 2973 2179 2995 eam

1298 3010 1389 3054 usque
1400 3012 1446 3044 ad
1453 3015 1632 3050 Martyrium
1642 3012 1728 3045 Petri
1732 3014 1886 3054 produxit.
1909 3011 2071 3045 chronicon
2079 3022 2181 3045 autem

1302 3064 1367 3102 ejus
1377 3068 1410 3095 in
1420 3061 1470 3094 his
1478 3062 1592 3095 ultimis
1605 3062 1785 3104 temporibus
1795 3062 1902 3104 constat
1910 3068 1944 3094 in
1953 3062 2056 3095 multis
2069 3061 2121 3104 effi,⁹
2132 3063 2184 3095 de-

1297 3120 1465 3153 pravatum
1477 3137 1484 3144 .
1512 3115 1558 3145 Et
1568 3113 1648 3155 quod
1654 3112 1743 3146 babet
1753 3113 1790 3145 de
1799 3115 1820 3146 5
1820 3113 1872 3146 ede
1882 3110 2018 3151 Achillae‚
2026 3111 2184 3152 monstruo-

1295 3161 1349 3204 sas
1356 3168 1445 3204 parit
1454 3160 1672 3204 absurditates,
1686 3163 1758 3196 dum
1763 3168 1885 3205 ponitur
1890 3159 1993 3204 sediffi’
2004 3173 2082 3194 anno
2094 3161 2183 3195 Chri—

1293 3211 1333 3251 sti
1344 3211 1537 3254 trecentefimo
1549 3214 1661 3246 decimo
1671 3212 1773 3246 octavo
1781 3210 1871 3255 usque
1890 3212 1935 3243 ad
1953 3209 2182 3252 trecentesimum

1300 3269 1430 3296 tertium.
1467 3262 1517 3296 Ita
1539 3261 1639 3296 habet
1658 3263 1793 3307 antiqua
1821 3261 1997 3295 Eusebiani
2019 3260 2182 3296 Chronici

1299 3312 1413 3348 editio.
1440 3311 1488 3346 At
1501 3324 1576 3347 vero
1587 3311 1763 3352 hodierna,
1791 3322 1845 3355 per
1857 3310 2032 3354 Josephum
2046 3312 2185 3356 Scalige-

1300 3374 1372 3397 rum
1397 3373 1530 3403 curata,
1556 3362 1790 3406 Episcopatum
1813 3360 1903 3395 illius
1925 3363 2021 3405 ponit
2030 3361 2072 3396 ab
2093 3373 2184 3396 anno

1301 3413 1502 3448 duodecimo
1514 3414 1613 3456 usque
1631 3411 1673 3445 ad
1691 3411 1879 3455 vigesimum
1898 3412 2088 3446 secundum.
2115 3413 2187 3446 Do-

1303 3464 1411 3497 minus
1422 3462 1608 3498 cardinalis
1616 3461 1889 3504 Baroniusipsum
1900 3463 1995 3504 ponit
2008 3462 2049 3496 ad
2061 3472 2186 3496 annum

1300 3511 1681 3549 undecimum.Eruditus
1688 3510 1883 3556 Onuphtius
1892 3511 2074 3548 Panvim'us
2081 3512 2187 3556 ipsum

2095 3571 2190 3605 ponit

1301 708 1411 740 Divini
1424 709 1510 741 Petri
1520 711 1696 748 Martyrium
1707 713 1805 745 vidua
1821 713 1960 754 remansit
1981 692 2108 757 Ecclesia
2117 665 2183 750 llllsclz
2202 672 2262 761 i‘ig.
2277 686 2315 744 ιῗ.
