2346 3776
601 104 908 160 Senotns,
946 118 1008 147 ετ
1043 117 1217 148 Nous
1253 110 1634 151 Itiusrnarn
1852 124 1955 173 297

259 190 428 240 roirea
440 187 507 223 haec
520 186 671 222 Canouis
682 186 798 221 verba:
826 189 886 220 Per
902 194 1085 230 propinquos
1099 192 1104 229 l
1146 187 1199 230 fiae
1206 186 1271 231 suae
1285 190 1454 232 Privilegia
1464 212 1476 230 ,
1500 188 1617 233 utique
1625 188 1849 231 austoritatem
1858 198 2019 235 evocmdi

211 245 383 276 Provinciae
396 237 556 282 Bpifiopo:
572 237 722 278 judicium
742 246 923 277 renovetur,
948 242 1084 281 Cognito·
1153 239 1368 281 etiamipsos,
1393 238 1563 282 aquorum
1576 240 1746 276 sententiis
1767 250 2021 286 provocarjcon.

209 304 259 326 res
271 291 333 336 ipse
337 290 497 333 praebeat,
522 292 548 321 A
568 288 662 321 latere
680 285 734 330 su·
747 286 936 326 Presbyter-os
959 294 1084 329 mittat,
1152 286 1285 332 tigerit,
1312 287 1518 323 Patriarchas
1534 313 1545 330 ,
1571 289 1607 324 ἀ
1625 291 1754 334 quasvis
1774 297 1922 335 personas
1942 298 2023 332 alias

209 342 359 377 Romani
377 338 535 382 Episcopi
559 338 752 381 potestatem
771 348 977 381 nequaquam
999 350 1088 373 coar·
1154 338 1341 372 necessarias
1352 339 1454 373 causae
1474 341 1680 375 retractandae
1699 365 1707 372 .
1734 341 1899 391 roirca
1909 345 1996 380 aliud
2008 371 2021 387 ‚

211 395 320 432 etant,
346 390 399 424 sed
410 389 593 433 ampliant,
618 387 763 429 dantque
784 388 836 425 illi
845 386 1087 431 plenitudinem
1153 387 1229 422 licet
1250 387 1292 421 de
1310 388 1412 424 caufis
1433 389 1609 428 levioribus
1629 415 1640 431 ‚
1666 390 1810 427 statuens
1836 392 2022 431 Bafileenfis

210 440 411 476 auctoritatis
432 464 443 479 ‚
480 447 518 473 ut
540 450 611 475 non
631 438 763 472 tantum
786 448 842 481 per
861 436 1087 481 semetipsum,
1153 436 1306 480 synodus
1314 439 1603 485 graviterimpegit
1618 441 1652 474 in
1665 442 1818 477 Sanstum
1828 441 1973 478 Petrum.

211 491 265 528 sed
286 491 321 525 ὃς
338 501 393 533 per
414 490 530 524 vicinae
541 488 726 524 Provinciae
737 486 911 530 Synodum
923 512 934 531 2
960 499 1015 531 per
1034 488 1088 522 da·
1203 486 1332 521 Aurelii
1351 487 1615 534 Carthaginenfis
1640 491 1794 536 Episcopi
1828 493 2026 529 fundamen·

211 552 264 576 tos
286 541 322 574 in
346 540 492 584 partibus
503 539 726 584 Cognitores,
752 547 808 572 aut
830 538 969 579 miffosa
989 538 1087 572 latere
1154 546 1225 571 tum
1235 539 1310 571 sunt
1333 539 1468 580 antiqua
1487 551 1689 584 nugamenta
1709 542 1862 577 fastionis
1873 542 2025 578 Eusebia·

210 593 270 626 suo
283 589 493 633 presbyteros
506 590 601 633 poffit
621 587 819 637 appellatam
841 589 969 623 causam
993 598 1088 622 retra·
1155 599 1224 628 nae,
1250 586 1439 623 damnantis
1452 588 1802 633 Juliumpontificem,
1829 592 1920 636 quod
1931 592 2026 627 Atha·

212 643 313 675 (iare.
342 636 422 676 Hoc
444 640 603 675 evincunt
625 637 692 674 hnc
713 637 810 672 verba
831 650 838 670 z
865 642 940 671 Erit
960 644 994 671 in
1006 647 1090 680 pote·
1156 636 1266 679 rmfium
1287 636 1507 681 praeficmenter
1533 647 1624 682 atque
1649 643 1804 675 audaciter
1829 643 2028 684 deftnderet,

209 691 289 732 flate
301 690 388 733 ipfius
401 716 412 732 ‚
438 689 638 733 quodcumque
657 687 735 730 rcc‘le*
762 687 872 726 hahere
887 688 1066 730 probaverit
1076 701 1089 730 ‚·
1156 687 1301 724 bominem
1321 713 1332 728 ,
1358 690 1443 730 cujus
1463 700 1516 722 nec
1534 690 1617 729 testes
1637 700 1786 731 noverat,
1813 687 1865 726 hec
1883 691 2029 736 accusato-

208 740 306 784 faciet
329 743 411 784 quod
426 741 649 784 prudentffvno
663 740 731 781 eJus
755 736 864 779 consilio
885 738 963 779 rede
982 738 1091 773 haltere
1156 749 1219 771 res.
1249 737 1368 772 Eidem
1388 749 1444 781 per
1455 739 1644 779 Maximum
1664 739 1811 775 Ecclefiae
1831 742 2030 779 Salonitanae

215 791 370 824 videbitur
382 816 389 823 .
418 791 520 834 Supra
533 790 724 824 Romanam
738 787 915 822 Ecclesiam
929 786 1018 821 nihil
1037 799 1092 822 au·
1158 788 1432 831 praevaricatorem
1444 788 1645 833 Episcopum
1669 791 1834 834 resumpto
1853 792 2029 835 respondet
2049 802 2107 836 ις,
2119 799 2205 838 Epist.

215 842 272 876 det
281 836 482 876 constituere
491 838 646 883 Synodus
659 863 670 880 ,
695 836 799 872 sciens
821 837 871 871 illi
892 838 1006 872 omnia
1016 849 1093 872 con·
1158 838 1324 882 eleganter
1345 837 1526 882 Gregorius
1545 850 1708 884 magnus:
1734 844 1824 874 Nam
1843 843 1924 883 quod
1936 841 2032 883 βρίθω-
2053 847 2100 876 25.

216 892 299 927 cessa
323 886 508 927 &Domino
537 914 545 921 .
572 886 674 928 Reae
694 889 829 924 Sanctus
847 887 1031 922 Bernardus
1052 887 1093 924 ad
1159 888 1206 920 las
1229 911 1241 927 ,
1277 896 1310 920 ut
1330 889 1398 921 illuc
1414 887 1573 931 personam
1595 891 1723 934 dirigere
1742 890 1904 930 debeamus
1925 915 1937 932 ‚
1972 901 2036 933 qun

41 951 201 992 Ep1st‚,3„
215 939 507 976 Mediolanenses:
534 942 673 972 Romana
693 937 822 984 Ecclesia
836 937 930 980 potest
952 940 972 970 ἃ
980 937 1092 979 finibus
1155 935 1305 980 praeftnte
1325 938 1363 971 de
1381 937 1430 970 bis
1442 962 1453 978 ,
1479 950 1547 983 quae
1568 941 1709 974 dicuntur
1723 965 1733 981 ,
1755 942 1838 983 poffit
1857 941 1909 984 effe
1923 940 2036 982 proba-

215 1000 307 1024 mrae
324 989 468 1033 sublimes
498 985 694 1031 quascumque
715 986 859 1031 personas
883 984 1094 1029 E'cclefiasticas
1159 984 1220 1027 210,
1246 987 1310 1029 effet
1321 995 1475 1031 utcumque
1496 987 1681 1031 excufitbile,
1700 990 1730 1031 fi
1735 1002 1869 1033 unquam
1894 996 2035 1032 ratioet,

217 1052 360 1081 evocare,
388 1037 570 1082 &adsuam
579 1038 775 1082 praesentiam
785 1049 882 1082 cogere
893 1063 904 1079 ,
930 1049 987 1071 non
1003 1036 1098 1080 semel
1161 1042 1212 1078 qui
1231 1035 1382 1079 accusatur
1403 1061 1414 1077 ,
1441 1039 1631 1078 neceffitatem
1647 1040 1833 1082 probationis
1855 1047 2038 1083 imponeret.

216 1099 271 1125 aut
282 1090 350 1130 bis,
370 1088 551 1133 sedquoties
566 1090 708 1131 expedire
723 1089 858 1122 videbit.
1163 1091 1203 1118 At
1216 1086 1373 1128 postquam
1395 1098 1454 1122 nan
1472 1088 1530 1125 tibi·
1550 1112 1561 1128 ,
1582 1088 1641 1132 sed
1660 1088 1867 1133 aceufiznubus
1890 1090 1941 1123 hoc
1960 1102 2037 1123 onus

41 1141 159 1192 seff325.
266 1141 312 1175 Et
327 1139 407 1175 hinc
427 1140 461 1173 in
475 1139 668 1174 Florentina
691 1137 830 1181 synodo
847 1137 969 1172 Graecis
992 1137 1098 1181 postu·
1163 1136 1326 1177 incumbit,
1352 1138 1398 1169 ad
1408 1148 1459 1169 nos
1474 1138 1619 1171 dilatione
1630 1140 1752 1183 ceffante
1762 1147 1867 1174 venire
1886 1151 1945 1173 non
1969 1139 2042 1181 defi-

217 1189 364 1226 lantibus
389 1202 398 1222 ς
434 1192 467 1223 51·
483 1193 553 1234 quis
568 1197 659 1232 putet
672 1186 707 1231 se
725 1188 765 1222 ab
782 1189 880 1231 aliquo
903 1185 1095 1222 Patriarcha-
1165 1197 1242 1219 nas.
1270 1185 1384 1220 Potest
1398 1196 1508 1222 tamen
1519 1186 1678 1223 Pontifex
1690 1214 1701 1230 ‚
1727 1190 1778 1224 uri
1794 1189 1904 1224 subdit
1915 1188 2043 1234 Grego-

215 1245 366 1283 rumpat}
383 1241 531 1282 injuriam
545 1262 556 1279 ,
582 1240 617 1275 ts·
638 1244 746 1272 veniat
784 1244 836 1280 qui
857 1244 1029 1279 interponat
1046 1245 1099 1279 ap·
1166 1236 1232 1270 rius
1243 1259 1255 1276 ,
1279 1246 1415 1271 evocare
1434 1237 1469 1276 ὅ(
1490 1239 1708 1273 accusatorem
1731 1265 1738 1273 .
1765 1239 1896 1275 Aurelii
1915 1239 2043 1283 cogita-

213 1292 406 1334 pellatianem
417 1314 428 1330 ‚
455 1301 492 1323 ne
516 1287 706 1323 Patrimhae
723 1286 779 1330 ips?
791 1285 826 1330 se
840 1287 945 1329 sistant
958 1288 1100 1328 judican-
1167 1285 1415 1321 tionestandem
1426 1287 1460 1320 in
1471 1287 1623 1323 manibus
1634 1289 1800 1324 Bonifacii
1812 1288 2043 1324 secundiPon-

216 1343 272 1375 dos
290 1364 301 1380 ‚
319 1337 377 1383 sed
396 1341 487 1381 Papa
510 1345 618 1371 mittat
637 1343 671 1371 in
681 1340 877 1371 Provinciam
887 1347 1033 1380 quamque
1055 1342 1101 1369 in·
1122 1350 1124 1353 ¹
1169 1335 1266 1371 tificis
1283 1336 1415 1379 ejeravit
1434 1337 1617 1381 Reparatus
1636 1339 1669 1373 in
1688 1337 1854 1374 Cathedra
1869 1338 2045 1384 Carthagi-

218 1388 368 1433 qus‘fitores
392 1413 405 1430 ,
441 1390 477 1423 δ’
501 1389 544 1422 ibt·
557 1396 614 1430 per
636 1399 683 1421 eos
699 1386 902 1431 praesentibus
923 1392 1047 1430 negotiis
1068 1391 1101 1419 in
1165 1386 1253 1420 nenfi
1279 1387 1459 1421 successor:
1485 1387 1662 1423 Hincmari
1681 1400 1791 1423 autem
1802 1388 1940 1424 technas
1953 1390 2046 1424 dam-

214 1440 360 1485 partibus
380 1439 528 1480 injuriam
542 1439 616 1481 paffi
628 1439 686 1478 jus
702 1435 793 1481 suum
812 1438 966 1470 obtineant
984 1460 995 1475 ,
1021 1434 1103 1470 reste
1166 1436 1256 1473 navit
1265 1436 1378 1475 octava
1389 1436 1565 1480 synodus,
1592 1437 1633 1473 de
1643 1431 1765 1481 q'uibus
1777 1440 1836 1474 suo
1848 1439 1943 1473 loco.

221 1489 392 1534 respondit
404 1489 577 1534 Eugenius
587 1496 720 1534 quartus
731 1485 783 1539 ‚se
805 1487 883 1521 velle
893 1491 993 1525 omnia
1009 1486 1106 1527 Eccle-
1415 1486 1418 1489 “
1560 1485 1562 1487 ’

733 1839 1288 1900 CANON
1395 1839 1540 1901 VI...

478 2055 605 2107 Ofius
639 2054 878 2126 Episcopus
912 2056 1024 2108 dixit
1061 2076 1073 2105 ε
1111 2058 1155 2106 Si
1190 2057 1423 2120 contigerit
1459 2057 1506 2104 in
1540 2071 1625 2107 una
1660 2058 1892 2107 Provincia
1923 2062 1937 2116 '‚
1973 2057 2059 2108 in...

515 2144 606 2194 qua
639 2126 745 2192 sunt*¹
769 2128 947 2197 plurimi
972 2125 1177 2195 Episcopi
1202 2164 1215 2187 ,
1251 2144 1384 2175 unum
1407 2124 1670 2195 Episcopum
1704 2128 1943 2178 conventui
1968 2145 2060 2178 non

515 2195 710 2248 interesse
732 2233 746 2258 ,
791 2200 835 2248 δε
870 2198 944 2247 ille
989 2214 1066 2264 per
1102 2195 1323 2263 quandam
1358 2198 1668 2260 negligentiam
1704 2198 1817 2246 nolit
1853 2200 2062 2248 conveni-

514 2285 561 2316 re
582 2304 597 2328 ,
631 2270 674 2317 &
709 2265 1024 2335 Episcoporum
1059 2267 1346 2328 institutioni,
1379 2271 1424 2316 &
1459 2268 1658 2315 electioni
1695 2266 1918 2329 assentiri,
1954 2273 2064 2317 con-‘

225 2350 404 2400 gregata
448 2350 595 2387 autem
630 2338 784 2406 populi
818 2334 1058 2387 multitudo
1092 2336 1265 2386 suadeat
1289 2374 1301 2397 ‚
1336 2341 1380 2386 &
1414 2336 1543 2385 instet
1576 2374 1590 2397 ‚
1637 2352 1686 2386 ut
1730 2337 1807 2387 fiat
1841 2338 2062 2389 institutio

225 2404 432 2474 Episcopi
457 2441 472 2465 ‚
506 2409 585 2474 qui
620 2407 678 2456 ab
711 2409 774 2456 eis
807 2408 1045 2475 postulatur
1068 2422 1084 2466 3¹
1117 2422 1293 2474 oportet
1328 2407 1451 2457 illum
1488 2406 1609 2473 prius
1631 2443 1648 2468 ,
1682 2410 1762 2475 qui
1798 2426 1887 2458 non
1910 2406 2061 2457 adfue-

226 2478 287 2524 rit
308 2512 323 2534 ‚
358 2473 621 2543 Episcopum
656 2474 879 2527 admoneri
915 2495 994 2545 per
1027 2477 1194 2526 litteras
1217 2478 1422 2525 Primatis
1450 2478 1690 2526 Provinciae
1712 2514 1726 2538 ,
1762 2478 1918 2546 nempe
1955 2481 2062 2546 Epi-

226 2544 346 2612 scopi
383 2548 530 2594 Metro
561 2546 716 2595 olitani
740 2583 753 2607 ‚
799 2546 923 2614 quod
956 2562 1082 2610 rogat
1116 2547 1302 2615 populus
1336 2546 1414 2595 fibi
1449 2546 1667 2599 Pastorem
1701 2545 1795 2597 dari
1832 2569 1845 2607 3
1894 2552 1938 2597 &
1972 2550 2062 2596 exi-

228 2614 358 2663 stimo
392 2614 502 2664 reste
530 2564 695 2665 {tabere
731 2617 844 2666 hunc
879 2634 1056 2684 quoque
1091 2615 1321 2684 exspetfitari
1345 2652 1359 2676 ,
1393 2631 1443 2665 ut
1478 2614 1587 2666 adlit
1621 2653 1636 2667 .
1683 2621 1725 2666 Si
1762 2633 1906 2666 autem
1942 2618 2062 2666 litte.

230 2685 289 2733 ris
325 2700 499 2746 rogatus
535 2701 625 2734 non
659 2685 847 2736 adfuerit
868 2724 882 2749 ,
919 2704 970 2736 ac
1005 2703 1060 2736 ne
1095 2685 1352 2754 rescripserit
1387 2685 1604 2753 quidcm;
1651 2689 1805 2754 populi
1841 2688 2062 2737 voluntati

230 2752 409 2802 satisfiat
432 2791 443 2801 .
477 2760 669 2822 Oportet
705 2758 859 2806 autem
885 2775 938 2806 ex
972 2758 1120 2807 vicina
1154 2774 1333 2824 quoque
1367 2758 1597 2807 Provincia
1631 2757 1786 2806 accersi
1822 2754 2063 2824 Episcopos

232 2823 288 2872 ad
324 2826 656 2891 Metropolitani
691 2826 896 2894 Episcopi
932 2827 1250 2877 institutionem
1273 2863 1286 2875 .
1322 2829 1431 2875 Non
1464 2827 1594 2875 licere
1628 2842 1773 2875 autem
1809 2827 2062 2897 simpliciter

232 2892 495 2961 Episcopum
530 2895 787 2947 constituere
821 2900 867 2945 in
903 2898 1055 2964 aliquo
1087 2914 1203 2966 pago
1250 2897 1319 2946 vel
1355 2912 1489 2963 parva
1524 2895 1629 2946 urbe
1667 2932 1682 2957 ,
1727 2897 1797 2947 cui
1846 2897 1916 2947 vel
1953 2913 2064 2946 unus

233 2962 467 3029 Presbyter
500 2962 658 3014 sufficit
677 3001 691 3014 .
728 2969 838 3015 Non
872 2964 1033 3017 necesse
1068 2967 1129 3016 est
1163 2969 1279 3016 enim
1314 2966 1405 3015 illic
1441 2964 1702 3034 Episcopum
1737 2966 1971 3027 constitui,
2007 2983 2062 3016 ne

232 3032 438 3101 Episcopi
474 3047 632 3083 nomen
666 3039 709 3084 δε
743 3039 972 3086 auctoritas
1007 3035 1300 3105 vilipendatur
1335 3072 1348 3083 .
1397 3035 1478 3084 Sed
1520 3038 1758 3086 Provinciae
1805 3039 1823 3097 (
1857 3053 1906 3085 ut
1940 3036 2063 3104 prius

232 3101 322 3153 dixi
357 3110 374 3165 )
409 3102 612 3172 Episcopi
646 3103 809 3155 debent
843 3109 890 3156 in
925 3109 978 3155 iis
1014 3107 1189 3156 urbibus
1224 3104 1459 3173 Episcopos
1495 3105 1753 3158 constituere
1777 3142 1790 3166 ‚
1826 3106 1901 3156 ubi
1925 3109 2061 3158 etiam

233 3174 351 3239 prius
386 3172 589 3242 Episcopi
625 3173 796 3224 fixerunt
831 3212 845 3225 .
893 3180 936 3225 Si
972 3190 1117 3226 antem
1152 3178 1396 3225 inveniatur
1431 3175 1531 3224 urbs
1567 3176 1715 3242 aliqua
1750 3192 1841 3224 tam
1876 3178 2062 3244 populo-

235 3240 280 3290 sa
313 3278 326 3302 ,
372 3258 421 3292 ut
457 3243 547 3311 ipsa
582 3242 847 3313 Episcopatu
881 3245 1013 3309 digna
1045 3245 1260 3313 judicetur
1282 3283 1296 3307 ,
1343 3247 1533 3315 accipiat
1569 3282 1582 3295 .
1631 3252 1704 3298 An
1739 3247 1824 3298 hoc
1858 3248 2062 3299 omnibus

237 3312 381 3379 placet
404 3310 426 3362 ?
458 3312 787 3384 Responderunt
822 3333 971 3367 omnes
994 3353 1008 3377 ,
1043 3319 1191 3367 Placet
1214 3353 1227 3366 .

333 3533 475 3567 eanones
488 3539 664 3572 concsard.
678 3522 782 3573 TdmL
1518 3534 1550 3573 P
1573 3546 1595 3582 p
1895 3533 2010 3570 ALIA
