2346 3776
606 94 1048 154 Dlssna‘rAT'm
1096 94 1517 149 PaouMmms.

1085 194 1089 201 ·
1112 180 1201 214 nibus
1220 177 1286 224 suis
1300 173 1596 221 Justificati,quibus
1612 172 1741 219 fenim
1751 173 1994 221 'amna-rmum·

170 186 305 230 quillitas
326 187 435 220 aderat
446 207 457 224 ,
471 191 549 226 *quae
561 180 681 222 diffi’rre
690 178 746 213 diu
754 182 963 225 plangentium
988 185 1049 215 La-

170 236 305 276 chrymas
316 261 327 277 ,
351 238 385 270 (9*
391 230 625 278 subveniresero
636 230 828 266 morientibus
840 254 850 270 ‚
876 236 909 266 in
926 231 1050 273 infirmt-

169 297 236 321 tate
249 294 413 331 pateretur.
440 286 481 315 At
490 284 562 315 vera
574 292 651 315 nunc
665 281 863 324 noninfirmis
875 304 886 322 ,
906 279 967 324 sed
981 281 1050 323 for-

168 338 251 371 tibus
273 341 342 371 Pax
351 333 506 376 neceffaria
516 331 555 371 est
576 356 588 373 ,
613 342 665 365 nec
675 331 867 367 morientibus
891 354 903 371 ,
923 329 983 374 fed
1006 338 1051 367 vi-

169 387 310 424 ventibus
322 388 554 418 Communicatio
576 384 597 417 ἃ
609 382 692 415 nobis
705 383 811 415 danda
832 380 892 421 est,
917 390 952 417 ut
978 394 1050 425 quos

168 432 536 472 warmuse-hortamur
546 433 591 465 ad
594 433 734 474 praelium
743 456 755 472 ,
780 442 838 464 non
861 436 989 466 inermes
1017 434 1051 467 &

166 487 262 522 nudos
271 486 475 527 relinquamus
489 507 500 523 ‚
521 481 763 526 sedprotec‘lione
779 484 919 522 Corporis
931 484 966 516 (ν
977 484 1053 518 san-

163 542 266 582 guinis
278 533 387 578 Chrtsti
397 538 574 570 muniamus.
596 533 708 578 Hujus
718 531 800 567 novi
811 531 944 569 Decreti
957 533 1053 577 aequi-

167 596 268 621 tatem
279 583 386 629 ample
395 596 435 618 ac
449 583 585 619 nervose
592 583 882 624 confirmat‚atque
893 583 1055 627 prosequi-

170 646 246 669 tur:
274 639 341 670 Nec
361 633 518 678 quisquam
538 635 620 671 dicat
630 657 641 674 ‚
665 637 716 676 qui
737 634 915 670 Martyrium
940 634 1016 666 tollit
1042 656 1054 672 ,

1922 117 1999 168 ’ως

1111 232 1187 263 Cum
1196 233 1262 276 ergo
1271 229 1421 264 abluerint
1432 239 1514 263 omne
1540 226 1682 267 delicium
1691 255 1702 272 ‚
1728 233 1763 266 (gr
1774 233 1923 269 maculam
1928 243 1997 279 pn,

1116 293 1195 315 mam
1207 305 1218 321 ,
1234 278 1369 321 affistente
1373 277 1429 321 fibi
1441 281 1565 312 DomIno
1578 304 1591 323 ,
1612 281 1767 324 posteriore
1785 286 1903 317 virtute
1921 287 1998 321 dele.

1112 336 1215 365 verint
1226 354 1238 371 ,
1255 332 1359 373 jacere
1368 326 1515 371 ultrasub
1530 331 1654 367 'Diabolo
1671 330 1757 376 quafi
1771 331 1914 375 prostrati
1939 347 1998 368 non

1114 381 1220 414 debent
1229 393 1243 422 ;
1269 386 1320 422 qui
1331 388 1466 416 extorres
1474 381 1568 423 sat‘li,
1576 385 1610 419 &
1619 383 1702 416 bonis
1709 381 1776 427 suis
1787 382 1923 416 omnibus
1928 382 1999 428 spo-

1088 472 1090 476 ι
1114 432 1180 464 liati
1189 427 1388 476 erexeruntse
1399 454 1411 472 ,
1437 433 1471 468 (9⁶
1481 444 1545 464 cum
1553 432 1749 475 Christostare
1761 441 1917 475 caeperunt.
1946 437 2001 467 At-

1114 492 1169 524 que
1179 478 1295 514 utinam
1300 478 1342 524 fif
1355 480 1390 516 ὦ·
1413 488 1513 516 caeteri
1528 482 1591 525 post
1615 481 1751 526 Lapfum
1764 489 1945 526 prenitentes
1966 490 2000 518 in

1108 528 1387 576 stannnpriftinum
1398 531 1605 577 refirmentur.
1620 533 1820 568 Confirmat
1831 534 1910 568 istos
1927 559 1938 575 ,
1965 533 2003 568 li-

1116 592 1167 616 cet
1184 583 1468 631 generoseereQS
1479 607 1490 623 ,
1517 581 1625 617 adhuc
1644 583 1749 628 jacere
1767 583 1824 617 sub
1842 583 2000 620 Diabolo.

1118 632 1252 677 Utique
1263 644 1318 678 per
1335 642 1462 682 reagum
1481 632 1514 665 &
1534 632 1698 667 maculam
1720 634 1858 676 peccati.
1887 634 2001 681 Qare

162 684 310 732 sanguine
325 683 379 728 suo
401 685 603 727 baptizatur;
629 694 681 720 nec
702 682 773 717 Pax
795 683 840 715 illi
860 682 899 715 ab
912 681 1056 725 Episcopo
1118 684 1268 725 macula,
1292 693 1392 727 quam
1402 682 1546 719 deletam
1557 682 1637 718 dicit
1650 707 1661 726 ,
1686 682 1732 718 est
1743 684 1903 725 aetionis,
1930 695 2001 719 non

173 736 332 779 neceffaria
353 734 413 776 est,
440 734 576 771 habituro
586 735 691 778 gloriae
706 730 772 776 suae
784 734 892 766 Pacem
915 757 927 773 ‚
952 734 988 766 (θ’
1011 743 1057 766 ac-

169 795 288 830 cepturo
310 787 454 825 majorem
475 785 512 818 de
532 788 652 821 Domini
689 784 852 827 dignitione
884 784 1056 820 Mercedem.

1091 730 1094 736 Α
1121 736 1235 772 animae
1255 733 1402 769 macula.

1172 786 1253 834 Qae
1264 785 1378 819 omnia
1388 782 1500 820 hocin
1511 783 1652 820 Canone
1662 772 1836 819 confirmat
1847 806 1858 823 ‚
1868 777 1905 816 δὲ
1910 791 2005 826 optat

175 836 411 871 Primoidoneus
432 833 650 879 effenonpotest
668 835 713 866 ad
729 836 906 875 Martyrium
918 858 929 875 ,
955 839 1006 876 qut·
1021 833 1059 867 ab
1121 836 1244 869 sanetus
1256 833 1387 868 Petrus.
1415 834 1627 878 Nam&ipse
1637 833 1747 870 addit:
1775 834 1868 877 ‚Quod
1886 834 2006 876 quidem

169 884 301 928 Eccltfiae
319 896 376 924 non
399 892 538 917 armatur
558 886 603 918 ad
617 885 785 926 pralium:
813 886 863 917 Et·
882 895 965 918 mens
991 884 1061 926 defi-
1113 884 1144 926 ſs
1150 896 1249 918 omnes
1258 895 1368 926 quoque
1379 883 1864 929 Lapfifecfftnt,perfe8iffimam
1877 908 1888 924 ,
1899 885 1934 919 &
1945 892 2006 918 toto

168 942 230 977 cit,
257 946 349 977 quam
370 945 427 968 non
449 942 571 976 recepta.
589 933 779 977 Eucbanstia
808 939 896 978 erigit
917 959 929 975 ‚
954 936 989 969 (5
1014 945 1062 968 ac-

170 987 280 1022 cendit,
307 983 458 1022 Primum
484 984 714 1022 Ecclefiasticae
725 979 916 1019 Clementiae
935 985 971 1018 in
999 984 1065 1019 La-·

168 1037 245 1080 psos
265 1035 450 1071 Decretum
472 1034 561 1070 solos
572 1046 613 1069 ex
623 1034 742 1070 morbo
754 1036 934 1069 morientes
946 1035 1061 1081 imper-

166 1086 272 1120 tiebat
284 1084 422 1123 Viatico
435 1083 532 1124 Pacis
540 1097 556 1126 ;
582 1096 626 1119 ex
639 1097 726 1121 nova
746 1084 983 1122 Persecutione
1008 1095 1059 1128 pe-

164 1136 347 1174 riclitantes
359 1134 549 1169 remittebat
561 1134 604 1169 ad
616 1144 784 1169 certamen
795 1146 921 1169 novum
935 1160 945 1175 ,
971 1134 1059 1168 usur-

165 1197 248 1231 pans
256 1184 341 1222 hanc
357 1184 542 1228 Regulam:
571 1186 636 1227 ,Qui
648 1184 766 1226 differri
776 1196 835 1218 non
841 1185 935 1226 potest
949 1187 960 1225 ‘,
966 1182 1059 1226 potest

164 1239 322 1271 coronari.
348 1233 474 1269 Verum
487 1233 666 1277 postmodo
688 1244 738 1268 res
750 1233 911 1267 maturius
922 1234 1065 1269 discussa

164 1285 233 1326 est,
260 1286 294 1319 &
308 1285 372 1317 visa
394 1283 532 1321 durior,
557 1293 654 1327 atque
664 1283 711 1316 ita
737 1282 924 1326 Cyprianus
948 1292 1059 1318 exten-

167 1335 237 1376 dit,
263 1332 403 1368 &auxit
414 1331 642 1365 clementiam.
670 1331 832 1366 Attamen
845 1333 970 1375 priori,
998 1344 1060 1376 que

163 1381 290 1420 no'vum
312 1389 477 1416 certamen
508 1380 662 1416 censebat
686 1382 750 1415 effe
774 1381 906 1425 plenam
930 1383 1060 1418 Satisfa-

163 1435 329 1473 aionem,
356 1431 531 1466 Sententiae
542 1429 768 1479 nihilpenitus
777 1432 941 1474 detraxit,
969 1432 1061 1470 nihil

167 1484 206 1523 in
218 1483 286 1527 ipsa
296 1481 436 1519 mutavit
448 1506 457 1517 2
516 1490 518 1492 ’

216 1533 320 1568 Plane
333 1531 399 1567 hoc
412 1531 501 1567 lucet
512 1543 555 1566 ex
564 1531 723 1567 Caldonii
736 1532 892 1576 Episcopi
903 1532 944 1567 ad
954 1533 1060 1576 ipsum

17 1589 151 1630 Epist,19
166 1584 307 1623 Literis‚
341 1582 427 1622 acin
438 1581 556 1624 ejusad
570 1581 630 1616 has
652 1582 832 1627 Responso·
859 1583 977 1617 Literae
1002 1582 1057 1618 ha-

163 1634 262 1670 bent:
291 1633 450 1672 Neceffitas
477 1641 640 1675 temporum
671 1632 775 1679 facit,
802 1637 836 1666 u't
861 1628 921 1666 non
946 1635 1055 1668 temere
1089 1638 1090 1641 ’

164 1687 275 1721 Pacem
294 1679 417 1718 armas.
445 1680 507 1716 sed
523 1682 675 1725 oportebat
693 1681 778 1716 vobis
796 1681 925 1726 scribere
950 1708 961 1724 ‚
989 1695 1057 1726 quo-

165 1740 250 1768 niam
269 1740 312 1774 ii,
338 1738 390 1776 qui
406 1732 598 1776 posteaquam
626 1731 878 1775 sacrificaverunt
895 1758 907 1773 ‚
943 1736 1053 1767 iterato

166 1789 300 1823 tentati,
327 1791 462 1829 extorres
479 1781 554 1824 sunt
567 1782 650 1823 sadi
670 1795 677 1815 :
706 1784 853 1817 Videntur
885 1786 952 1827 ergo
978 1783 1052 1815 mibi

165 1833 284 1876 abluiffe
299 1837 389 1873 prius
402 1831 561 1874 deliciunt,
588 1833 659 1864 dum
692 1831 866 1873 Poffieffiones
887 1834 920 1865 <5
955 1833 1055 1864 domos

165 1885 326 1917 dimittunt
334 1905 345 1921 ,
360 1882 404 1914 ,ἐν
415 1878 628 1915 Paenitentiam
638 1890 761 1924 agentes
771 1880 922 1924 Christum
927 1880 1057 1924 sequun-

165 1943 233 1968 tur.
262 1932 443 1969 Enumerat
465 1930 650 1977 istiusmodi
663 1938 800 1975 eyentus
821 1931 843 1963 a
860 1933 920 1965 suo
939 1931 1031 1974 lapsu
1043 1955 1053 1971 ‚

164 1993 264 2027 atque
279 1979 499 2026 prosequitur:
529 1980 606 2015 Cum
622 1977 693 2024 erg'av
713 1979 846 2021 univer-fi
851 1983 960 2014 Pacem
971 1989 1055 2024 pete-

166 2042 235 2066 rent
250 2026 439 2073 satcenses,
463 2035 707 2072 recuperavimus
719 2030 851 2070 Fidem,
877 2042 971 2072 quam
979 2037 1054 2064 ami-

161 2081 322 2127 seramus,
349 2082 562 2121 Paenitentiam
579 2089 702 2124 agentes
717 2105 733 2121 ¹,
760 2081 795 2115 <⁴5
825 2079 974 2121 Christum
994 2088 1053 2122 pu.-

164 2132 240 2171 blice
254 2130 360 2175 sumus
369 2129 480 2171 confessi
488 2142 502 2171 ,ἡ
527 2137 670 2172 quamvis
684 2129 758 2163 mihi.
771 2131 934 2165 videantur
946 2131 1052 2164 debere

161 2181 278 2218 'Pacem
287 2186 440 2224 accipere3
467 2189 568 2225 tamen
588 2181 633 2213 ad
655 2178 829 2222 Confidtum
852 2180 982 2221 vestrum
1003 2192 1051 2213 eos

164 2230 264 2273 dimifi
271 2256 282 2271 ,
309 2242 345 2264 ne
353 2232 462 2264 videar
472 2231 591 2273 aliquid
599 2228 905 2274 temere‘praeficmere.
932 2233 964 2263 51
978 2232 1055 2273 quid

164 2284 233 2326 erge}
258 2293 296 2315 ex
316 2286 461 2317 communi
482 2279 602 2323 Consilio
618 2282 789 2323 placuerit,
810 2278 932 2324 scribite
942 2280 1017 2314 mihi
1045 2305 1051 2312 .

164 2331 291 2378 Partim
302 2328 455 2375 supponit
468 2355 479 2371 ,
504 2331 786 2374 partimexprimit
800 2330 900 2375 plura.
937 2330 1052 2365 Primo

163 2381 323 2425 supponit
333 2407 345 2423 2
369 2376 460 2424 quod
473 2379 660 2424 hujusmodi
672 2376 835 2424 Lapfi'per
851 2382 1050 2424 resumptam

165 2441 317 2466 mentem
350 2432 469 2466 fastam
489 2430 633 2475 gloriose
645 2431 921 2471 Confeffionem,
949 2431 1051 2465 deser-

166 2491 217 2517 tas
241 2480 418 2516 Familiam
438 2481 472 2514 δε
491 2481 698 2522 Facultates,
723 2481 756 2516 &
769 2493 824 2524 per
835 2481 1050 2525 Prosci-iptio⁴

164 2541 243 2566 nem
263 2530 315 2565 vel
336 2530 526 2572 ultroneum
547 2531 698 2565 Exilium
715 2542 784 2565 non
816 2529 924 2565 adhuc
947 2532 1048 2565 essent

163 2580 333 2616 consecuti
345 2580 483 2624 gratiam
495 2580 689 2614 remissionis
701 2590 917 2624 peccatorum.
947 2581 1049 2628 Quod

163 2642 284 2674 nempe
294 2630 438 2664 adultam
447 2630 619 2667 dumtaxat
630 2641 685 2665 aut
696 2630 860 2664 robustam
868 2655 881 2672 ‚
908 2633 1049 2665 necdum

164 2680 322 2715 haberent
346 2681 517 2723 perfestam
538 2679 604 2713 Dei
636 2679 857 2715 Charitatem.
899 2679 947 2715 At
974 2681 1050 2714 vero

165 2731 224 2764 nisi
239 2731 376 2773 perfe&a
390 2729 466 2766 adsit
486 2728 626 2765 charitas
640 2754 650 2770 ,
676 2740 884 2773 peccatorum
906 2731 1049 2766 remiffio

167 2793 237 2814 non
258 2779 426 2813 obtinetur
447 2804 458 2819 ,
484 2780 542 2813 nisi
557 2791 613 2823 per
635 2782 707 2814 astu
731 2781 916 2823 susceptum
941 2782 1050 2815 Sacra-

164 2840 315 2865 mentum
329 2853 337 2868 ,
349 2838 404 2862 aut
415 2830 678 2865 consummatum
700 2831 910 2872 Martyrium.
944 2832 1048 2865 Hunc

166 2881 230 2915 esse
250 2880 376 2913 avitum
396 2889 494 2921 atque
523 2880 716 2913 unanimem
736 2881 876 2922 antiquae
902 2881 1049 2916 Ecclesia:

166 2931 291 2964 sensum
303 2928 523 2963 demonstravi
538 2929 573 2961 in
595 2930 829 2972 Differtatione
840 2930 881 2964 de
892 2929 1049 2966 Christia-
1098 2967 1100 2970 ,

165 2991 207 3016 na
228 2979 450 3014 Contritione.
479 2977 664 3012 Caldonius
688 2979 830 3013 secundo
856 2982 1010 3024 supponit
1037 3005 1048 3021 ‚

166 3029 256 3073 quod
266 3029 376 3064 taliter
387 3029 548 3072 resumpta
559 3027 729 3062 Confessio
740 3030 776 3063 fit
787 3030 873 3073 apud
886 3031 1047 3065 Divinam

165 3078 327 3122 Iustitiam
337 3079 435 3122 plena
448 3078 563 3120 prioris
576 3078 775 3114 infirmitatis
786 3079 968 3114 Satisfafflo
980 3105 990 3120 ‚
1002 3091 1049 3115 at-

164 3139 227 3171 que
246 3130 292 3163 ita
314 3128 394 3163 tales
418 3127 559 3162 debeant
572 3127 682 3163 statim
690 3129 770 3163 citra
781 3141 918 3164 omnem
938 3130 1049 3164 Poeni·

166 3179 303 3213 tentiam
326 3178 457 3212 admitti
479 3177 520 3211 ad
553 3177 683 3212 Pacem.
709 3178 830 3212 Tertio
843 3204 853 3220 ,
880 3181 989 3215 facere
1013 3180 1048 3214 id

160 3239 235 3261 -non
247 3228 435 3271 praesumpsit
449 3229 507 3266 nisi
518 3228 599 3262 fasta
611 3227 788 3262 Relatione
800 3228 841 3262 ad
863 3230 958 3264 suum
984 3230 1049 3264 Pri-

166 3287 298 3312 matem.
326 3276 563 3326 Qarto,hanc
576 3277 790 3312 Relationem
813 3279 911 3320 facit,
936 3280 970 3313 δε
992 3290 1050 3323 po-

29 3322 154 3364 EPistsso
167 3327 265 3361 stulat
276 3327 498 3371 Rescriptum.
527 3328 571 3361 Et
592 3329 717 3362 sanetus
736 3327 922 3371 Cyprianus
943 3330 1051 3364 rescri-

170 3377 231 3420 pfit
245 3388 252 3407 ε
278 3377 367 3410 Ret'ie
376 3376 588 3420 autemsenfisti
599 3380 677 3411 circa
688 3380 918 3419 impertiendam
930 3384 1050 3414 Fratri-

170 3428 224 3459 bus
236 3425 337 3465 nostris
362 3430 468 3461 Pacem
480 3452 490 3466 ,
516 3439 607 3471 quam
620 3427 677 3469 fibi
699 3428 754 3470 ipsi
772 3439 846 3462 vera
867 3431 1050 3464 Paenitentia

168 3478 206 3511 ά
228 3480 388 3509 Dominicae
399 3477 584 3518 confhffionis
591 3479 688 3520 gima
698 3480 895 3515 reddiderunt
904 3503 916 3520 ‚
941 3481 1051 3516 sermo-

271 3526 388 3570 Differt.
401 3528 525 3561 Prooem.
539 3529 652 3563 Tom.1.

1120 936 1203 967 corde
1209 932 1375 976 susceptam
1381 940 1592 978 poenitentiam
1603 934 1789 979 fiendiffent.
1818 934 1904 979 Agit
1929 945 2003 968 non

1121 984 1161 1018 de
1172 983 1368 1020 Exterribus
1380 1007 1391 1023 ,
1409 984 1463 1017 sed
1473 984 1514 1020 de
1524 984 1622 1019 Datis
1644 986 1679 1018 in
1702 994 1867 1019 tormenta
1887 983 1933 1019 ob
1958 995 2007 1019 re-

1122 1036 1283 1078 sumptam
1294 1032 1543 1068 Confessionem
1554 1058 1564 1074 ‚
1575 1035 1609 1069 &
1619 1034 1772 1077 conjeetis
1783 1035 1853 1080 post
1864 1043 2007 1069 tormen-

1122 1095 1154 1118 ta
1165 1085 1199 1117 in
1207 1093 1370 1118 carcerem
1379 1107 1390 1123 ‚
1401 1084 1515 1127 utique
1527 1083 1728 1126 dejiciendos
1738 1084 1864 1123 denuo,
1874 1095 1930 1118 aut
1942 1084 2009 1127 ple-

1122 1146 1167 1168 no
1188 1133 1356 1176 Martyrio
1381 1132 1659 1167 consummandos
1671 1158 1678 1164 .
1708 1133 1750 1167 Et
1759 1133 1909 1167 adfirmat
1920 1131 2008 1168 hanc

1122 1184 1184 1218 effe
1195 1182 1455 1227 perfestiffimam
1474 1194 1515 1217 ex
1534 1192 1609 1216 toto
1630 1182 1729 1217 corde
1742 1183 1970 1226 poenitentiam
1995 1207 2008 1224 ,

1123 1234 1253 1278 plenam
1264 1233 1525 1267 satisfactionem.
1556 1233 1600 1266 Et
1613 1231 1692 1267 hinc
1704 1233 1777 1276 ipfis
1789 1233 1900 1267 statim
1918 1244 2009 1267 com-

1124 1283 1363 1321 municandum
1374 1283 1427 1318 seu
1439 1282 1724 1318 communionem
1735 1283 1987 1327 impertiendam
1996 1309 2009 1324 ‚

1125 1335 1191 1368 fine
1202 1334 1315 1377 quavis
1326 1333 1522 1376 poenitentia
1535 1359 1541 1364 .
1569 1333 1728 1367 Notanda
1741 1334 1814 1368 sunt
1826 1332 1920 1368 verba
1932 1349 1944 1368 .·
1962 1336 2009 1366 Et

1125 1391 1157 1418 in
1170 1383 1362 1417 Orationibus
1374 1407 1384 1422 ,
1410 1384 1445 1416 (τ
1455 1389 1488 1415 in
1492 1388 1725 1425 participatione
1737 1389 1876 1425 Corporis
1888 1385 1923 1416 t&
1934 1385 2009 1416 San·-

1121 1441 1232 1479 guinis.
1248 1433 1393 1467 Edicunt
1404 1433 1527 1476 Lapsos
1537 1432 1615 1466 istos
1626 1435 1688 1467 esse
1700 1432 1925 1467 admittendos
1938 1442 2010 1466 non

1126 1485 1295 1519 dumtaxat
1321 1482 1362 1516 ad
1387 1482 1642 1516 consistentiam
1654 1507 1665 1523 ‚
1692 1482 1726 1515 in
1739 1494 1802 1526 qua
1825 1483 2012 1516 communi-

1125 1546 1236 1570 camus
1247 1533 1323 1567 solis
1334 1527 1534 1566 solemnibus
1542 1532 1692 1566 Ecclesiae
1703 1532 1921 1567 Orationibus
1934 1544 1943 1574 3
1958 1531 2011 1566 sed

1124 1587 1224 1620 etiam
1236 1583 1279 1619 ad
1288 1583 1529 1617 Perse-{tionem
1542 1607 1553 1623 ‚
1579 1583 1614 1615 in
1627 1594 1690 1627 qua
1702 1582 1907 1622 oblationem
1935 1583 2014 1616 faci-

1125 1648 1197 1670 mus
1208 1659 1219 1676 ,
1246 1635 1280 1668 &
1289 1645 1332 1668 ex
1346 1633 1413 1677 ipsa
1424 1632 1520 1667 nobis
1532 1634 1754 1668 consecratam
1771 1631 2013 1667 Eucharistiam

1125 1685 1373 1730 participamus.
1402 1683 1481 1719 Hoc
1493 1683 1539 1717 est
1551 1689 1639 1717 eisin
1661 1682 1796 1717 omnibus
1820 1690 2011 1716 communica-

1124 1749 1156 1770 re
1170 1761 1177 1768 .
1203 1735 1246 1768 Et
1267 1733 1458 1777 adjungitur
1480 1733 1596 1777 scopus
1618 1742 1717 1768 tantae
1738 1733 1849 1778 gratia:
1871 1748 1881 1766 .·
1909 1738 1948 1766 Ut
1958 1739 2009 1775 qui

1123 1785 1298 1826 constantius
1311 1785 1532 1819 decertaverint
1542 1808 1552 1824 ,
1579 1782 1635 1825 ipfi
1652 1781 1913 1826 quoquesupernae
1924 1795 2011 1817 voca-

1123 1842 1211 1869 tionis
1220 1837 1340 1868 Bra-vio
1349 1835 1517 1877 dignentur.
1545 1833 1699 1877 Exponit
1711 1835 1745 1867 in
1759 1833 1879 1869 Literis
1889 1834 1930 1867 ad
1942 1835 2011 1867 san-

1122 1887 1207 1919 &um
1217 1883 1343 1927 Papam
1355 1883 1552 1917 Cornelium
1573 1885 1699 1917 sanstus
1721 1883 1909 1926 Cyprianus
1936 1897 1943 1915 τ
1971 1888 2010 1917 At
2031 1882 2161 1922 Epist-5⁷4

1123 1938 1195 1968 vero
1209 1945 1287 1967 nunc
1297 1945 1357 1967 non
1374 1934 1521 1977 infirmit,
1541 1931 1601 1976 sed
1609 1932 1744 1974 fortibus
1766 1935 1836 1966 Pax
1858 1934 2011 1976 necessaria

1109 1984 1180 2031 est,
1207 1995 1258 2017 nec
1281 1983 1473 2017 morientibus
1496 2008 1506 2023 ‚
1528 1981 1587 2026 sed
1607 1983 1782 2017 viventibus
1807 1987 2011 2017 Communica-

1119 2040 1159 2067 tio
1175 2036 1196 2066 ἃ
1215 2033 1299 2066 nobis
1318 2034 1424 2066 danda
1448 2032 1486 2072 est
1497 2057 1507 2072 ,
1534 2041 1567 2065 ut
1579 2044 1650 2074 quos
1669 2036 1835 2066 er'ccitamus
1856 2035 1890 2067 δ’
1911 2033 2011 2067 horta-

1117 2096 1184 2117 mur
1193 2085 1238 2116 ad
1247 2085 1390 2116 Praelium
1402 2107 1412 2122 ,
1439 2093 1497 2115 non
1507 2088 1635 2115 inermes
1650 2107 1660 2123 ,
1683 2084 1717 2117 (9⁸
1738 2084 1834 2115 nudos
1856 2085 2009 2126 relinqua-

1117 2147 1183 2168 mus
1195 2159 1205 2174 ,
1222 2131 1281 2177 sed
1292 2133 1472 2175 protec‘Iione
1496 2136 1635 2174 Corporis
1655 2133 1689 2166 &
1709 2135 1870 2178 Sanguinis
1898 2133 2008 2174 Christi

1116 2189 1286 2217 muniamus
1297 2208 1304 2216 .
1332 2187 1378 2216 Et
1389 2184 1452 2215 cum
1462 2184 1505 2216 ad
1514 2182 1564 2215 boc
1571 2183 1630 2225 fiat
1642 2182 1828 2223 Eucharish'a
1840 2208 1850 2223 ,
1875 2193 1909 2216 ut
1924 2185 2007 2226 poffit

1115 2233 1327 2275 accipientibus
1339 2234 1391 2278 effe
1402 2233 1519 2273 tutela,
1544 2244 1615 2275 quos
1638 2243 1718 2266 tutos
1740 2233 1792 2276 esse
1818 2236 1919 2266 contra
1946 2236 2006 2268 Ad-

1115 2283 1280 2327 versarium
1303 2285 1438 2318 volumus
1450 2308 1460 2323 ,
1487 2289 1667 2316 munimento
1680 2287 1843 2317 Dominicae
1853 2286 2003 2317 saturita-

1114 2341 1155 2368 tis
1173 2346 1323 2368 armemus
1338 2359 1344 2365 .
1373 2337 1459 2366 Nam
1471 2345 1526 2375 quo
1535 2334 1619 2365 modo
1639 2334 1775 2366 docemus
1787 2344 1840 2366 aut
1856 2342 2001 2375 provoca-

1113 2396 1178 2417 mus
1191 2396 1239 2417 eos
1259 2390 1291 2416 in
1313 2383 1487 2424 confessione
1504 2387 1647 2415 Nominis
1673 2386 1794 2415 Domini
1824 2386 2005 2428 Sanguinem

1107 2433 1198 2477 suum
1211 2433 1346 2475 fundere
1360 2457 1370 2473 ‚
1389 2432 1421 2474 fi
1437 2435 1664 2466 eismilitaturis
1683 2432 1795 2473 Christi
1823 2435 2004 2477 sanguinem

1112 2486 1291 2528 denegamus
1306 2480 1322 2519 ?
1348 2487 1407 2519 Aut
1427 2494 1482 2525 quo
1491 2484 1574 2516 modo
1585 2484 1630 2515 ad
1639 2486 1773 2516 Martirt'i
1787 2485 1928 2517 Poculum
1940 2485 2003 2522 ido:

1112 2547 1180 2567 neos
1197 2533 1332 2575 facimus
1344 2558 1354 2573 ‚
1375 2532 1404 2574 fi
1428 2545 1484 2566 non
1506 2544 1553 2566 eos
1569 2533 1658 2574 prius
1674 2533 1719 2565 ad
1728 2532 1929 2567 bibendumtn
1940 2537 2000 2567 Ec-

1110 2584 1191 2626 clefia
1212 2578 1350 2617 Poe-ulum
1374 2587 1494 2616 Domini
1513 2585 1584 2625 jure
1596 2585 1999 2632 Communicationigadmit-

1110 2637 1227 2670 timus?
1251 2635 1339 2668 Ecce
1360 2633 1498 2678 grandes
1519 2633 1553 2666 &
1574 2633 1767 2667 reverendos
1778 2658 1783 2668 2
1796 2634 1925 2672 effeetus
1947 2635 2000 2667 Sa-

1110 2686 1298 2724 cro-Sanctae
1320 2682 1538 2718 Eucharistiae.
1578 2684 1691 2717 Etiam
1723 2684 1849 2717 sanstus
1883 2683 1999 2716 Petrus

1108 2735 1265 2778 supponit
1278 2734 1355 2768 istos
1367 2731 1489 2777 Lapsos
1501 2735 1624 2767 erestos
1634 2759 1644 2774 ‚
1673 2744 1733 2767 nec
1748 2744 1802 2774 per
1811 2742 1975 2767 tormenta
1986 2757 1998 2775 ,

1110 2797 1170 2818 nec
1192 2796 1246 2828 per
1263 2795 1424 2819 carcerem
1445 2797 1460 2825 ‚·
1487 2783 1539 2816 sed
1566 2795 1620 2826 per
1645 2783 1750 2817 solum
1774 2782 2000 2816 Ecclefiasticae

1111 2834 1410 2869 Reconciliationis
1420 2835 1668 2868 Sacramentum
1685 2832 1801 2867 donari
1813 2831 2001 2867 remiffione

1111 2894 1325 2930 peccatorum
1339 2910 1349 2916 ..

1125 2966 1900 3067 *CANole

1184 3114 1249 3158 IS
1270 3126 1450 3175 quoque
1473 3110 1551 3173 qui
1577 3122 1786 3173 tanquam
1810 3126 1861 3157 ex
1890 3107 1999 3162 som-

1208 3197 1266 3226 no
1302 3179 1379 3244 ipsi
1405 3177 1460 3225 ad
1485 3193 1704 3226 certamen
1730 3181 1997 3244 parturiens,

1108 3254 1150 3297 &
1187 3250 1352 3296 trahere
1378 3246 1601 3308 differens,
1637 3249 1888 3315 prosiliunt,
1918 3248 1996 3297 fibi

1109 3335 1255 3368 autem
1278 3336 1430 3384 puguae
1460 3321 1693 3372 maritimae
1715 3355 1730 3378 ,
1765 3324 1810 3367 &v
1847 3319 1996 3367 multae

1108 3391 1297 3437 fluxuum
1357 3386 1656 3437 inundationis
1703 3392 1996 3437 tentationem

1109 3459 1357 3519 attrahunt,
1395 3460 1463 3508 vel
1489 3462 1635 3527 potius
1649 3459 1867 3508 Fratribus
1894 3474 1995 3524 pec*

1609 3530 1642 3563 Ο
1908 3535 1995 3563 rato-
