2346 3776
44 1275 105 1308 Lib.
123 1285 139 1313 3
150 1296 157 1304 .

43 1324 110 1356 cap.
123 1325 169 1354 13.

35 1430 108 1465 nb.
140 1443 164 1461 ι.

45 1480 112 1510 cap..
117 1480 135 1510 3
137 1481 152 1509 3
159 1493 166 1502 .

639 79 1082 136 D1ssnR'TA‘r10

181 171 290 205 &ionis
312 169 432 212 Christi.
469 169 563 212 ,Quod
582 171 683 208 utique
715 167 781 199 ideo
797 164 929 207 'faciunt
948 189 959 204 ‚
995 172 1068 208 quia

181 220 333 263 Christum
345 224 502 254 Dominum
519 223 552 250 in
572 226 648 249 vera
668 214 794 255 hominis
822 224 936 250 natura
962 225 1067 250 natum

183 272 236 314 effe
257 283 315 305 non
332 271 472 308 credunt,
492 265 552 310 sed
556 274 615 308 per
637 264 958 308 quandam-illustbnem
970 265 1069 307 Osten-

183 330 254 354 tata
275 322 374 356 videri
394 319 518 358 volunt,
548 327 616 359 quae
639 327 721 353 vera,
734 328 791 349 non
805 315 936 357 fuerint.
975 315 1068 352 Affir-

184 381 254 406 mat
270 371 355 414 ipsos
373 366 536 405 Cerdonis
549 390 560 406 ,
587 366 773 403 Marcionis
793 391 803 406 ‚
829 365 864 402 &
888 364 1067 402 Manichaei

182 421 247 456 effe
265 427 449 465 cognatos,
474 427 573 460 atque
593 417 817 459 prosequitur:
843 417 931 458 Qui,
950 414 1067 456 ficutin

183 470 275 510 nostro
293 473 430 505 examine
448 466 557 503 dmm
577 475 666 509 atque
683 462 909 508 convifflsunt,
936 469 1067 498 Domini<

182 531 248 554 cum
264 518 343 554 diem
365 542 375 558 ‚
412 528 500 560 quem
522 515 605 550 nobis
630 517 801 551 salvatoris
821 513 907 558 nostri
930 514 1070 558 Resurre-

182 569 239 604 &ia
257 566 440 611 consecravit
452 591 463 607 ,
489 574 614 614 exigunt
636 574 669 601 tn,
691 576 810 602 moerore
819 567 852 610 J
855 567 947 606 eJ’um'i
959 590 970 605 ‚
991 567 1066 601 Solis

181 625 361 656 reverentiae
380 617 460 652 hanc
477 622 694 655 continentiam
712 616 894 649 devoventes
914 640 927 655 ,
951 624 985 648 ut
1009 623 1064 658 per

182 666 346 709 omniafint
356 670 376 704 a
388 667 493 708 nollrae
502 669 594 703 Fidei
609 672 727 704 unitate
737 663 884 708 dffcordes
895 690 905 705 ‚
932 666 967 700 <xe
977 666 1044 698 dies
1056 689 1067 704 ‚

182 726 238 763 qui
248 720 269 750 ἃ
280 719 364 751 nobis
375 725 408 751 in
417 719 528 751 laetitia
548 716 674 753 babetur
684 739 698 757 ,ι
719 714 759 748 ab
778 716 839 747 illis
859 721 892 747 in
907 714 1066 756 afflit‘lione

181 770 320 806 ducatur,
346 767 455 807 Addit
464 778 523 805 eos,
532 767 596 801 effe
607 766 761 803 inimicos
772 765 888 801 Crucis
900 763 1067 799 Christi&

181 818 448 853 Resurreffionis..
460 817 505 850 Et
515 814 686 854 adversum
697 814 772 849 illos
785 816 949 849 emanavit
959 816 1068 848 secun-

180 867 244 904 dus
252 868 372 902 Canon
385 892 396 908 ,
420 877 522 911 quem
530 868 624 913 supra
634 863 759 900 adduxi
771 889 783 910 2
809 864 938 911 synodi
951 865 1066 899 Caesar-

183 916 396 963 Augusta-nae..
684 923 687 926 ⁴
910 942 914 951 .

232 967 345 1004 Etiam
365 966 500 1003 ostavus
517 965 666 1003 decimus
684 965 811 1001 Canon·
829 965 958 1011 Synodi
979 966 1069 999 Gan-

178 1016 469 1064 grenfisstatuitzsi
480 1022 549 1059 quis
559 1025 707 1058 tanquam
718 1014 769 1051 boc
779 1022 958 1058 continentie-
966 1026 1068 1049 conve-

181 1068 398 1107 nirejudicans.
409 1090 421 1110 2
440 1068 489 1100 die
500 1068 851 1107 DominimJejunaverit
864 1091 874 1106 ‚
888 1072 986 1099 autin
996 1062 1070 1106 eius-

182 1120 253 1152 dem
262 1119 323 1154 diei
333 1125 534 1159 contemptum
544 1142 554 1157 ‚
580 1116 743 1150 anathema
748 1115 795 1158 fit.
831 1116 952 1153 Statuit
963 1114 1071 1149 adver-

181 1168 237 1202 sus
248 1165 434 1201 Eustatium
454 1166 690 1204 Sebastiensem
714 1166 912 1209 Episcopum
926 1190 938 1207 ,
964 1164 1071 1209 primae

183 1216 351 1252 Armeniae
360 1216 614 1259 Metropolitam
625 1241 636 1256 ‚
661 1215 704 1250 de
717 1227 784 1258 quo
793 1216 956 1250 Hermias
967 1212 1072 1249 Zozo-

183 1278 317 1302 menus:
344 1266 500 1307 Eustatius
512 1267 621 1297 dicitur
628 1272 699 1306 prae
711 1266 803 1300 nimis
814 1263 959 1306 exquifita
978 1262 1072 1306 Diſsi-
1091 1292 1094 1295 .

179 1318 277 1360 plinae
287 1328 391 1349 norma
407 1317 453 1348 ad
469 1312 618 1356 absurdas
642 1311 873 1355 Observationes
884 1311 1021 1355 dilapsus
1030 1312 1072 1357 es-

177 1366 214 1411 fi·
224 1391 234 1406 ,
261 1364 367 1409 easque
377 1367 398 1396 ἆ
410 1363 540 1407 Legibus.
551 1360 757 1406 Ecclefiasticis
765 1361 889 1405 penitus
900 1362 1071 1408 discrepan-

182 1426 238 1450 tes.
277 1416 320 1450 Et
340 1416 426 1449 inter
449 1414 534 1456 ipsas
554 1413 650 1456 ponit
676 1413 710 1447 δε
735 1412 828 1448 hunc,
850 1412 1040 1449 Articulum
1062 1424 1070 1444 z

184 1465 289 1515 Qod
299 1465 402 1499 diebus
418 1467 585 1498 Dominicis
589 1464 740 1504 jejunem.
770 1463 905 1498 Clarius⁴
924 1463 1072 1507 loquitur
1092 1487 1094 1490 ι

185 1518 334 1551 Socrates
351 1527 359 1548 τ
396 1513 553 1555 Eustatius.
563 1514 661 1546 docuit
668 1511 976 1556 praescriptajeiunia
985 1525 1072 1546 aver-

181 1564 284 1610 sanda
295 1589 306 1605 ‚
331 1564 580 1606 &jejunandum
596 1563 699 1596 diebus
722 1567 895 1597 Dominicis.
931 1563 1072 1611 Qibuss

181 1615 261 1651 dam
272 1614 400 1651 videtur
410 1613 536 1650 sensisse
553 1624 633 1649 cum
649 1612 753 1647 Aetio
766 1638 777 1653 ‚
801 1613 843 1648 de
857 1624 926 1657 quo
946 1614 1071 1647 sanetus

182 1664 396 1710 EpiphanIus
404 1677 418 1700 ι,
442 1667 564 1698 Aeriam
576 1665 626 1697 die
649 1667 802 1697 Dominteo
820 1665 964 1705 jejunare
969 1664 1069 1706 potius

183 1715 328 1756 affedlant
349 1739 361 1755 ,
396 1723 507 1758 quarta
528 1716 605 1748 vero.
622 1714 657 1748 <⁸5
676 1711 768 1756 sexta
786 1719 880 1748 Feria
902 1712 1069 1756 vescuntur.

182 1765 315 1802 Verum
324 1765 413 1798 inter·
427 1765 518 1807 ipsos
529 1763 575 1797 est
596 1762 701 1799 multa
718 1763 874 1798 distantia
897 1778 910 1798 :.
935 1764 1070 1800 Etenim

184 1815 305 1850 Acrius
315 1813 632 1856 avitaslejuniorum
645 1814 750 1857 Leges
761 1813 866 1850 voluit
876 1814 997 1847 eversas
1009 1837 1020 1853 ,
1037 1813 1071 1847 &

183 1864 348 1902 redustam
367 1875 409 1898 ex
429 1863 562 1907 proprio
583 1861 718 1896 arbitrio
739 1861 909 1906 jejunandi
930 1862 1072 1896 Liberta-

161 1955 163 1957 .
181 1924 253 1951 tem
262 1939 278 1954 ,,
298 1914 337 1951 δε,
354 1912 399 1948 ad
416 1910 502 1946 hanc
524 1911 583 1946 fibi
596 1911 821 1948 renovandam
831 1912 947 1946 invafit
968 1913 1068 1947 etiam

182 1963 414 2008 Apostolicam
434 1961 658 1997 Dominicalis
680 1960 801 1995 laetitiae
825 1962 951 2007 Legem
977 1975 987 2005 ;
1024 1962 1071 1996 At

182 2014 260 2049 vero
271 2013 438 2047 Eustatius
451 2012 626 2048 Sacramm
632 2010 842 2047 Basilicarum
854 2011 946 2046 Loca
967 2013 1001 2046 ὅ(
1012 2013 1040 2046 F
1040 2024 1072 2046 e-

181 2064 282 2098 stivos
295 2063 440 2099 Ecclefiae
449 2061 668 2106 diesvspreviss
693 2063 856 2106 garriens,
884 2073 954 2096 non
977 2063 1071 2096 refer-

181 2125 217 2148 re
228 2138 239 2154 ,
265 2125 333 2157 quo
344 2113 420 2148 loco
431 2122 537 2146 oraret
547 2111 620 2154 quis
636 2136 648 2151 ‚
675 2121 732 2145 aut
757 2122 826 2155 quo
847 2111 902 2146 die
915 2111 1070 2147 laetaretur

181 2173 239 2198 aut
250 2162 415 2206 jejunaret.
445 2161 577 2196 Nostris
588 2160 836 2203 Sujecfeldianis
855 2162 991 2205 praebuit
1009 2163 1071 2206 pri-

182 2224 240 2250 ma,
249 2212 382 2247 exordia
395 2223 432 2246 ac
444 2211 669 2246 fundamenta.
706 2210 853 2246 Proinde
863 2236 874 2251 ‚
902 2211 1069 2246 Eustatius

180 2275 219 2297 ac
232 2261 352 2297 Aetius
364 2263 498 2298 fuerunt
509 2261 620 2305 vulpes
633 2261 701 2295 sola
713 2260 948 2295 Conclusionis
964 2262 1067 2296 cauda

181 2312 364 2357 colligatae,
392 2312 790 2357 principiorumcorpore-
806 2311 941 2357 penitus.
955 2311 1069 2346 distin-

181 2364 236 2402 &ae
245 2374 342 2407 atque
353 2362 492 2397 diversae.

231 2413 336 2447 Graeci
347 2413 412 2455 jam
427 2411 550 2456 pridem
562 2412 799 2446 circumferunt
810 2413 843 2446 &
855 2410 944 2447 hunc
957 2412 1065 2446 Cano-

181 2473 261 2496 nem
275 2477 290 2495 :>
311 2465 343 2495 51·
355 2468 422 2504 quis
433 2473 536 2507 carnes
547 2464 582 2495 Θ
592 2463 689 2495 caules
701 2463 751 2496 die
773 2466 930 2495 Dominico-
946 2474 1009 2495 non
1023 2474 1065 2495 co-

181 2513 274 2546 medit
283 2525 297 2554 ;
314 2511 344 2553 fi
352 2513 487 2544 Clericus
496 2511 533 2551 est
544 2536 559 2551 „
567 2513 732 2553 deponatur
742 2525 759 2553 ,ᾗ
772 2511 803 2553 fi
810 2516 920 2545 Laicus
931 2511 969 2553 est
978 2537 988 2552 ‚
1015 2524 1065 2546 ex-

180 2563 414 2596 communicetur.
426 2562 469 2595 Et
480 2562 642 2595 affirmant
653 2563 715 2595 esse
728 2562 1065 2604 ApostoficumHinc

181 2612 277 2646 tertia
288 2611 333 2646 est
346 2612 496 2658 Qaestio
508 2635 518 2649 ‚
531 2622 571 2644 an
585 2610 686 2645 hocce
701 2610 737 2645 fit
750 2611 860 2646 verum
873 2613 897 2644 ἒ·
918 2613 1064 2655 Respon—

181 2661 248 2700 deo
257 2673 324 2696 non
336 2662 419 2695 effe:
446 2661 494 2694 lta
507 2661 647 2694 affirmat
660 2661 694 2696 δε,
704 2662 857 2704 antiquus
869 2661 1061 2696 Orthodoxi

180 2711 249 2746 Scri
252 2712 358 2756 proris.
365 2710 535 2745 adversum
543 2709 920 2746 schismaticosGraecos
931 2712 1063 2752 Trasta-

180 2772 252 2802 tus,
278 2761 361 2795 olim
374 2771 515 2803 repertus
527 2758 562 2794 in
584 2761 962 2805 Constantinopolitano
975 2762 1062 2796 Con-

181 2821 280 2846 ventu
292 2811 427 2844 Parrum
440 2809 700 2854 Praedicatorum.
729 2812 773 2845 Et
792 2813 877 2846 certe
901 2812 990 2846 istius
1003 2812 1063 2846 Ca-

180 2862 281 2895 nonis
293 2860 378 2904 apud
390 2860 592 2903 antiquiores
602 2861 798 2895 Latinorum
809 2872 864 2896 aut
873 2863 1062 2896 Graecorum

181 2912 359 2955 Scriptores
372 2909 463 2943 nulla
471 2909 516 2944 est
527 2911 656 2953 penitus
664 2913 833 2945 memoria.
850 2913 892 2946 Et
900 2912 989 2955 quod
1001 2914 1063 2956 pri-

180 2962 354 2996 misetiam
368 2960 514 2994 Ecclefiae
530 2960 651 2996 saeculis
672 2961 769 2995 multi
791 2974 845 3005 per
864 2973 999 2996 omnem
1020 2963 1063 2996 vi·
1086 2994 1089 2995 γ

181 3021 249 3045 tam
262 3036 271 3051 ‚
298 3010 444 3054 adeoque
453 3010 486 3043 &
498 3010 688 3044 Dominicis
697 3010 810 3044 diebus
820 3011 1033 3046 abstinuerint
1045 3014 1062 3045 a

181 3071 277 3095 carne
289 3061 323 3095 &
336 3061 416 3094 vino
430 3084 439 3099 ‚
449 3059 495 3093 est
506 3059 662 3093 omnibus
675 3071 887 3104 compertum.
900 3061 1060 3096 Attamen

183 3110 361 3145 secundum
372 3110 563 3143 Bracarense
575 3109 768 3144 Concilium
792 3109 888 3145 habet
900 3111 989 3145 hunc
1002 3112 1063 3146 Ca-

44 3173 134 3208 cap‚1
141 3179 168 3204 4,
184 3171 307 3194 nonem
321 3175 333 3193 .·
343 3162 530 3203 ,Quicumque
539 3166 572 3191 in
583 3160 675 3192 Clero-
692 3159 752 3192 cibo
761 3168 895 3194 carnium
908 3174 965 3194 non
975 3171 1062 3195 utun-

184 3219 233 3242 tur
245 3234 256 3249 ,
277 3218 336 3252 pro
342 3210 531 3251 amputanda
535 3207 698 3252 suspicione
711 3208 906 3252 Priscillianae
918 3210 1041 3253 Haerefis
1050 3238 1060 3253 ,
1086 3244 1089 3248 ,

184 3259 238 3292 vel
245 3261 332 3293 Olera
342 3260 420 3293 colla
447 3271 513 3293 cum
523 3259 663 3292 carnibus
685 3260 804 3293 tantum
816 3261 998 3304 praegustare
1021 3273 1063 3294 co-

180 3318 305 3352 gantur.
339 3310 432 3354 ‚Quod
444 3308 475 3352 fi
491 3307 737 3351 contempserint,
758 3308 921 3352 secundum
938 3312 1019 3352 quod
1025 3313 1062 3345 de

186 3357 235 3390 his
246 3358 354 3391 talibus
361 3358 458 3401 121»ch
469 3362 579 3392 Patres
591 3359 760 3401 antiquitus
767 3358 1062 3404 statuerumfflecefiee

1131 94 1552 147 PRoon1AL1s.
1945 112 2013 150 133

1136 166 1238 199 Saneli
1249 169 1360 202 Patres
1370 165 1536 209 antiquitus
1540 161 1720 205 statuerunt.
1757 164 1904 205 Edicunt
1921 165 2014 203 hunc

1134 217 1311 252 Canon'em
1321 227 1391 252 non
1403 215 1466 252 esse
1477 215 1620 259 primum
1630 225 1689 258 pro
1698 213 1833 250 edendis
1844 219 2015 260 carnibus,

1132 266 1185 303 sed
1209 267 1303 304 fuisse
1327 266 1430 300 alium
1457 263 1558 310 longe
1590 263 1811 300 vetustiorem.
1850 267 2014 303 Existimo

1132 316 1225 351 fuiffe
1233 316 1361 353 editum
1374 316 1410 350 in
1421 313 1636 349 Manichaeos.
1674 312 1878 353 Etenimshic
1889 339 1899 355 ‚
1924 318 2015 360 qudd

1133 367 1254 402 avitam
1267 365 1459 402 Christianae
1468 364 1672 401 abstinentia
1682 365 1887 402 sanititatem
1911 367 2015 402 nollet

1132 416 1329 460 proscribere
1340 440 1351 455 ‚
1378 427 1448 450 non
1468 415 1510 449 ad
1530 427 1642 450 carnes
1668 414 1810 451 edendas
1829 415 1992 459 compulit
2003 440 2016 456 ‚

1130 465 1184 500 sed
1195 465 1236 500 ad
1247 466 1314 503 sola
1325 477 1402 502 cum
1413 464 1564 501 carnibus
1576 489 1586 505 ,
1613 466 1668 499 seu
1679 464 1870 500 incarnium
1888 464 2016 509 jusculo

1131 518 1222 551 coela
1232 515 1342 552 Olera.
1370 516 1414 552 Et
1423 515 1587 559 compulit
1600 515 1687 551 solos
1696 515 1738 551 de
1750 513 1939 550 Manichaeo
1950 516 2015 549 sus-

1132 568 1248 610 penos.
1275 566 1379 600 Graeci
1393 565 1546 599 videntur
1555 565 1649 599 fuisse
1670 565 1850 610 rigidiores.
1888 564 2016 600 Viden-

1130 627 1182 650 tur
1193 628 1327 651 otnnem
1339 615 1486 652 Fidelem
1498 614 1692 658 compulisse
1704 615 1746 650 ad
1757 614 2016 650 carnesedendas

1129 666 1243 703 diebus
1250 666 1448 702 Dominicis.
1477 663 1637 699 Attamen
1649 665 1793 707 exceptis
1812 664 1991 700 Monachis
2003 690 2016 706 ,

1130 716 1249 760 quibus
1258 728 1370 751 carnes
1380 715 1466 760 apud
1478 716 1562 759 ipsos
1573 725 1742 759 nunquam
1754 713 1925 749 licuerunt.
1954 715 2017 750 Ca-

1130 767 1227 801 nonis
1240 766 1268 800 A
1275 768 1421 803 actorem
1431 778 1468 800 ac
1475 765 1654 800 exordium
1666 765 1796 809 ignoro.
1833 765 1887 799 Ex
1896 764 2016 799 eodem

1129 815 1299 861 Principio
1310 816 1465 852 solemnis
1475 841 1486 857 ,
1512 815 1610 859 quam
1622 815 1710 859 Regi
1723 815 1781 848 suo
1803 813 2015 848 Recesuindo

1131 867 1279 902 fecerunt
1289 867 1433 902 conversi
1448 865 1489 900 ad
1502 864 1670 901 Christum
1684 864 1873 900 Dominum
1896 864 1995 907 Judaei
2003 888 2016 905 ‚

1130 916 1288 950 Profeffio
1300 915 1415 952 habuit
1428 915 1517 951 hunc
1531 915 1721 951 Articulum
1743 929 1754 948 .·
1780 918 1826 948 De
1842 913 1941 959 suillis
1953 925 2017 953 car-

1130 966 1219 998 nibus
1230 967 1265 998 id
1274 964 1431 1009 observare
1436 972 1642 1011 promittimus
1658 991 1668 1006 ,
1694 974 1728 999 ut
1741 964 1773 1007 st
1778 977 1829 998 eas
1836 973 1893 1009 pro
1903 963 2017 1010 consue—

1130 1017 1236 1049 tudine
1246 1018 1369 1049 minime
1374 1022 1530 1059 percipere
1536 1022 1701 1057 poterimus
1715 1040 1725 1055 ,
1751 1027 1787 1048 ea
1797 1024 1900 1055 tamen
1909 1039 1922 1055 ,
1946 1026 2015 1057 quae

1129 1077 1195 1098 cum
1204 1064 1273 1107 ipfis
1283 1066 1400 1099 decocta
1406 1063 1481 1108 sunt
1493 1090 1506 1105 ,,
1528 1063 1638 1108 absque
1640 1064 1770 1106 fastidio.
1788 1066 1822 1099 (π
1841 1064 1959 1099 horrore
1964 1063 2019 1108 su-

1131 1127 1249 1148 mamus
1271 1116 1306 1150 6,·
1326 1117 1523 1148 comedamus«
1560 1114 1690 1150 Eodem
1706 1114 1748 1148 de
1757 1114 1897 1149 articulo
1908 1115 2017 1148 sanxit

1133 1165 1206 1198 Rex
1218 1165 1388 1210 ErVIgius:
1418 1168 1464 1198 De
1475 1163 1547 1208 escis
1562 1188 1572 1204 ‚
1599 1166 1634 1196 id
1644 1163 1682 1204 est
1691 1189 1701 1204 ‚
1712 1165 1750 1197 de
1757 1170 1888 1205 porcim‘s
1897 1165 2020 1196 tantum

1131 1215 1271 1248 carnibus
1280 1239 1291 1255 ‚
1316 1217 1352 1248 id
1360 1213 1488 1258 disi-reta
1499 1225 1550 1248 nec
1559 1216 1676 1257 remiffa
1682 1220 1798 1255 pietate
1809 1215 1994 1247 decernimus
2006 1225 2016 1256 ;

1132 1275 1165 1298 ut
1183 1271 1356 1307 quicumque
1372 1276 1411 1298 ex
1435 1266 1495 1298 illis
1507 1289 1517 1304 ,
1543 1264 1658 1308 utique
1678 1264 1836 1298 converfis
1859 1263 1900 1298 ad
1921 1261 2019 1298 Chri-

1132 1315 1216 1350 stum
1229 1316 1419 1351 Dominum
1429 1314 1544 1359 Judaeis
1555 1338 1568 1355 ‚A
1591 1315 1629 1347 de
1634 1312 1734 1356 suillis
1749 1312 1857 1359 fin-[an
1874 1314 2018 1347 carnibus.

1131 1363 1211 1408 vefhi
1219 1367 1341 1407 penitus
1354 1363 1563 1407 abhorreftunt
1575 1389 1585 1404 ,
1604 1363 1632 1405 fi
1629 1363 1718 1407 sime
1725 1374 1836 1396 natura
1838 1363 2017 1406 fastidiente

1132 1415 1284 1458 refugiunt
1296 1440 1307 1455 ,
1333 1416 1367 1449 (θ’
1378 1427 1435 1447 non
1446 1426 1523 1447 more
1534 1415 1583 1446 illo
1586 1413 1794 1455 perversitatis
1803 1413 1854 1446 hoc
1864 1413 1961 1456 ipsum
1974 1416 2017 1446 di-

1125 1467 1301 1507 judicantes
1311 1473 1503 1497 contemnunt
1514 1489 1525 1503 ,
1544 1462 1719 1505 praesertim
1730 1462 1762 1504 fi
1768 1469 1800 1495 in
1815 1470 1931 1496 caeteris
1944 1469 2018 1505 Ope-
2067 1507 2071 1511 ι

1131 1516 1216 1549 ribus
1229 1513 1524 1555 Christianisfimiles
1535 1512 1702 1546 habeantur
1717 1537 1727 1552 ,
1754 1514 1788 1546 Θ·
1807 1512 2017 1553 Christianita⁴

1131 1571 1173 1598 tis
1184 1564 1222 1598 ab
1233 1571 1276 1598 eis.
1287 1576 1344 1597 non
1354 1563 1485 1605 defuerlt
1496 1572 1600 1597 votum
1618 1586 1629 1602 ‚
1654 1572 1746 1605 atque
1766 1565 1940 1596 omnimodae
1954 1571 2016 1606 ope-

1131 1621 1257 1649 rationis
1261 1614 1396 1656 studium
1415 1626 1422 1645 :
1451 1616 1533 1646 Tunc
1545 1612 1577 1645 bi
1589 1613 1664 1645 tales
1678 1637 1688 1652 ‚
1714 1619 1766 1655 qui
1777 1615 1899 1646 Fideles
1910 1620 1942 1646 in
1952 1614 2018 1646 reli-

1131 1672 1199 1707 quis
1209 1663 1479 1707 conversationibus
1493 1662 1699 1705 approbantur
1708 1686 1720 1702 ,
1739 1671 1801 1705 pro
1809 1661 1932 1706 hacsola
1943 1665 2016 1703 reie-

1119 1715 1222 1748 aione
1237 1713 1400 1758 fitillarum,
1416 1719 1557 1746 carnium·
1573 1714 1617 1746 ad
1630 1713 1787 1754 jadaram
1811 1717 1900 1758 Legis
1922 1719 2016 1747 teneri

1132 1777 1188 1798 non
1202 1773 1354 1808 poterunt.
1392 1765 1482 1808 ,Quia-
1499 1761 1591 1796 valde*
1612 1763 1733 1796 videtur
1747 1770 1886 1806 aequitati
1903 1773 2018 1797 contra-

1130 1821 1209 1848 rium
1231 1839 1245 1856 ‚v
1269 1821 1314 1848 uti
1334 1826 1405 1856 quos
1425 1812 1584 1855 manifesta
1605 1821 1724 1855 operum
1748 1813 1857 1854 Christi
1881 1814 2018 1847 nobilitat

1126 1865 1226 1907 fider,
1247 1873 1309 1906 pro
1320 1862 1384 1907 [ola
1400 1863 1555 1904 relec‘lione,
1577 1869 1666 1896 unius
1688 1863 1744 1896 cibi
1764 1873 1921 1897 teneantur
1934 1874 2017 1897 nota-

1131 1915 1213 1949 biles.
1242 1913 1373 1962 Qibus
1381 1913 1494 1956 aliqua
1502 1912 1618 1946 harum
1630 1912 1865 1947 conditionum
1876 1913 1996 1949 ‹ie-erar
2007 1938 2017 1953 ,

1119 1960 1325 1999 ltenebant‘ur
1336 1963 1378 1998 ad
1390 1964 1552 2007 praefatam
1575 1961 1812 1997 Profeffionem
1830 1964 2017 1998 faciendam

1131 2015 1166 2049 &
1175 2013 1412 2057 exequendam.
1440 2013 1554 2047 Habes
1565 2011 1630 2046 haec
1640 2014 1674 2046 in
1687 2012 1938 2057 Visigotharum
1956 2014 2017 2048 Le-

1129 2076 1210 2109 gum
1224 2063 1353 2098 Codice
1363 2063 1404 2097 ad
1414 2062 1605 2098 duodecimi
1618 2061 1710 2096 Libri
1723 2064 1794 2096 secu
1800 2063 1901 2097 ndum
1913 2065 1946 2098 &
1958 2075 2018 2098 [ει-

1120 2115 1217 2148 'tium
1229 2113 1372 2148 titulum.

1181 2165 1306 2211 Qiarta
1319 2163 1456 2208 quaestio
1473 2163 1518 2197 est
1532 2178 1542 2197 .·
1569 2166 1625 2197 An
1637 2162 1810 2198 primitiva
1831 2164 2018 2208 Disciplina

1129 2214 1223 2249 nullo
1235 2225 1392 2258 umquam
1414 2215 1489 2249 casu
1509 2214 1686 2257 permiserit
1706 2213 1842 2257 jejunari
1862 2215 2018 2249 Domini-

1127 2275 1192 2299 cas.
1230 2264 1428 2307 Respondeo
1453 2265 1487 2297 in
1508 2263 1703 2308 quibusdam
1723 2264 1844 2299 cafibus
1866 2266 2016 2308 permifis-

1129 2315 1169 2348 se.
1196 2314 1379 2349 palmarem
1392 2315 1503 2348 casum
1522 2314 1658 2357 exponit
1671 2315 1796 2348 sanstus
1808 2314 2015 2359 Augustinus

1128 2366 1162 2398 in
1177 2364 1297 2399 Literis
1307 2364 1347 2398 ad
1360 2364 1558 2398 Casulanum
1580 2363 1819 2407 Presbyterum.
1860 2365 2014 2399 Affirmat

1127 2415 1313 2448 Dominicae
1333 2414 1503 2458 jejunium,
1522 2415 1595 2458 post*
1616 2424 1751 2448 exortos
1769 2415 1918 2449 Manetis
1929 2427 2012 2449 erro-

1126 2476 1175 2499 res
1186 2465 1306 2508 caepiffe
1318 2464 1403 2508 apud
1415 2475 1531 2499 omnes
1541 2465 1604 2498 effe
1616 2464 1944 2505 scand‘alofiffimum,
1968 2475 2013 2498 at-

1126 2526 1189 2558 que
1203 2514 1389 2559 subjungit:
1417 2512 1570 2556 Nififhrte*
1581 2515 1694 2556 aliquis*
1703 2515 1824 2547 idoneus
1829 2514 1869 2556 fit
1891 2540 1902 2555 ,
1929 2517 2012 2549 nulla
2029 2513 2157 2553 Epist*86

1125 2564 1281 2606 refellione
1292 2563 1461 2606 interposita
1483 2588 1493 2603 ,
1519 2565 1599 2596 ultra
1622 2563 1840 2597 hebdomadam
1846 2573 2009 2607 perpetua-

1126 2627 1157 2648 re
1177 2617 1330 2656 jeJ'unium
1355 2639 1366 2655 ,
1399 2624 1433 2647 ut
1461 2616 1593 2659 Jeiunio
1625 2616 1830 2658 quadraginta
1855 2617 1970 2647 dierum
1997 2639 2009 2654 ‚

1124 2666 1269 2707 quantum
1282 2670 1436 2706 potuerit,
1463 2670 1681 2706 appropinquet
1703 2677 1712 2706 3
1732 2664 1808 2705 ficut
1825 2666 1940 2706 aliquos
1958 2664 2010 2706 fe-

1123 2715 1186 2758 cisse
1215 2721 1413 2759 cognovimus.
1452 2719 1538 2747 Nam
1571 2716 1605 2748 (⁰5
1626 2713 1780 2756 adipsum
1801 2716 2010 2757 quadragena-

1127 2771 1206 2797 rium
1224 2777 1376 2798 numerum
1403 2765 1569 2807 pervenisse
1590 2765 1740 2806 quendam
1762 2776 1771 2805 3
1798 2766 1818 2795 ᾶ
1844 2764 2009 2797 Fratribus

1114 2822 1115 2825 ’
1118 2814 1183 2857 fide
1210 2816 1379 2858 digm'sfimis
1406 2814 1489 2846 nobis
1510 2815 1705 2856 asseveratum
1723 2813 1768 2853 est.
1808 2815 2009 2856 ,Quemadmo-

1124 2867 1196 2897 dum
1218 2871 1303 2897 enim
1329 2874 1466 2898 veterum
1498 2866 1626 2896 Patrum
1661 2863 1841 2904 temporibus
1862 2888 1872 2904 ,
1899 2863 2009 2907 Moyses

1123 2916 1157 2949 (θ’
1178 2916 1267 2947 Elias
1294 2914 1371 2946 nihil
1394 2916 1496 2946 contra
1522 2912 1745 2946 sabbathorumv
1768 2915 1908 2954 prandia
1926 2914 2010 2955 fece-

1122 2975 1194 2997 runt
1209 2988 1219 3004 ,
1245 2976 1310 2997 cum
1333 2963 1437 2997 diebus
1461 2965 1661 3006 quadraginta
1673 2964 1929 3003 jejeunaverunt:
1958 2969 2010 2997 Ita

1123 3021 1173 3056 qui
1191 3020 1302 3055 poterit
1315 3012 1430 3056 septem
1448 3014 1513 3045 dies
1527 3013 1700 3053 jejunando
1712 3012 1837 3054 tranfire
1849 3039 1859 3054 ‚
1887 3026 1944 3047 non
1948 3013 2010 3056 fibi

1123 3066 1166 3096 ad
1178 3065 1383 3104 ,jejunandum
1401 3064 1483 3106 eligit
1502 3066 1687 3094 Dominicum
1707 3064 1795 3095 diem*
1807 3087 1823 3103 ‚,
1838 3062 1898 3107 sed
1906 3072 1940 3096 in
1965 3070 2007 3097 its

1123 3126 1189 3147 eum
1208 3120 1326 3146 invenit
1354 3137 1364 3152 ,
1390 3124 1462 3155 quos
1474 3114 1694 3153 jejunaturum
1704 3111 1737 3155 se
1755 3119 1842 3146 vovit
1859 3115 2008 3156 plurimos

1123 3166 1194 3196 dies.
1214 3165 1380 3207 jejunium
1398 3168 1601 3194 tamen-etiam
1611 3168 1839 3204 continuatum,
1859 3163 1927 3205 siin
1937 3163 2005 3197 beb-

1123 3214 1247 3246 domade
1266 3211 1442 3254 solvendum
1465 3211 1503 3252 est
1521 3235 1532 3251 ‚
1558 3213 1635 3244 nullo
1655 3220 1859 3256 congruentius
1879 3239 1889 3254 ‚
1914 3216 2008 3256 quam

1125 3268 1272 3295 Dominico
1290 3264 1340 3294 die
1354 3259 1492 3303 solvitur.
1528 3264 1560 3294 51·
1579 3272 1680 3299 autem
1699 3255 1761 3304 post
1787 3263 2006 3296 hebdomadam

1122 3321 1225 3354 corpus
1247 3311 1385 3352 reficitur*
1398 3335 1407 3350 ‚
1444 3323 1500 3344 non
1517 3319 1619 3354 utique
1643 3314 1695 3344 ad*
1704 3314 1913 3354 ,ieiunandum
1939 3316 2004 3347 dies

1125 3368 1293 3396 Dominicus
1316 3362 1433 3404 eligitur
1443 3374 1458 3402 ;
1477 3360 1536 3405 sed
1558 3368 1590 3395 in
1611 3373 1730 3396 numero
1756 3387 1767 3404 ,
1794 3375 1881 3406 quem
1899 3370 2005 3396 voven

187 3406 226 3447 est
235 3418 281 3440 eos
288 3416 343 3449 pro
348 3406 509 3452 suspicione
522 3408 647 3451 Haerefis
668 3409 758 3448 hujus
778 3416 1062 3452 excommunicatos,
1119 3415 1263 3454 placuit,
1299 3417 1469 3444 invenitur..
1510 3411 1553 3444 Et
1581 3413 1676 3446 infra.
1720 3414 1884 3457 ,Quidquid
1902 3423 2004 3446 tamen

186 3457 226 3491 ab
237 3458 322 3500 officio
332 3461 495 3495 omnimode
502 3466 656 3494 removeri.
694 3459 852 3495 Notanda
865 3461 938 3497 sunt
949 3460 1042 3497 verba
1055 3474 1060 3493 :

1115 3459 1219 3505 ³causae
1249 3463 1308 3497 vel*
1330 3461 1499 3503 nectffitatis
1520 3461 1663 3502 exstiterit
1689 3487 1699 3504 ,
1734 3475 1784 3498 cur
1810 3463 1891 3495 bomo
1917 3462 2004 3493 chri—

1888 3510 2003 3550 stimme

2035 2012 2106 2048 Cam.
2116 2022 2121 2038 ι
2130 2016 2156 2040 6.

2034 2061 2093 2087 (κιρ.
2106 2062 2131 2085 7.
