2346 3776
140 790 171 819 L·
191 799 215 818 1·
239 788 306 826 Epi-

139 827 301 862 stolarum,

138 866 250 899 Praefat.

139 1364 223 1404 Epist.
236 1376 277 1403 ¹9-

131 1618 178 1670 ⁸0·
200 1646 243 1673 17·

141 1824 215 1862 Dist-
236 1838 283 1865 74.

138 1876 166 1905 Ε.
190 1881 219 1909 9.

144 2291 265 2328 λψς-7.

152 2627 290 2675 Epist&

405 107 502 156 264

324 189 414 217 more,
430 178 587 211 decedente
599 180 615 211 ἑ
628 184 695 212 vita
708 179 847 221 Pontifice
856 203 865 217 ‚
877 175 1066 217 deferebatur
1078 198 1085 205 .
1112 173 1210 207 Archi-

323 232 487 261 Diaconum
502 235 580 261 em'm
586 227 737 272 fitccedere
743 228 858 271 summo
869 224 1018 260 sacerdoti
1031 249 1041 265 ,
1063 224 1209 264 statutum

322 285 398 312 erat.
425 279 533 312 Veram
544 278 624 313 hunc
634 278 776 322 superbia
787 277 974 310 laborantem
987 276 1140 307 Cornelius
1153 300 1161 313 ,
1176 277 1209 308 (ff

321 327 452 382 §usqam
462 339 584 374 mortem
600 334 800 360 imminentem
826 327 891 359 ciem
913 327 1084 370 cognovtffet
1097 349 1106 363 ,
1126 323 1207 368 Pres-

321 375 454 419 by't'er'um
478 380 620 418 ordinat,
647 389 744 410 omnes
760 375 801 418 fic
829 377 875 409 illi
895 377 939 408 ad
952 374 1127 419 supremam
1149 379 1210 407 Ca-

314 429 466 462 -t'bedram
481 428 683 470 perveniendi
691 425 761 469 spe’s
780 427 950 468 praecidens
971 451 978 458 .
1004 426 1104 458 Hanc
1117 426 1210 458 fuiffe

315 478 577 520 *Novatianenfis
598 476 780 510 schismatis
804 477 945 510 radicem
968 476 1210 509 existimatEu-

323 529 434 572 logius
444 553 451 559 .
481 527 528 560 At
543 538 671 561 certum
683 527 727 560 est
740 538 844 560 errare
859 552 865 558 .
879 526 1010 560 Diserte
1021 527 1110 559 enim
1124 525 1208 568 apud

315 569 504 611 ‘Eusebium
518 577 656 611 testatur
668 579 734 621 ipse
761 578 897 611 Sanctus
911 575 1087 610 Cornelius
1099 576 1212 608 Nova-

322 627 449 660 tianum
468 629 576 661 secum
592 627 651 662 sub
663 622 813 662 Fabiano
827 626 994 661 Pontifice
1020 627 1112 659 fuisse
1123 625 1211 659 Pres-

324 677 476 720 byterum
492 677 685 713 Romanum
700 703 707 710 .
738 678 847 712 Etiam
871 678 1006 713 Sanetus
1029 675 1210 719 Gregorius

314 724 564 769 Laurentium,
592 726 878 772 Archidiaconutn
890 727 1007 766 suum,
1033 727 1140 769 passus
1164 727 1208 760 est

321 777 478 813 rebellem
495 803 506 819 ‚
531 779 674 823 ideoque
697 778 918 812 exauctoravit
942 800 950 808 .
977 776 1022 809 Et
1043 776 1211 810 calamita—

314 837 396 870 -tum
411 854 421 871 ,
448 840 529 873 quas
542 829 677 863 Sanctus
698 828 840 872 Joannes
864 824 1122 870 Chrysostomus
1145 837 1209 870 per-

319 879 398 913 tulit
414 904 425 919 ,
452 879 539 913 bona
573 890 643 922 pars
669 879 834 922 originem
846 878 944 911 traxit
958 887 998 910 ex
1011 875 1114 910 nimia
1125 876 1212 911 Sera-

314 925 432 972 >pionis
457 927 724 962 Archi-Diaconi
750 934 826 972 erga
853 926 1034 970 Episcopos
1069 925 1210 960 advenas

311 978 468 1021 superbia
484 1003 491 1011 .
518 978 631 1024 Qpare
643 978 777 1013 tandem
800 978 994 1022 arrogantiae
1004 978 1132 1020 pertaesa
1144 977 1209 1011 Ro·

319 1039 417 1062 mana
448 1028 593 1062 Ecclesia
617 1027 965 1062 Archi-Diaconatum
978 1028 1070 1061 suum
1091 1027 1208 1061 exstin-

320 1078 370 1110 xit
384 1103 392 1111 .
424 1073 560 1111 FaCtum
573 1077 606 1111 id
623 1078 685 1112 fuit
702 1078 787 1112 inter
814 1078 995 1113 Urbanum
1010 1078 1185 1111 secundum
1200 1102 1207 1116 ‚

313 1130 355 1162 ⁷&
370 1128 600 1162 Alexandrum·
615 1129 766 1162 tertium.
795 1128 848 1161 llli
863 1129 951 1162 enim
966 1128 1060 1161 fuisse
1080 1127 1145 1171 jam
1157 1139 1207 1162 au·

318 1178 464 1214 divimus
483 1179 698 1229 aGuiljelmo
718 1178 1019 1220 Malmesberien'si3
1045 1177 1123 1211 huic
1136 1178 1209 1211 vero

315 1224 389 1264 *non
405 1227 497 1262 fuisse
510 1216 614 1263 Areia}
630 1226 820 1263 Diaconum
833 1254 844 1270 ,
871 1228 959 1262 haud
971 1227 1107 1262 obscure
1117 1227 1210 1261 colli-

320 1280 411 1324 gitur
422 1290 462 1312 ex
475 1278 543 1322 ejus
556 1280 641 1323 apud
656 1280 864 1313 franciscum
875 1279 919 1313 du
932 1277 1063 1312 Chesne
1085 1278 1209 1321 Episto-

319 1330 349 1363 la
365 1353 375 1370 ,
402 1329 534 1363 dicente
548 1330 699 1363 Electum
716 1330 909 1363 Romanum
931 1327 1132 1362 Pontificem
1153 1328 1210 1361 im-

316 1380 463 1414 mantati
478 1404 490 1421 ‚
516 1376 549 1413 id
569 1379 615 1414 est
629 1405 639 1421 ,
666 1378 780 1424 Papali
792 1380 878 1413 veste
890 1378 983 1412 indui
997 1389 1052 1421 per
1064 1377 1209 1412 Priorem

321 1430 590 1470 Diaconorum,
618 1429 707 1472 quod
731 1441 850 1473 nempe
861 1439 942 1462 tunc
969 1426 1210 1461 Archi-Diaco-

320 1490 383 1514 nus
399 1504 409 1519 ,
435 1478 526 1523 cujus
550 1479 585 1512 id
604 1480 693 1513 oiim
715 1480 864 1513 officium
880 1503 891 1517 ‚
916 1479 992 1512 effer
1012 1477 1209 1512 exstinctus.

320 1530 514 1564 Romanam
529 1529 733 1570 Ecclesiam,
760 1528 841 1563 teste
861 1527 998 1563 Codino
1011 1550 1022 1569 ,
1047 1527 1211 1562 Constan—

317 1580 542 1624 tinopolitana
554 1580 616 1614 fuit
629 1580 755 1613 imitata
770 1602 778 1612 .

338 1672 340 1675 v
370 1630 498 1665 Eadem
515 1629 663 1673 superbia
677 1628 835 1663 laborasse
847 1625 1020 1662 Diaconos
1032 1626 1117 1671 apud
1129 1624 1209 1661 Gra·

317 1679 452 1715 tianum
479 1680 624 1723 queritur
647 1679 765 1714 Victor
791 1679 996 1722 Episcopus,
1024 1676 1208 1720 respondet-

320 1742 386 1774 que
414 1731 549 1764 Sanctus
575 1729 722 1763 Gelasius
773 1727 931 1763 Pontifex
959 1741 970 1761 .·
1017 1729 1211 1771 ,Quapropter

322 1788 397 1824 quia
428 1785 540 1813 invitos
562 1781 630 1820 fieri
665 1777 863 1821 Ecclefiasiica
896 1779 1058 1811 moderatio
1080 1801 1091 1818 ‚
1106 1782 1213 1820 gravi-

324 1830 433 1875 tasque
453 1841 511 1863 non
528 1835 650 1873 patitur
676 1853 688 1870 ,
712 1838 748 1862 ut
772 1840 810 1862 ex
837 1828 1001 1862 nolentibus
1022 1827 1104 1869 fiant
1115 1827 1211 1859 volen-

325 1891 372 1915 tes
387 1906 397 1921 ,
430 1880 580 1913 ordinatio
601 1881 653 1913 illa
674 1885 787 1921 poterit
803 1878 967 1921 perficere,
986 1875 1017 1919 fi
1034 1886 1107 1920 quos
1118 1875 1210 1909 babes

322 1933 377 1966 *vel
397 1938 428 1964 in
443 1930 586 1970 Acolythis
599 1953 610 1969 ,
635 1931 688 1963 vel
696 1929 892 1962 subdiaconis
903 1932 1080 1960 maturiores
1094 1934 1185 1960 aetate
1202 1950 1213 1966 ‚

322 1984 359 2017 &r
382 1992 504 2024 quorum
524 1980 564 2024 fit
584 1986 653 2013 vita
673 1979 840 2021 probabilis
853 2003 862 2018 ,
890 1978 942 2010 has
965 1983 997 2010 in
1022 1976 1211 2015 Presbyteru-

325 2042 389 2066 tum
410 2030 536 2073 studeas
558 2034 754 2072 promovere,
780 2038 814 2061 ut
839 2035 891 2070 qui
914 2025 1034 2081 inxsuls
1054 2026 1210 2059 ordinibus

321 2082 462 2125 proficere
475 2082 625 2114 noluerint
639 2103 650 2121 ‚
675 2080 843 2112 reddantur
862 2077 929 2121 suis
952 2076 1141 2118 inferioribus
1158 2084 1210 2118 po-

316 2132 456 2174 steriores
479 2143 488 2172 ·,
516 2128 638 2173 ipsaque
659 2130 809 2162 commoda
834 2127 1001 2166 Presbyteri
1017 2124 1187 2168 propensius
1200 2150 1208 2166 ,

321 2185 418 2224 qutim
441 2184 568 2213 Diaconi
588 2178 825 2222 consequantur:
853 2186 885 2210 ut
896 2176 952 2210 hac
969 2175 1081 2220 saltem
1092 2181 1209 2208 ratione

319 2231 490 2271 confirie‘l‘i,
516 2232 551 2264 ὠ·
576 2230 712 2262 honorem
726 2253 735 2266 ‚
762 2240 847 2270 quem
866 2227 1039 2271 refugerant
1055 2251 1065 2265 ‚
1093 2230 1210 2267 appete-

318 2294 357 2316 rae
378 2287 517 2314 nitantur
549 2282 596 2314 ⁴&
641 2279 812 2322 quaefiam.
853 2277 897 2310 Et
928 2276 1008 2310 hinc
1031 2276 1212 2320 Gregorius

324 2332 475 2377 Magnus
491 2354 502 2370 ‚
527 2329 607 2364 teste
620 2330 747 2374 jo'anne
770 2329 924 2362 Diacono
939 2351 948 2366 ‚
975 2326 1148 2371 egentibus
1157 2325 1215 2359 Ec-

324 2383 428 2416 cleliis
437 2381 520 2414 dans
534 2380 714 2423 Episcopos
727 2379 830 2413 etiam
843 2378 884 2411 de
896 2377 960 2410 suis
970 2375 1214 2416 Cardinalibus‚

329 2434 408 2467 solis
424 2432 587 2465 Diaconis
600 2431 694 2473 'super
706 2428 766 2462 hae
777 2439 810 2461 re
822 2427 968 2471 quodam
993 2426 1095 2460 modo
1108 2436 1216 2469 parce-

327 2482 406 2515 bat:
434 2480 540 2528 Quod
554 2480 669 2521 nempe
683 2478 718 2512 hi
742 2478 858 2511 Romae
879 2479 942 2511 esse
964 2476 1110 2510 Diaconi
1137 2474 1215 2508 mal-

321 2532 399 2567 -lent
412 2554 422 2569 ‚
450 2531 549 2572 quarn
565 2529 644 2562 alibi
658 2529 814 2571 Episcopi
828 2553 835 2559 .

385 2582 437 2614 Ex
451 2579 511 2612 hac
547 2578 695 2621 superbia
708 2599 719 2616 ,
747 2576 826 2610 teste
847 2578 965 2611 Sandto
975 2576 1189 2619 Hieronymo
1201 2599 1211 2616 ,

327 2630 431 2666 etiam
444 2628 680 2674 praesumebant
692 2633 724 2659 in
747 2625 905 2666 domesticis
925 2632 1076 2659 conviviis
1097 2626 1214 2660 benedt-

1011 2705 1110 2714 --·.-—
1116 2711 1127 2713 >⁷
1135 2711 1150 2713 -
1158 2711 1160 2713 .
1167 2707 1199 2714 μ.-

781 90 1081 145 CANONES
1118 89 1418 145 ConLn
1453 80 1707 147 NmAENr‘

1274 174 1382 209 &ones
1404 176 1588 217 Presbyteris
1610 179 1706 219 dare,
1734 189 1795 212 nec
1807 188 1874 212 non
1898 174 1932 211 in
1945 177 2083 214 solemni
2106 180 2150 214 sa·

1274 225 1399 261 crifi'cio
1412 226 1649 263 Eucharistiam
1661 253 1673 270 ‚
1698 228 1836 263 eandem
1850 237 1927 263 ante
1947 229 2148 273 Episcopum

1276 276 1506 312 sacrificantem
1528 279 1652 312 sumere
1672 303 1684 319 ‚
1711 289 1808 322 atque
1833 279 1866 313 in
1889 278 1988 323 pleno
2001 279 2150 313 Ecclefiae

1274 336 1437 371 conventu
1461 328 1546 362 inter
1556 327 1767 371 Presbyteros
1776 328 1900 364 sedete:
1929 329 2014 411 (ξιξ
2035 329 2150 364 omnia

1274 374 1391 411 Canon
1406 378 1514 412 noster
1534 374 1671 423 corrigit
1687 402 1698 418 ,
1722 379 1883 413 definiens
1893 379 1968 414 illos
2008 380 2151 423 resbyte-

1274 425 1482 462 risomnino
1509 425 1700 468 inferiores,
1726 441 1764 462 ac
1787 430 2027 474 Episcoporum
2053 427 2151 463 mini-

1273 474 1353 511 stros
1366 501 1374 510 .
1401 476 1507 513 Addit
1519 503 1530 519 ‚
1558 481 1624 522 ‚Qui
1630 478 1805 521 potestatem
1824 491 1882 512 non
1894 479 2007 514 habent
2031 478 2150 520 offeren-

1273 522 1324 559 di.
1352 525 1537 563 Confirmat
1548 529 1701 573 quintum
1712 528 1877 563 decimum
1891 529 2066 564 canonem
2089 529 2153 573 pri-

1275 588 1332 611 mae
1342 577 1469 621 Synodi
1483 578 1697 614 Arelatensis:
1724 581 1772 613 De
1782 580 1962 624 Diaconibus
1974 605 1986 622 ‚
2011 591 2083 622 quos
2106 590 2150 612 co-

1269 633 1431 670 gnovimus
1451 630 1551 662 multis
1570 631 1639 664 Iocis
1664 628 1783 670 offerre,
1804 630 1919 671 placuit
1943 627 2067 663 minim?
2081 627 2153 672 fieri

1273 678 1394 712 debere.
1422 678 1526 723 Cujus
1543 679 1760 714 intolerabilis
1784 680 1975 724 arrogantiae
1993 679 2152 714 memine-

1274 738 1349 762 runt
1359 728 1459 764 etiam
1470 728 1646 774 vigesimus
1663 730 1798 772 quintus
1822 729 1943 764 Canon
1969 729 2151 764 Laodicen-

1274 778 1334 819 fis,
1361 779 1396 813 ὅ(
1420 779 1580 814 secundus
1602 779 1802 824 Ancyranus
1826 805 1834 812 .
1870 779 1966 828 Quin
1992 779 2027 813 &
2051 779 2152 812 sacra·

1274 830 1449 863 mentalem
1461 831 1693 874 poenitentiurn
1706 829 2032 864 Reconciliationem
2053 827 2095 863 ab
2114 827 2151 861 il-

1274 879 1313 912 lis
1335 889 1527 914 attentatam
1553 880 1688 925 quidam
1713 881 1851 915 credunt
1881 891 1921 914 ex
1951 878 2151 913 duodecima

1275 928 1421 972 Epistola
1444 930 1551 964 Sancti
1566 930 1747 974 Cypriani,
1774 931 1806 964 &
1831 930 1994 975 trigefimo
2006 927 2151 964 secundo

1275 978 1413 1013 Canone
1424 979 1597 1014 Eliberino
1610 1004 1621 1021 ,
1645 980 1687 1017 de
1697 980 1817 1023 quibus
1827 981 1906 1014 alias
1916 1005 1923 1012 .

1323 1029 1463 1064 Ecclesia
1489 1030 1643 1065 Romana
1668 1055 1679 1072 ,
1714 1031 1893 1065 Canonum
1917 1027 2153 1065 observantiffi-

1275 1091 1325 1113 ma
1341 1103 1351 1119 ,
1377 1079 1550 1114 Diaconos
1576 1081 1650 1114 suos
1671 1085 1753 1114 mox
1775 1080 1935 1116 correxit.
1963 1080 2084 1122 Liquet
2109 1089 2152 1113 ex
2169 1086 2305 1129 Epist.85·

1274 1129 1391 1163 Sanno
1402 1129 1531 1173 Hieron
1537 1140 1617 1173 ymo
1630 1143 1637 1163 :
1664 1129 1815 1163 Caeters'cm
1826 1136 1919 1164 ettam
1928 1133 2030 1164 Romae
2047 1136 2080 1163 in
2091 1129 2153 1164 Ec·

1273 1178 1353 1220 clefia
1375 1179 1544 1219 Presbytert
1563 1178 1671 1223 sedent
1693 1204 1704 1220 ‚
1741 1181 1776 1214 ὃ·
1791 1179 1878 1220 stant
1903 1182 2027 1213 Draconi
2047 1203 2060 1222 ,
2083 1180 2151 1214 licet

1272 1231 1423 1271 paulatim
1445 1228 1721 1274 increbrescentibus
1742 1235 1831 1264 vitiis
1850 1235 1930 1263 inter
1943 1229 2152 1271 Presbyteru,

1274 1277 1392 1323 absbntc
1405 1278 1560 1322 Epffcopo‚
1569 1276 1673 1323 sedere
1684 1283 1848 1313 Diaconum
1860 1279 2005 1314 viderim.
2038 1278 2152 1313 Etiam

1276 1330 1307 1362 in
1322 1330 1486 1364 Romanis
1497 1330 1641 1373 Synodis
1654 1329 1806 1364 sedebant
1820 1330 1880 1364 soli
1892 1341 1967 1363 cum
1980 1328 2153 1372 Episcopis

1275 1379 1459 1423 Presbyteri
1482 1405 1491 1420 ,
1519 1380 1665 1415 Diaconi
1688 1391 1774 1414 retro
1797 1380 1980 1424 Episcopos
2003 1378 2153 1413 stabant.

1278 1429 1374 1463 Liber
1385 1429 1595 1466 pontificalis
1605 1429 1671 1464 haec
1684 1429 1783 1464 habet
1794 1430 1835 1464 de
1847 1429 2021 1463 Anastasio
2034 1429 2152 1472 primo.

1276 1483 1330 1512 Hic
1352 1479 1520 1521 constituit,
1546 1488 1580 1513 ut
1599 1476 1833 1523 quotiescumque
1847 1478 1957 1523 sanila
1977 1478 2154 1523 Evangellae

1273 1534 1470 1563 recitarentur
1492 1553 1502 1569 ,
1528 1531 1699 1563 Sacerdotes
1724 1541 1782 1562 non
1801 1528 1941 1572 sederent
1954 1553 1964 1569 ,
1986 1526 2046 1571 sed
2067 1533 2155 1562 curvi

1268 1579 1384 1620 starent
1399 1603 1407 1612 .
1433 1578 1619 1622 Presbyteri
1636 1579 1726 1613 enim
1739 1603 1750 1620 ,
1777 1579 1897 1622 partim
1909 1578 1955 1612 ob
1976 1576 2067 1612 hunc
2089 1577 2155 1612 Ca·

1276 1639 1417 1669 nonem,
1447 1629 1566 1672 partim
1582 1629 1628 1663 ob
1638 1630 1731 1673 supra
1753 1628 1927 1663 memorati
1950 1626 2091 1662 Falcidii
2110 1627 2156 1661 fa-

1276 1689 1366 1713 tuam
1385 1678 1652 1722 praedicationem
1670 1701 1681 1719 ‚
1709 1676 1993 1722 sedere·volebant
2015 1702 2026 1718 ‚
2049 1676 2154 1710 etiam

1276 1728 1496 1775 Evangeliutn
1517 1736 1672 1762 cantante
1692 1727 1851 1761 Diacono
1875 1737 1887 1770 ς
1911 1726 2054 1760 correxit
2074 1724 2153 1760 vero

1279 1778 1464 1812 Anastafius
1476 1802 1486 1819 ,
1512 1777 1627 1812 dicens
1639 1787 1708 1810 non
1720 1776 1897 1818 Diacono,
1925 1775 1978 1810 sed
1999 1775 2154 1810 Domino

1275 1828 1346 1871 Jefu
1372 1826 1509 1862 Christo
1530 1835 1587 1872 per
1615 1826 1685 1871 ejus
1715 1838 1754 1862 os
1775 1837 1847 1861 tum
1873 1825 2024 1871 loquenti
2043 1849 2056 1866 ,
2083 1830 2154 1860 nen

1274 1881 1449 1912 dumtaxat
1476 1877 1704 1924 assurgendum
1729 1899 1740 1919 ,
1766 1877 1821 1912 sed
1847 1877 1881 1912 <Sc
1906 1879 2023 1920 corpus
2049 1875 2156 1910 incur*

1276 1928 1437 1962 vandum.
1465 1927 1575 1971 Hujus
1597 1928 1706 1962 forsan
1730 1927 1798 1962 litis
1817 1926 1956 1961 vitandae
1973 1926 2090 1966 causa,
2115 1924 2154 1959 in

1276 1978 1471 2020 quibusdam
1491 1977 1664 2019 Ecclefiis,
1689 1976 1779 2019 quod
1799 1978 2004 2012 Sozomenus
2021 1974 2155 2016 scribit,

1278 2027 1510 2074 Evangelium‘
1532 2027 1593 2063 soli
1627 2026 1812 2071 Presbyteri
1841 2027 1924 2061 olim
1956 2024 2153 2061 cantabant.

1275 2075 1452 2126 Qitsqbid
1463 2078 1501 2112 sit
1514 2101 1525 2119 ,
1550 2086 1632 2112 tnnc
1646 2078 1762 2112 Romae
1773 2076 1944 2113 inductum
1964 2074 2064 2111 credo
2084 2085 2156 2109 mo—

1278 2137 1343 2163 rem
1357 2127 1517 2174 &Vigilio
1530 2127 1694 2162 Pontifice
1723 2127 1860 2162 relatum
1883 2127 1919 2160 in
1938 2125 2154 2160 damnatione

1279 2178 1429 2219 Rustici,
1454 2178 1487 2211 δε
1507 2177 1685 2212 Sebastiani
1707 2178 1958 2217 Diaconorum‚
1985 2184 2023 2209 ut
2044 2173 2154 2208 nullus

1276 2237 1521 2272 promoveretur
1533 2228 1568 2260 in
1580 2228 1772 2261 Diaconum
1784 2251 1794 2266 ‚
1822 2226 1882 2260 nisi
1901 2224 1993 2260 tastis
2006 2223 2153 2269 Evange-

1278 2278 1330 2313 liis
1342 2277 1554 2321 corporaliter
1563 2276 1683 2319 juratus
1693 2301 1704 2317 ‚
1730 2275 1820 2320 quod
1833 2275 1898 2309 fine
1910 2275 1994 2309 vitio
2005 2298 2017 2315 ,
2043 2273 2154 2318 negle—

1277 2328 1328 2362 &u
1341 2351 1351 2368 ,
1377 2327 1410 2361 &
1431 2326 1578 2371 superbia
1588 2327 1735 2360 officium
1755 2325 1951 2370 compleret.
2042 2333 2045 2335 ’

1327 2378 1502 2411 Canonem
1528 2378 1629 2418 etiam
1657 2377 1691 2409 in
1718 2374 1830 2410 Gallia
1850 2377 2012 2410 servatum
2037 2374 2155 2407 testan-

1275 2436 1328 2462 tur
1363 2426 1517 2470 synodus
1552 2426 1693 2461 secunda
1729 2425 1929 2460 Arelatensis
1954 2449 1965 2464 ,
2000 2422 2157 2467 Andega-

1277 2477 1378 2512 vensis
1406 2500 1417 2518 ‚
1442 2477 1477 2510 ἀ
1514 2475 1711 2522 Agathenfis
1738 2488 1753 2518 ;
1785 2475 1827 2509 de
1851 2473 2016 2509 Orientali
2042 2481 2155 2506 antem

1278 2525 1421 2561 Ecclesia
1447 2526 1547 2561 fidem
1575 2526 1702 2562 faciunt
1738 2525 1862 2560 Canon
1897 2523 2059 2559 Arabicus
2084 2545 2097 2563 ,
2119 2522 2155 2556 ἀ

1277 2578 1482 2612 Trullanus.
1737 2587 1740 2589 ·

816 2770 1669 2830 CANONXIX.

579 2902 617 2949 E
641 2897 910 2948 Paulianistis
935 2896 990 2945 ad
1013 2891 1246 2945 Ecclesiam
1271 2892 1550 2945 Catholicam
1573 2890 1924 2958 confugientibus
1958 2889 2155 2947 definitio

615 2970 784 3039 prolata
809 2968 870 3017 est
890 3004 903 3028 ,
938 2983 986 3016 ut
1008 2967 1285 3034 baptizentur
1309 2966 1572 3015 omnimodis
1596 3000 1608 3013 .
1657 2968 1700 3013 Si
1723 2968 1802 3031 qui
1827 2980 1989 3013 autem
2008 2961 2063 3010 de
2085 2959 2154 3007 his

616 3042 835 3108 praeterito
859 3053 1051 3105 tempore
1078 3037 1234 3085 fuerint
1258 3039 1303 3084 in
1328 3037 1443 3084 clero
1466 3072 1479 3096 ,
1515 3037 1545 3085 fi
1570 3034 1747 3102 quidem
1775 3032 2040 3083 immaculati
2063 3065 2076 3089 ‚
2111 3033 2157 3077 &

618 3104 1005 3178 irreprehensibiles
1029 3109 1327 3174 apparuerint,
1352 3106 1568 3174 baptizati
1590 3103 1843 3155 ordinentur
1865 3103 1922 3152 ab
1942 3098 2158 3168 Episcopo

334 3178 531 3228 Ecclesiae
556 3181 824 3230 Catholicae.
860 3178 995 3247 Qod
1020 3178 1050 3226 si
1075 3176 1268 3226 d'iscuffio
1294 3179 1551 3239 incongruos
1575 3193 1649 3224 eos
1674 3176 1912 3233 invenerit,
1935 3170 2067 3235 abjici
2092 3184 2158 3217 ta-

335 3251 399 3298 les
424 3253 654 3298 convenit.
691 3251 896 3299 Similiter
921 3265 1066 3298 autem
1101 3253 1144 3296 δε
1169 3246 1222 3295 de
1247 3247 1505 3296 Diaconiffis
1530 3283 1543 3307 ‚
1579 3251 1622 3295 δε
1657 3243 1837 3295 omnino
1861 3237 1915 3289 de
1939 3240 2006 3288 his
2029 3276 2042 3300 ‚
2077 3240 2156 3305 qui

336 3318 414 3368 sub
437 3319 581 3380 tegula
605 3319 826 3368 versantur
850 3354 863 3379 ,
900 3321 989 3368 haec
1010 3319 1154 3367 forma
1179 3316 1413 3366 servabitur
1437 3352 1450 3365 .
1499 3318 1778 3366 Meminimus
1800 3326 1944 3360 autem
1969 3308 2022 3358 de
2046 3311 2159 3357 Dia-

335 3386 507 3439 conissis
532 3420 545 3447 ,
580 3401 677 3453 quae
701 3391 748 3436 in
771 3386 923 3437 eodem
949 3389 1102 3438 habitu
1126 3384 1205 3438 esse
1229 3388 1466 3454 probantur
1489 3423 1502 3447 ,
1537 3383 1659 3454 quod
1682 3399 1770 3432 non
1794 3380 1981 3429 habeant
2005 3395 2158 3428 manus

335 3454 657 3529 impositionem
676 3490 692 3522 ‚
726 3460 770 3506 &
792 3455 893 3506 ideo
919 3455 1061 3509 modis
1086 3458 1285 3508 omnibus
1322 3474 1393 3508 eas
1418 3459 1530 3507 inter
1568 3457 1699 3504 laicas
1723 3451 1948 3521 deputari.

1969 3517 2110 3556 SCHO-
