2346 3776
549 61 860 114 senetur,
888 73 966 107 ET
992 71 1185 109 NoT1s
1210 41 1708 113 1LLUST12A51-Uni.

230 148 315 183 {iam
335 156 476 193 magnus
486 144 623 180 Bafilius
643 141 777 176 adducit
788 140 824 174 N
828 141 962 174 icaenu'm
974 140 1112 184 Syn-1120-

235 199 327 239 lum,
351 198 527 232 adfirmans
536 203 672 228 omnem
683 193 772 226 suam
786 190 958 225 Dioecefim
985 193 1017 223 in

62 220 147 261 Epist·
167 225 216 253 ⁶⁰·
235 249 426 292 baptizare,
451 251 548 288 atque
558 242 729 287 adjungit=
755 242 865 275 ΝΜ
877 250 976 273 “utem
997 254 1108 276 'mne‘

234 310 293 343 με
315 301 503 334 vesaniorem
523 293 563 327 ab
587 295 658 327 aliis
679 290 874 335 conscriptam
900 299 1086 332 acceptamus
1098 317 1108 332 ‚

234 359 331 392 neque,
342 344 403 389 ,tpfi
418 350 526 378 mentis
539 343 748 384 nostraefoetus
757 343 826 375 aliis
849 341 1003 374 obtrudere
1022 344 1107 376 aude-

233 407 324 437 mus,
351 406 388 430 ne
410 393 543 428 bumana
565 393 661 427 verba
677 401 824 435 putentur
842 397 969 432 pietatis
993 392 1107 432 verba,

219 447 358 498 [ἅμα
368 447 389 478 ἃ
398 444 518 478 sanc‘t'ts
532 444 679 477 Patribus
691 439 892 484 edofflsumus
903 465 913 480 ,
941 452 976 474 ea
1000 453 1051 474 nos
1063 448 1103 474 in-

227 495 449 539 :arrogantibus
460 496 679 528 adnunciamus
693 517 700 524 .
729 491 831 524 Erant
845 500 925 524 tunc
938 491 1030 533 plura
1053 503 1107 534 per

229 546 405 583 Orientem
416 545 573 588 Symbola
587 569 596 584 ‚
621 543 708 578 edita
720 552 776 585 per
797 540 900 574 varias
918 541 1108 574 Eusebianae

231 595 401 640 praesertim
414 595 564 629 factionis
585 592 758 637 Synodos·,
785 591 909 624 Ariana
936 591 1103 632 quaedam,

230 645 378 689 quaedam
390 643 609 679 Orthodoxa.
639 643 683 676 Et
704 641 774 676 aliae
795 641 944 674 Ecclestae
966 640 1102 683 baptiza-

231 694 356 730 bantin
369 696 459 729 alio.-
483 694 573 738 juxta
585 694 708 727 varium
729 691 777 725 sui
796 690 954 734 Episcopi
980 691 1021 724 de
1041 691 1103 724 fide

229 746 381 780 sensum.
408 744 453 779 Et
486 744 620 777 istorum
641 740 875 786 Symbolorum
900 740 1028 773 nullum
1054 741 1106 773 ad-

231 795 323 829 mitti
342 795 361 829 ὲ
385 795 449 830 suis
469 793 621 827 Ecclefiis
643 792 792 826 adfirmat
812 791 969 829 Bafilius,
997 791 1030 823 ὃ(
1053 790 1099 824 ad·

232 846 285 879 dit
308 857 316 877 2
352 849 459 886 Neque
483 848 594 876 mentis
617 842 720 883 nostrae
733 841 832 883 foetus
858 842 927 873 aliis
952 840 1104 873 obtrudere

227 895 374 928 audemus
388 917 396 925 .
424 892 485 926 Ait
496 894 527 926 se
538 893 626 936 posse
647 892 700 926 sed
714 892 803 925 nolle
827 891 916 924 aliud
935 890 954 923 ὲ
966 891 1103 924 Nicaeno

227 942 425 987 Symbolum
445 953 662 986 componere,
689 942 722 975 &
735 940 871 975 subditis
884 941 1105 974 Ecclefiisim-

226 1003 371 1037 ponere,
396 992 485 1036 quod
501 1004 617 1036 nempe
627 993 682 1025 alii
697 990 911 1032 Patriarchae,
937 989 1101 1030 Exarchi‚

225 1042 451 1086 Metropolitae
469 1067 480 1083 ‚
506 1054 544 1076 ac
569 1043 670 1076 etiam
697 1041 922 1075 Provinciales
949 1041 1102 1084 Episcopi

225 1092 313 1127 istud
335 1101 415 1131 tunc
434 1093 470 1126 &
492 1093 618 1136 possent
632 1117 643 1132 ‚
667 1092 824 1135 &paffim
833 1102 986 1136 agerent.
1014 1091 1102 1124 Nam

224 1142 260 1177 ἀ
273 1152 353 1176 tunc
363 1141 566 1176 Theodorus
576 1142 882 1185 Mopsuestienfium
906 1142 942 1175 in
965 1140 1102 1175 secunda

225 1192 348 1227 Cilicia
360 1190 577 1226 Provincialis
590 1192 770 1236 Episcopus
782 1193 844 1226 suae
853 1191 1003 1225 Ecclefiae
1028 1202 1102 1225 con-

222 1241 312 1276 didit
329 1242 489 1287 fingulare
503 1241 702 1285 Symbolum
713 1264 724 1279 ,
751 1242 786 1275 ὃς
806 1242 912 1284 ipsum
925 1241 994 1274 aliae
1004 1242 1104 1275 etiam

227 1291 379 1326 Ecclefiae
397 1299 627 1333 acceptarunt.
656 1290 731 1324 Nec
751 1290 846 1324 illum
869 1290 910 1324 de
937 1291 1105 1333 potestatis

223 1341 375 1380 excessu,
402 1340 457 1374 sed
479 1339 520 1374 de
535 1340 664 1374 insertis
685 1339 857 1375 dumtaxat
879 1340 1042 1375 erroribus
1053 1340 1103 1375 da-

223 1391 355 1426 mnavit
367 1388 527 1434 Ephefina
539 1389 712 1433 Synodus.
738 1390 785 1425 Et
795 1391 831 1424 in
855 1391 947 1424 sexto
958 1391 1105 1425 adversus

224 1440 418 1477 Nestorium
430 1439 515 1475 libro
527 1440 670 1483 Ioannes
691 1439 884 1480 Caffianus,
909 1439 981 1484 post
1008 1440 1106 1474 addu-

223 1492 276 1525 ἂι
298 1490 399 1526 Sacrae
419 1490 587 1534 Scripturae
604 1489 691 1526 varia
710 1490 922 1527 Testimonia
936 1514 948 1530 ,
972 1491 1078 1536 pergit
1095 1505 1106 1524 .-

113 1569 121 1579 ,
161 1553 169 1583 ;
225 1545 320 1574 Nunc
332 1540 476 1583 adfidem
486 1540 658 1575 Antiochent
678 1540 801 1580 symboli
825 1547 1027 1583 virtutemque
1052 1553 1103 1575 ve-

224 1596 347 1625 niamus
359 1615 367 1622 .
394 1595 431 1623 In
445 1602 506 1633 qua
516 1602 581 1624 cum
594 1589 655 1633 ipse
667 1590 821 1631 Nestorius
831 1591 1007 1633 baptizatus
1023 1590 1060 1632 fit
1072 1603 1107 1624 ac

225 1650 352 1677 renatus
364 1665 375 1681 ,
397 1639 463 1684 suis
476 1652 542 1675 eum
557 1640 778 1683 profi’ffionibus
789 1648 875 1685 argui
887 1666 897 1681 ,
919 1639 987 1684 suis
1013 1648 1107 1674 armis

226 1697 338 1724 conteri·
347 1698 473 1732 oportet.
506 1691 550 1724 Et
562 1691 648 1725 infra
664 1705 675 1724 .-
701 1691 862 1729 Symbolum
871 1703 938 1735 ergo
953 1716 963 1731 ‚
989 1690 1108 1725 baerctt'-

225 1751 260 1775 ce
270 1765 282 1781 ‚
306 1742 392 1781 cujus
400 1738 540 1782 fitperius
577 1749 693 1774 textum
714 1742 846 1774 diximus
859 1766 870 1781 ‚
896 1743 965 1775 licet
980 1747 1107 1775 omnium

226 1788 467 1832 Ecclefiarumfit
479 1814 489 1829 ‚
514 1787 585 1832 qu'r'a
597 1802 658 1823 una
667 1796 796 1823 omnium
803 1792 883 1833 fides
895 1815 905 1831 ‚
914 1793 1107 1833 peculiariter

228 1849 334 1874 tamen
348 1839 534 1873 Antiochenae
544 1840 626 1873 urbis
638 1840 676 1880 est
699 1850 789 1882 atquo
804 1839 951 1882 Ecclefiae‚
961 1842 996 1873 id
1010 1841 1059 1881 est,
1072 1842 1102 1873 il—

224 1891 287 1923 Ir'us
299 1896 331 1923 tn
341 1901 402 1932 qua
410 1898 443 1922 tu
454 1891 565 1929 editus,
578 1897 609 1923 in
620 1902 681 1932 qua
695 1890 861 1931 institutus,
870 1897 902 1923 t'n
913 1903 974 1933 qua
983 1900 1107 1924 renatus

227 1951 271 1974 es.
282 1940 381 1980 Hujus
389 1939 510 1977 symboli
515 1939 596 1980 fides
608 1950 637 1973 te
641 1942 789 1981 perduxit
800 1942 844 1973 ad
853 1940 1110 1982 vitaefontem‚ad

211 1988 334 2033 ‘salutis
360 1995 608 2032 regenerationem
629 2013 639 2029 ‚
666 1991 711 2022 ad
735 1989 931 2028 Eucharistiae
948 1997 1105 2033 gruttam,

224 2041 271 2075 ad
279 2042 398 2072 Domini
407 2046 632 2072 communionem
643 2064 650 2071 .
678 2040 765 2074 Istud
777 2039 975 2082 Symbolum
994 2052 1098 2082 neque

225 2089 402 2123 Nicaenum
425 2088 491 2129 est,
519 2101 579 2123 nec
591 2090 1025 2133 Constantinopolitanum‚
1053 2102 1102 2124 ne-

46 1781 122 1821 Cap.
143 1784 172 1813 6.

222 2149 290 2180 que
303 2137 570 2182 Epiphanianum
581 2164 590 2172 .
618 2139 661 2173 Et
672 2140 805 2181 quidem
817 2152 885 2174 non
900 2141 966 2174 iola
981 2140 1099 2173 Antio-

173 2196 178 2202 ’
220 2186 328 2223 ebena
353 2188 502 2229 Civitas,
529 2189 582 2223 sed
608 2190 718 2233 omnis
744 2190 924 2224 Orientalis
950 2191 1106 2224 Dioecefis

223 2237 352 2272 videtur
362 2238 398 2272 in
409 2239 475 2282 ipsa
488 2240 675 2282 baptizasse.
701 2240 835 2274 Etenim
850 2239 1022 2274 Nestorius
1034 2251 1103 2274 non

223 2285 435 2329 Antiochiae‚
464 2289 517 2323 sed
537 2290 742 2323 Germanicae
763 2291 797 2323 in
823 2290 1003 2324 Eufratefia
1029 2289 1105 2323 Pro-

226 2336 337 2372 vincia
359 2339 422 2372 fuit
443 2348 556 2380 natus,
583 2350 622 2373 ac
647 2350 792 2374 renatus.
821 2341 916 2388 Qid
941 2340 1019 2383 quid
1042 2341 1104 2379 lit,

224 2387 356 2421 constat
387 2389 567 2423 Ecclesiam
589 2388 839 2424 Antiochenam
871 2390 1042 2433 baptizasse
1068 2391 1101 2423 in

226 2436 381 2481 singulari
406 2437 567 2482 Symbolo
589 2464 595 2471 .
633 2439 738 2488 Qod
765 2440 870 2483 ipsum
912 2441 946 2473 in
974 2439 1103 2483 publica

224 2485 468 2520 contestat-ione
479 2512 489 2528 ,
516 2500 579 2532 qua
593 2489 792 2532 Episcopum
804 2491 897 2523 suurn
910 2489 1103 2524 Nestorium

226 2535 422 2574 cumPaulo
434 2537 645 2572 Samosatenfi
665 2538 800 2573 delirare
816 2539 1101 2580 demonstrarunt,

225 2584 401 2620 adfirmant
414 2586 533 2621 Clerici
544 2587 922 2633 Constantinopolitanae
935 2589 1099 2624 Ecclefiae:

226 2639 330 2677 Accipe
361 2639 377 2669 ὀ
398 2635 512 2679 [αηᾶςε
535 2637 609 2680 fidei
635 2640 758 2672 Zelator
783 2664 794 2680 ‚
824 2647 946 2681 partem
987 2652 1100 2682 quoque

219 2733 373 2779 fignamus
387 2760 394 2768 .
421 2736 508 2771 lnter
524 2749 635 2772 caetera
649 2740 695 2772 ita
712 2742 975 2773 concionantur:
1004 2743 1100 2773 Deum

226 2795 335 2818 verum
368 2786 405 2819 de
423 2789 492 2820 ‘Deo
522 2799 593 2821 vero
619 2812 630 2828 ‚
666 2788 940 2831 conficbstantlalem
977 2792 1066 2823 Patri
1089 2815 1100 2830 ,

222 2842 281 2877 per
305 2846 394 2877 quem
397 2833 507 2877 saecula
525 2837 700 2878 constituta,
726 2841 760 2872 (tt
784 2846 883 2872 omnia
900 2839 991 2881 falla
1003 2839 1097 2882 sunt.

226 2886 294 2927 ,Qui
326 2893 449 2927 propter
470 2898 521 2918 nos
558 2887 689 2921 homines
715 2912 726 2928 ‚
762 2891 795 2923 (ff
825 2897 948 2931 propter
975 2889 1099 2929 nostram

220 2931 350 2977 salutem
375 2933 544 2977 descendit,
571 2938 604 2969 <5
625 2947 715 2970 natus
737 2938 775 2979 est
795 2951 833 2972 ex
862 2943 963 2972 Maria
989 2940 1099 2972 sancta

225 2988 367 3028 Virgine,
393 2983 489 3027 &sub
502 2989 605 3018 Pontio
620 2989 716 3020 Pilato
727 2989 884 3030 crucifixus
898 3013 905 3020 .
928 2992 974 3022 Et
984 2991 1098 3032 reliqua

224 3045 295 3076 quae
314 3035 417 3067 ordine
438 3040 470 3067 in
492 3036 540 3068 illo
565 3037 688 3074 symbolo
704 3036 936 3080 consequuntur.
967 3039 1075 3073 Verba
1088 3065 1096 3079 ‚

224 3088 260 3116 an
280 3085 329 3117 illo
348 3084 472 3122 symbolo
493 3109 503 3125 ,
528 3085 594 3119 alte
616 3086 759 3121 clamant
785 3089 889 3130 ipsum
912 3089 963 3122 isti
985 3090 1097 3123 Eccle-

224 3132 275 3167 fiae
300 3134 580 3179 fuiffefingulare.
610 3136 743 3170 Etenim
770 3138 909 3171 Nicaeno
935 3138 1094 3182 Symbolo

224 3181 318 3217 addit
331 3194 442 3218 voces:
464 3182 575 3227 saecula
593 3185 760 3226 constituta.
791 3187 846 3220 Est
860 3190 1001 3221 omnino
1013 3189 1095 3223 istud

225 3232 331 3274 ipsum
342 3234 431 3275 quod
444 3234 592 3277 praedicat
604 3236 744 3279 Ioannes
755 3236 939 3271 Caffianus.
954 3237 1017 3272 Pro
1029 3238 1096 3273 istis

226 3281 363 3318 vocibus
374 3284 439 3326 ipse
452 3284 532 3330 legit
543 3310 553 3325 ,
581 3296 637 3318 aut
650 3286 759 3329 potius
770 3285 787 3318 ὲ
797 3298 900 3330 graeco
911 3288 1092 3322 transtulit:

221 3328 333 3372 [acula
354 3340 561 3378 compaginata
582 3334 683 3378 sunt.
718 3335 862 3370 Proinde
894 3347 1018 3372 certum
1049 3338 1093 3372 est

225 3380 431 3418 orientalem
441 3383 619 3419 Ecclesiam
632 3397 700 3420 non
712 3384 833 3430 ubique
843 3387 877 3420 in
889 3387 1025 3423 Nicaeno
1036 3399 1092 3423 aut

223 3429 597 3477 Constantinopolitano
613 3435 775 3478 Symbolo
795 3435 968 3480 baptizaffe
981 3461 991 3470 .

224 2684 368 2719 doctrina
394 2686 529 2729 Ecclest‘ae
553 2687 741 2722 Antiochenae
766 2714 777 2731 ,
802 2701 894 2732 quam
902 2688 952 2722 hic
977 2690 1033 2723 tibi
1056 2689 1100 2733 as-

322 3480 479 3531 Diffffldt
486 3484 672 3528 symb,Ap‚&
682 3488 816 3519 Nic.T.I.
1102 2706 1120 3511 Ι

1223 140 1422 183 Respondeo
1439 143 1501 176 effe
1512 142 1742 187 distinguenda
1753 155 1898 190 tempora
1911 174 1920 189 ‚
1944 142 2050 192 &10⁹⁰

1173 190 1340 234 quendum
1358 191 1401 225 est
1413 190 1455 225 de
1473 190 1681 226 Orthodoxis
1703 194 1873 230 Ecclefiis.
1902 200 2046 239 Etenim,-

1173 242 1256 274 varia
1271 241 1465 278 Eusebianae
1481 243 1632 276 fastion‘is
1648 243 1729 286 rpost
1739 244 1911 280 Nicaenam
1932 248 2044 292 Syndh

1170 291 1250 325 dum
1262 291 1416 325 Concilia
1425 291 1600 327 ediderunt
1611 293 1698 329 varia
1709 292 1867 336 Symbola
1887 319 1896 334 ‚
1906 298 1940 331 ὅς
1950 300 2038 334 νοτίῃ

1169 341 1311 383 ejusdem
1323 341 1474 384 factionis
1484 343 1582 377 frusta
1596 344 1630 376 in
1641 341 1705 379 hoc
1723 343 1824 377 autin
1854 343 1916 378 isto
1938 346 2039 389 bapti·

1169 401 1302 425 zarunt.
1332 391 1450 425 Errant
1471 401 1580 427 tamen
1601 394 1742 438 graviter
1761 394 1818 435 qui
1843 393 2041 429 laudatum&

1169 441 1295 484 Joanne
1315 440 1468 475 Cassiano
1487 442 1740 477 Antiochenam
1763 443 1959 486 Symbolum
1984 456 2042 488 pu·

1169 501 1239 525 tant
1260 491 1353 533 fuisse
1373 503 1477 525 unum
1498 504 1539 526 ex
1553 493 1621 527 istis
1635 518 1642 525 .
1671 493 1806 528 Etenim
1817 494 1931 528 omnia
1944 495 2042 528 Euse-

1170 540 1343 575 bianorum
1372 541 1586 580 Antiochena
1605 543 1766 586 Symbola
1787 545 1883 578 refert
1896 570 1906 585 ‚
1933 546 1967 579 ἀ
1987 544 2042 579 da·

1169 600 1258 625 mnat
1269 592 1303 624 in
1317 591 1402 626 libro
1412 591 1454 625 de
1465 592 1613 635 Synodis.
1625 593 1761 630 Sant‘tus
1772 592 1970 629 Athanasius
1983 619 1992 634 ,
2005 595 2040 630 ὃς

1167 642 1207 674 de
1227 642 1360 676 illorum
1371 643 1523 685 optimo,
1548 641 1705 682 lieetnon
1717 643 1851 677 damnet
1862 644 1903 677 de
1915 644 2018 680 haereli
2032 657 2040 685 ;

1168 691 1277 724 scribit
1300 692 1333 725 in
1348 691 1434 726 libro
1444 692 1486 726 de
1499 691 1645 735 Synodis
1665 693 1799 726 sanstus
1820 693 1969 728 Hilarius
1990 694 2045 727 Pi.

1167 742 1349 774 c'ravienfis:
1377 741 1568 784 Minusforte
1576 741 1715 786 expresse*
1729 744 1853 776 videtur
1866 745 1903 777 de
1922 744 2041 785 indiffe·

1166 797 1246 823 renti
1258 794 1364 824 Patris
1375 793 1409 829 (tt
1417 791 1476 834 filit
1481 793 1559 835 fides
1571 792 1634 826 haec
1649 793 1700 837 effe
1711 795 1824 827 locuta.
1852 792 1901 827 At
1924 805 2000 827 vero
2021 797 2042 827 a

1167 840 1293 883 Joanne
1321 841 1473 875 Caffiano
1494 842 1671 877 adductum
1697 842 1893 887 Symbolum
1926 842 2042 877 diserte

1168 891 1316 933 praedicat
1338 903 1454 925 vocem
1468 916 1479 931 ,
1501 891 1756 936 Consubstantiale
1768 918 1775 926 .
1802 894 1887 928 Item
1900 892 2042 928 Alardus

1168 940 1298 974 Gazeus
1319 941 1352 974 in
1375 942 1438 975 suis
1459 942 1500 976 ad
1523 942 1620 976 istum
1632 944 1828 987 Scriptorem
1849 943 1959 978 scoliis
1977 944 2045 986 [ine

1168 991 1270 1023 frustu
1299 991 1463 1034 inquisivit
1496 992 1744 1028 Antiochenam
1771 994 1863 1029 istius
1889 990 2045 1037 Symboli

1167 1040 1340 1074 auctricem
1351 1041 1544 1084 Synodum;
1573 1042 1630 1076 Est
1657 1044 1746 1078 enim
1759 1043 1935 1083 Nicaenum
1950 1044 2044 1087 Syrn-

1168 1088 1282 1123 bolum
1296 1114 1307 1129 ‚
1333 1100 1370 1124 at
1386 1093 1518 1125 auitum
1528 1092 1628 1126 variis
1638 1094 1890 1138 additamentis.
1919 1094 1975 1127 An
1987 1105 2044 1137 pet

1166 1140 1312 1180 aliquam
1337 1140 1510 1183 Synodum
1526 1166 1536 1181 ‚
1560 1154 1602 1176 an
1624 1154 1679 1185 per
1700 1139 1845 1185 aliquem
1869 1143 2044 1184 dumtaxat

1168 1188 1388 1224 Patriarcham
1398 1191 1459 1225 fint
1471 1193 1696 1237 factajgnoro.
1706 1193 1860 1228 Omnino
1873 1194 1952 1228 facta
1965 1194 2045 1227 sunt

1167 1240 1338 1274 adversum
1350 1240 1514 1283 Arianos,
1541 1242 1612 1285 post
1626 1243 1734 1278 Sancti
1748 1243 1887 1279 Eustatii
1907 1243 2045 1279 Patriar-

1167 1289 1233 1323 chae
1245 1291 1465 1325 extrufionem
1477 1292 1679 1336 singulariter
1688 1294 1845 1338 grassatos
1863 1294 1897 1327 in
1911 1293 1969 1328 ista
1981 1295 2045 1328 Ec·
2278 1299 2279 1302 ’

1168 1341 1258 1374 clelia
1274 1366 1280 1373 .
1308 1342 1351 1375 Et
1362 1341 1451 1383 quod
1465 1352 1555 1376 extra
1565 1342 1739 1386 Synodum
1760 1344 1928 1387 potuerint
1940 1344 2045 1378 condi
2146 1363 2148 1365 >
2183 1347 2237 1391 ᾩ»

1170 1402 1222 1434 per
1233 1389 1457 1426 Patriarcham
1467 1392 1626 1427 evincunt
1647 1393 1755 1429 Sanilzi
1778 1393 2045 1428 Bafiliitestirno·
2208 1392 2210 1394 ’

1170 1442 1261 1474 nium
1275 1465 1287 1481 ,
1299 1453 1337 1476 ac
1348 1442 1469 1475 fastum
1482 1440 1895 1486 Theodori-Mopsuesteni
1910 1469 1916 1476 .
1939 1443 2046 1491 Qod

1169 1491 1232 1524 toti
1254 1489 1472 1526 Antiocheno
1492 1490 1731 1526 Patriarchatui
1755 1504 1824 1527 non
1847 1493 1943 1527 fuerit
1956 1493 2047 1527 Uni-

1171 1541 1289 1575 versale
1315 1565 1326 1581 ‚
1359 1540 1532 1575 fortiffime
1558 1542 1694 1576 suadent
1716 1542 1839 1577 dictum
1869 1541 2048 1578 Theodori

1170 1591 1387 1634 Symbolum,
1414 1603 1476 1626 nec
1495 1603 1564 1626 non
1585 1594 1620 1627 &
1641 1592 1731 1627 aliud
1753 1593 2049 1628 adductumaSan-

1169 1643 1221 1675 {to
1234 1639 1443 1684 Epiphanio.
1472 1641 1561 1676 Nam
1573 1643 1607 1678 &
1620 1642 1768 1678 ,secunda
1783 1644 1903 1678 Cilicia
1934 1645 1967 1678 &
1981 1643 2049 1687 Cy-

1172 1692 1217 1734 pri
1241 1691 1343 1724 insula
1363 1702 1454 1725 erant
1475 1691 1567 1726 istius
1584 1691 1825 1727 patriarchatus
1837 1693 2018 1727 Provinciae
2034 1719 2043 1726 .

1173 1741 1222 1774 Ex
1243 1740 1293 1774 his
1307 1741 1537 1776 interimlucet
1551 1767 1561 1782 ,
1588 1742 1679 1787 quod
1700 1744 1820 1787 quaevis
1840 1754 1920 1778 tunc
1933 1744 2044 1778 Eccle-

1171 1792 1212 1824 lia
1223 1815 1233 1830 ‚
1250 1790 1325 1824 licet
1338 1804 1404 1826 non
1417 1793 1435 1825 ὰ
1447 1793 1537 1826 sensu
1551 1794 1718 1836 ‚potuerit
1728 1804 1839 1828 tamen
1851 1794 1892 1828 de
1906 1794 2047 1828 Nicaenae

1173 1841 1248 1875 fidei
1261 1841 1366 1874 verbis
1376 1842 1538 1876 discedere
1550 1866 1560 1882 ‚
1587 1844 1620 1876 ὃς
1633 1845 1697 1876 suis
1708 1843 1965 1878 Catechumenis
1978 1857 2049 1886 pro·

1173 1891 1276 1934 prium
1303 1891 1501 1931 Symbolum
1527 1893 1668 1927 formare
1689 1918 1700 1934 ‚
1728 1905 1764 1927 ac
1791 1894 1931 1928 tradere.
1955 1894 2046 1928 Nam

1171 1941 1259 1984 quod
1281 1941 1381 1976 etiam
1404 1941 1777 1987 Constantinopolitana
1805 1944 1846 1978 ad
1868 1945 2046 1978 Nicaenum

1171 1990 1367 2033 Symbolum
1389 1991 1611 2026 additamenta
1634 2005 1702 2026 non
1724 1994 1784 2027 smt
1807 1994 1961 2033 inducta,
1991 1994 2046 2028 sed

1169 2040 1402 2075 tantummodo
1424 2042 1579 2084 probata,
1605 2055 1643 2076 ac
1655 2043 1780 2077 firmata
1802 2055 1856 2086 per
1877 2044 1976 2077 istum
1988 2044 2047 2086 Sy-

1169 2091 1295 2124 nodum
1317 2114 1327 2130 ,
1365 2091 1454 2134 quod
1482 2092 1542 2127 sint
1562 2092 1691 2128 inducia
1710 2094 1728 2127 a
1754 2093 1968 2138 singularibus
1990 2105 2047 2139 per

1168 2141 1342 2175 Orientem
1356 2140 1546 2185 Episcopis,
1573 2143 1632 2176 suo
1654 2143 1731 2176 loco
1750 2142 2043 2177 demonstrabitur.

1169 2192 1212 2225 Et
1248 2190 1307 2224 ista
1334 2191 1468 2226 licentia
1495 2192 1622 2226 duravit
1649 2194 1750 2235 usque
1777 2194 1818 2227 ad
1842 2193 2046 2237 Ephefinum

1167 2241 1359 2275 Concilium
1375 2265 1387 2282 ,
1413 2242 1448 2275 in
1476 2253 1543 2284 quo
1570 2242 1615 2276 ob
1636 2241 1862 2278 Theodofiani
1890 2243 2044 2287 Symboli

1167 2289 1383 2335 blasphemias
1402 2292 1515 2326 offensi
1536 2291 1649 2327 Patres
1677 2294 1791 2328 omnia
1816 2304 1925 2336 praeter
1938 2294 2044 2328 Nicae-

1169 2352 1246 2375 num
1259 2365 1270 2381 ,
1297 2343 1349 2377 seu
1364 2341 1772 2386 Constantinopolitanum
1785 2343 1944 2387 Symbola
1972 2356 2042 2388 pro·

1169 2391 1378 2433 scripserunt,
1404 2392 1579 2435 acinsuper
1592 2393 1782 2437 rigidissime
1794 2403 1969 2428 vetuerunt
1992 2394 2042 2428 illi

1167 2441 1335 2484 quidpiam
1359 2442 1453 2475 inseri
1474 2467 1484 2482 ,
1524 2442 1601 2476 addi
1629 2467 1639 2482 ,
1663 2453 1719 2478 aut
1741 2443 1866 2478 detrahi
1888 2469 1899 2485 ‚
1926 2455 1967 2479 ne
1990 2444 2043 2478 vel

1166 2502 1265 2524 unam
1279 2503 1395 2525 vocem
1407 2516 1414 2524 .
1442 2492 1486 2525 Et
1508 2492 1628 2526 exinde
1655 2504 1772 2527 omnes
1783 2494 1968 2528 orientales
1982 2495 2043 2530 Ec-

1165 2541 1266 2576 clefiae
1291 2542 1325 2575 in
1353 2541 1730 2585 Constantinopolitano
1757 2543 1919 2586 Symbolo
1943 2544 2043 2587 bapti-

1165 2603 1236 2624 zare
1260 2591 1465 2632 debuerunt,
1494 2604 1531 2626 ac
1552 2592 1693 2627 omnino
1713 2593 1938 2637 baptizarunt.
1967 2595 2042 2629 Nec

1164 2641 1252 2674 aliud
1287 2642 1404 2675 volunt
1426 2641 1564 2676 addusta
1590 2655 1631 2676 ex
1659 2643 2042 2686 Constantinopolitanis

1163 2690 1305 2734 Synodis
1333 2691 1561 2726 Testimonia.
1589 2692 1694 2726 Aliud
1725 2695 1814 2727 enim
1837 2705 1904 2727 non
1930 2694 2041 2727 volue-

1162 2741 1370 2775 runtlaudati
1383 2741 1479 2777 isthic
1491 2743 1645 2785 Episcopi
1659 2753 1714 2776 aut
1730 2742 1891 2778 Monachi
1904 2767 1915 2783 ,
1942 2744 2040 2784 quam

1163 2792 1192 2824 se
1206 2791 1387 2835 baptizatos
1397 2792 1459 2825 effe
1472 2816 1481 2832 ‚
1509 2794 1543 2827 &
1556 2792 1719 2835 baptizare
1745 2793 1780 2825 in
1797 2794 1934 2828 Nicaeno
1947 2793 2040 2837 Sym-

1162 2841 1239 2876 bolo
1266 2866 1277 2881 ‚
1305 2844 1400 2876 auito
1421 2853 1475 2884 per
1501 2842 1906 2884 Constantinopolitanam
1935 2844 2039 2886 Syno-

1161 2891 1238 2924 dum
1251 2915 1261 2930 ‚
1287 2892 1321 2925 &
1344 2892 1542 2925 confirmato
1560 2903 1614 2934 per
1632 2890 1825 2934 Ephefinam
1853 2894 1886 2928 &
1902 2892 2040 2927 Chalce-

1160 2940 1356 2974 donenscm.
1389 2941 1491 2988 Qod
1504 2941 1623 2984 quaevis
1643 2952 1722 2974 tunc
1737 2941 1880 2976 Ecclefia
1893 2967 1910 2983 ‚.
1929 2943 2036 2977 immo

1158 2991 1190 3023 &
1215 2990 1325 3031 quivis
1357 2987 1536 3034 Episcopus
1561 2991 1704 3033 potuerit
1725 2992 1886 3034 Symbolo
1910 2993 2037 3037 aliquid

1159 3039 1296 3079 addere,
1323 3041 1429 3083 palam
1442 3042 1610 3083 profitetur
1631 3041 1667 3074 in
1687 3041 1801 3076 litteris
1820 3043 1861 3078 ad
1872 3043 2036 3080 Tarsenfis

1160 3090 1306 3123 Ecclefiae
1333 3091 1469 3124 Clerum
1495 3089 1640 3133 Magnus
1660 3091 1816 3126 Bafilius.
1845 3093 2037 3128 Redeuntes
2101 3135 2105 3139 .

1160 3140 1198 3172 ad
1227 3140 1401 3174 Ecclesiam
1428 3139 1692 3174 Macedonianos
1719 3142 1853 3176 mandat
1879 3143 2034 3187 compelli
2054 3133 2209 3173 EP¹st120³v

1160 3189 1199 3222 ad
1219 3190 1324 3223 solum
1360 3190 1535 3222 Nicaenum
1559 3190 1754 3233 Symbolum
1776 3217 1787 3232 ‚
1817 3193 1942 3228 nullam
1966 3193 2035 3236 ejus

1159 3239 1335 3275 distionem
1357 3239 1576 3282 omittendam
1595 3264 1606 3280 ,
1631 3240 1665 3275 δι
1686 3241 1875 3278 addendum
1899 3245 1943 3276 illi
1960 3243 2034 3287 fidet·

1162 3292 1180 3321 5
1177 3294 1303 3330 pitirum
1317 3289 1465 3324 Sanc‘lum,
1479 3291 1602 3323 minim)
1611 3291 1768 3332 dicendum
1779 3293 1830 3335 effe
1844 3303 2012 3327 creaturam
2025 3318 2033 3325 .

1158 3338 1258 3386 Qod
1282 3339 1388 3381 ipsum
1410 3338 1575 3389 scribit-in
1597 3341 1804 3376 antecedenti
1829 3343 1870 3377 ad
1892 3342 2034 3377 eundem

1159 3389 1292 3422 Clerum
1313 3388 1459 3432 Epistola
1482 3401 1489 3420 ε
1527 3389 1630 3436 Qod
1653 3402 1771 3436 nempe
1796 3393 1932 3427 Nicaena
1954 3392 2034 3425 fides

1157 3438 1195 3473 de
1218 3438 1340 3482 Spiritu
1365 3438 1483 3475 Sancto
1509 3450 1578 3474 non
1604 3440 1683 3475 estet
1708 3441 1754 3478 ob
1786 3443 1930 3478 rationes
1958 3441 2033 3476 satis

1575 3487 1609 3524 A
1636 3502 1657 3528 a.
1861 3490 1984 3536 expres}
