2346 3776
628 55 931 120 Scironis,
966 43 1239 109 irruons
1274 51 1649 107 niustria-fit·
1864 66 1994 125 2325&

1160 158 1238 182 cum
1248 143 1495 194 omni-Synodo
1505 144 1680 187 respondet
1688 140 1879 185 affirmative
1886 175 1894 184 .
1912 150 2054 198 Agnus

1161 196 1197 232 hi
1218 198 1373 233 Canones
1393 195 1435 231 de
1456 194 1524 230 sola
1545 194 1784 239 Episcoporum
1803 200 1955 236 Romana
1966 201 2036 246 Ap·

1160 247 1359 292 pellatione,
1386 258 1458 281 non
1469 244 1560 288 quod
1571 256 1609 280 ea
1620 248 1747 290 privent
1760 247 1892 283 Clerum
1904 252 2036 286 inferion

1159 310 1248 340 rem,
1276 297 1331 332 sed
1351 295 1443 346 quod
1460 296 1601 336 istorum
1620 295 1724 335 ¹solam
1737 296 1913 337 Eusebiani
1933 301 2038 346 impu·

1157 357 1314 394 guarent‘

216 159 318 200 magls
327 177 338 194 ,
363 162 398 187 ut
408 156 441 186 in
453 146 657 193 Ecelfiastms
664 158 757 193 atque
766 149 886 186 divinis
896 147 1068 192 observetur
1080 172 1094 190 ,

217 206 305 240 debet
310 204 470 247 provideri
480 224 490 233 .
1010 224 1013 227 ,

269 255 382 303 Qare
390 252 474 288 teste
490 259 586 296 rogat
598 247 808 285 Gaudentius
822 249 1004 293 Episcopus
1013 274 1025 291 ,
1050 260 1094 284 an

218 305 287 341 haec
299 306 411 339 locum
423 300 568 338 habeant
587 301 689 336 etiam
702 301 738 334 in
754 299 896 339 secunda
918 299 1072 335 instantia
1083 323 1095 340 ‚

218 357 367 396 factaque
387 351 528 388 secunda
549 349 769 395 appellatione
790 350 810 384 a
828 349 954 393 judicio
970 361 1026 393 per
1037 350 1095 384 Pa-

218 416 296 450 pam
306 403 347 439 nd
356 404 502 451 primurn
513 400 751 439 retraetandum
761 399 915 449 delegato
927 400 945 437 ἓ
971 400 1094 436 Hosius

772 562 1533 666 CA'NONVJ

457 758 585 808 ofius
621 753 858 825 Episcopus
879 751 993 802 dixit
1018 772 1031 803 ε
1068 753 1241 802 Placuit
1263 790 1277 815 ‚
1313 769 1363 802 ut
1393 753 1427 804 fi
1453 754 1553 821 quis
1587 753 1827 822 Episcopus
1866 754 2039 817 delatus

493 828 623 878 fuerit
643 864 658 888 ,
692 829 735 877 &
757 825 1008 888 congregati
1029 822 1216 889 ejusdem
1240 826 1428 887 regionis
1439 822 1643 892 Episcopi
1666 842 1764 874 eum
1789 823 1924 888 gradu
1948 842 2042 874 rno-

492 900 635 948 verint
655 934 669 958 ‚
705 901 748 946 &
771 896 908 945 veluti
931 895 1154 962 appellans
1178 895 1422 958 confugerit
1445 894 1499 944 ad
1525 894 1809 944 beatissimum
1833 900 2044 944 Romanae

349 972 360 979 “
491 967 689 1019 Ecclesiae
721 964 983 1034 Episcopum
1017 1001 1032 1028 ,
1080 968 1123 1025 δι’
1155 965 1263 1013 velit
1288 963 1424 1032 ipsum
1448 964 1597 1015 audire
1619 1003 1633 1027 ‚
1670 971 1712 1015 δε
1734 965 1906 1032 J‘ustum'
1926 963 2043 1020 effe„

215 1039 527 1088 existimaverit
552 1044 641 1104 ejus
665 1040 727 1087 rei
761 1036 1124 1101 examinationem
1161 1037 1359 1088 renovari
1384 1072 1397 1095 ,
1435 1034 1719 1107 Coepiscopis
1756 1035 1938 1088 scribere
1973 1034 2042 1084 di-

216 1108 422 1172 gnabitur
443 1145 457 1170 ,
492 1107 691 1176 quisunt
710 1107 948 1179 propinqui
972 1106 1211 1154 Provinciae
1232 1141 1246 1166 ‚
1295 1121 1343 1155 ut
1379 1106 1459 1172 ipsi
1496 1105 1728 1168 diligenter
1762 1111 1806 1155 δε
1840 1106 2045 1155 accurate.

215 1179 380 1242 singula
403 1177 742 1246 perscrutentur,
777 1182 821 1226 δε
844 1195 896 1226 ex
908 1177 1104 1230 veritatis
1127 1173 1212 1224 fide
1237 1173 1293 1223 de
1317 1193 1363 1227 re
1387 1175 1645 1226 sententiam
1671 1176 1834 1228 ferant.
1870 1179 1912 1225 Si
1941 1178 2044 1243 quis

215 1265 363 1298 autem
388 1249 574 1319 postulet
599 1248 718 1297 suum
742 1250 967 1311 negotium
992 1245 1132 1298 rursus
1158 1244 1296 1293 audiri
1319 1283 1332 1306 ,
1367 1251 1411 1298 δε
1447 1245 1504 1296 ad
1528 1245 1644 1294 suam
1681 1245 2043 1315 supplicationem

216 1323 515 1369 Romanorum
539 1318 802 1389 Episcopum
825 1315 1022 1383 judicare
1035 1314 1176 1368 visum
1203 1315 1331 1367 fuerit
1354 1353 1369 1381 ,
1406 1333 1454 1365 ut
1492 1314 1516 1367 a
1555 1320 1731 1384 proprio
1768 1318 1901 1368 latere
1926 1315 2045 1366 Pres-

217 1389 397 1458 byteros
420 1391 570 1439 mittat
595 1410 608 1447 3
643 1392 726 1438 erit
749 1391 797 1437 in
820 1387 1032 1459 potestate
1056 1385 1183 1453 ipfius
1207 1383 1515 1453 quodcumque
1540 1388 1652 1438 recte
1694 1386 1852 1436 habere
1889 1387 2048 1454 proba-

209 1462 330 1510 -verit
354 1496 367 1507 .
404 1463 464 1510 Et
487 1459 519 1507 fi
543 1458 782 1511 decreverit
805 1494 819 1521 ‚
855 1472 1054 1524 oportere
1080 1472 1153 1505 eos
1180 1458 1302 1503 mitti
1328 1493 1341 1516 ,
1378 1460 1456 1523 qui
1484 1474 1584 1504 cum
1612 1454 1839 1525 Episcopis
1877 1456 1959 1504 sint
1984 1462 2050 1521 J‘u-

215 1519 440 1587 dicatur'i‘,
469 1529 684 1578 habentes
709 1528 1010 1578 auctoritatem
1034 1529 1123 1590 ejus
1149 1561 1161 1585 ,
1198 1523 1223 1576 ὲ
1261 1544 1352 1592 quo
1376 1526 1485 1577 miffi
1511 1525 1608 1573 sunt
1632 1546 1645 1584 3
1682 1530 1724 1577 δε
1762 1525 1846 1575 hoc
1886 1544 2051 1594 ponen-

214 1598 322 1647 dum
346 1597 408 1646 est
431 1633 444 1647 .
493 1600 536 1646 Si
561 1613 706 1647 autem
743 1596 932 1645 sufficere
959 1598 1178 1662 putaverit
1215 1594 1272 1642 ad
1310 1599 1370 1644 rei
1408 1598 1705 1659 cognitionem
1729 1633 1742 1655 ‚
1779 1601 1822 1644 &
1847 1595 2052 1666 Episcopi

216 1667 475 1718 sententiam
501 1703 515 1729 ‚
552 1667 684 1720 faciet
707 1665 830 1733 quod
855 1664 1181 1732 prudentiffimo
1209 1669 1297 1730 ejus
1325 1666 1504 1714 consilio
1533 1666 1644 1714 redte
1686 1665 1844 1715 habere
1881 1665 2052 1717 videbi-

217 1754 290 1788 tur
315 1775 328 1786 .
364 1735 695 1804 Responderunt
719 1735 925 1805 Episcopi
950 1755 964 1785 :
1003 1740 1111 1805 Qae
1135 1733 1249 1784 dicta
1287 1734 1382 1801 sun-t
1407 1773 1421 1797 ,
1458 1737 1737 1807 placuerunt.

437 1899 870 1946 SCH-OLION.

296 2046 398 2081 Rima
412 2045 565 2080 Canonis
575 2057 647 2090 pars
657 2047 704 2081 est
716 2045 758 2081 ad
771 2044 955 2081 Gaudentii
976 2046 1106 2089 scrupu-

321 2096 390 2130 lum
402 2096 566 2140 responsio
577 2122 587 2138 ‚
613 2108 711 2141 quam
722 2096 863 2141 proinde
889 2096 923 2130 ὅτ.
943 2097 1043 2140 prima
1071 2096 1104 2129 ἀ

218 2146 365 2181 :secunda
388 2147 491 2179 latina
511 2146 617 2181 editio
641 2158 807 2191 perperam
817 2147 973 2180 differunt
997 2146 1029 2179 in
1042 2146 1102 2179 Ca-

218 2207 347 2230 nonem
362 2196 538 2239 septimum
548 2221 556 2229 .
585 2196 702 2231 Altera
714 2208 786 2240 pars
794 2197 932 2240 exponit
946 2195 1082 2229 modum
1093 2220 1102 2235 ‚

218 2245 240 2280 ὶ
262 2246 351 2280 tertii
375 2246 527 2280 Canonis
538 2256 627 2289 parte
648 2243 817 2290 posteriori
839 2246 922 2280 tradi
935 2256 1079 2288 coeptum
1094 2270 1103 2285 ,

218 2306 290 2340 quo
313 2296 486 2330 Romanus
497 2296 678 2340 Episcopus
691 2297 788 2331 factas
809 2297 849 2329 ad
871 2297 903 2330 se
914 2295 1104 2339 appellatio-

218 2356 280 2380 nes
306 2345 458 2390 suscipiat
513 2346 548 2380 &
572 2357 753 2390 exequatur
782 2372 790 2379 .
830 2345 997 2381 Postrema
1019 2370 1030 2386 ,
1057 2346 1103 2379 in—

216 2406 318 2440 quam
330 2420 341 2436 ‚
365 2396 457 2430 tertii
471 2395 621 2430 Canonis
631 2408 702 2440 pars
724 2397 794 2430 vult
812 2397 982 2440 appellatae
1003 2397 1104 2430 causae

219 2446 481 2479 retraaatorium
491 2446 656 2488 judicium
666 2446 809 2490 delegari
831 2457 889 2479 aut
901 2447 1016 2480 vicinat
1027 2445 1103 2479 Pro-

224 2492 340 2527 vinciae
352 2494 491 2536 Synodo
504 2519 515 2534 ,
539 2506 596 2528 aut
608 2495 694 2529 datis
706 2495 947 2540 Cogniroribus
957 2520 968 2535 ,
995 2496 1103 2529 noster

221 2542 301 2578 vero
311 2546 352 2577 de
363 2543 538 2577 Pontificis
552 2545 650 2579 latere
660 2545 760 2589 legari
785 2546 957 2580 Romanos
965 2544 1104 2588 Presby-

221 2603 310 2627 teros
323 2617 334 2632 ,
360 2594 417 2637 qui
442 2604 500 2627 aut
513 2594 597 2634 soli,
620 2605 679 2628 aut
691 2606 767 2629 curn
777 2596 909 2629 alterius
920 2595 1104 2629 Provinciae

221 2643 337 2677 vicinae
347 2640 519 2686 Episcopis
537 2645 668 2678 causam
679 2647 882 2690 cognoscant
908 2646 942 2679 &
965 2646 1100 2680 finiant.

217 2693 303 2726 Haec
329 2691 447 2736 nempe
468 2694 515 2728 est
543 2695 634 2729 tertia
666 2706 707 2729 ac
734 2695 896 2738 postrema
922 2696 1078 2729 instantia
1090 2719 1100 2735 ‚

223 2754 323 2786 quam
337 2742 467 2785 provide
478 2767 489 2784 ,
517 2755 559 2778 ne
570 2745 604 2778 in
616 2745 785 2779 infinitum
796 2746 975 2789 appelletur
988 2769 998 2785 ‚
1026 2745 1102 2779 solis

220 2793 338 2825 vicinae
361 2791 543 2828 Provinciae
567 2795 740 2839 Episcopis
775 2796 842 2829 fine
870 2796 1099 2830 Romanorum

220 2841 490 2885 Presbyterorum
510 2843 694 2879 adfistentia
705 2844 826 2878 Canon
846 2857 915 2879 non
928 2845 1031 2880 credit
1042 2870 1050 2877 .

274 2892 391 2926 Gravis
402 2891 449 2924 est
461 2892 596 2935 quaestio
609 2918 620 2934 ‚
643 2905 686 2928 an
696 2895 894 2938 appellatam
906 2896 1035 2930 causam
1063 2907 1100 2929 ac

223 2942 293 2984 ejus
302 2942 455 2985 personas
465 2941 624 2977 Pontifex
635 2952 784 2979 teneatur
793 2945 907 2989 aliquo
930 2945 1033 2979 modo
1059 2956 1100 2979 ex

220 2991 318 3026 dietis
328 2991 477 3035 delegare
488 2992 521 3025 in
535 2992 676 3035 partibus
686 3019 698 3036 ,
722 3006 828 3038 neque
839 2995 934 3037 poffit
956 2996 1098 3029 Romam

223 3041 266 3075 ad
277 3042 371 3075 suum
388 3041 534 3075 tribunal
544 3054 700 3078 evocare:
726 3043 783 3077 'An
798 3044 883 3078 istud
894 3045 930 3078 fit
940 3044 1098 3080 statutum

224 3090 321 3134 hujus
333 3088 504 3125 Canonis'?
531 3090 717 3128 Affirmavit
725 3105 805 3128 cum
817 3096 870 3129 sua
881 3095 1019 3138 Sy'nodo
1032 3096 1100 3128 Au-

222 3142 322 3175 relius
334 3140 597 3186 Carthaginenfis
618 3142 799 3187 Episcopus
810 3168 821 3184 ,
844 3155 923 3178 cum
945 3145 1096 3179 Romana

226 3190 369 3225 Ecclesia
390 3191 597 3226 contendens
614 3192 658 3227 de
681 3194 732 3227 sui
753 3194 917 3229 inferioris
927 3195 1097 3237 praesertim

226 3239 314 3274 Cleri
329 3241 372 3275 ad
384 3242 485 3285 ipsam
497 3242 714 3286 appellatione
726 3267 737 3283 ,
763 3243 807 3276 ita
818 3244 854 3277 in
866 3244 954 3277 sexta
966 3243 1100 3279 Cartha-

224 3289 349 3334 ginenfi
360 3291 498 3334 synodo
509 3304 585 3326 cum
597 3292 754 3326 Faustino
766 3292 948 3327 potentino
968 3295 1101 3338 Episco-

227 3350 270 3382 po
285 3363 294 3378 ‚
305 3338 503 3382 Apostolicae
514 3342 603 3377 Sedis
622 3342 752 3387 Legato
762 3367 773 3383 ,
784 3343 908 3377 servare
918 3343 1099 3387 stipulatus,

221 3390 397 3432 quousque
403 3402 445 3425 ex
455 3392 528 3426 aliis
538 3392 811 3427 patriarchalibus
822 3393 972 3427 Ecclefiis
998 3395 1032 3428 ὃ(
1056 3407 1113 3437 πῂ

221 3437 332 3473 chivis
358 3450 428 3475 vera
453 3442 668 3478 Nicaenorum
695 3443 894 3486 Canonum,
922 3443 956 3477 in
983 3444 1102 3489 quibus

1175 1896 1335 1941 pendebat
1353 1898 1465 1933 omnis
1489 1898 1623 1942 quaestio
1638 1922 1649 1938 ‚
1673 1897 1871 1941 exemplaria
1899 1897 2057 1942 produce-

1173 1959 1306 1988 rentur,
1333 1950 1381 1981 uti
1409 1949 1475 1991 ipse
1487 1949 1598 1982 scribit
1624 1947 1665 1982 ad
1692 1948 1890 1982 Pontificem
1920 1948 2056 1982 Bonifa-

1168 1998 1287 2040 tium.
1319 1998 1387 2031 Dat
1413 2000 1543 2032 causam
1570 2002 1607 2032 in
1634 1998 1750 2031 litteris
1777 1998 1818 2031 ad
1847 1998 2055 2033 Celestinum

1172 2047 1394 2081 Pontificem.-
1422 2050 1576 2090 ,Quomodo
1612 2046 1849 2091 transmarinum
1875 2074 1885 2089 ,
1913 2049 1946 2082 id
1983 2047 2054 2089 est,

1173 2098 1363 2131 Romanum
1378 2099 1531 2138 judtcium
1554 2108 1655 2131 ratum
1677 2104 1757 2138 erit,
1783 2100 1827 2130 ad
1836 2100 1916 2140 quod
1938 2098 2054 2136 testium

1168 2147 1332 2190 neceffariae
1347 2145 1505 2189 persimae,
1530 2150 1583 2181 vel
1588 2156 1712 2189 propter
1738 2146 1835 2190 sexus
1861 2149 1914 2181 vel
1927 2156 2055 2190 propter

1164 2196 1326 2239 senec‘lun's
1349 2196 1557 2239 infirmitatem
1570 2223 1579 2237 ‚
1606 2198 1711 2233 multis
1737 2199 1809 2231 aliis
1829 2192 2053 2232 intercurrenti-

1167 2247 1223 2280 bus
1234 2248 1456 2289 impedimentis
1464 2274 1474 2288 ,
1501 2249 1611 2281 adduci
1622 2260 1680 2281 non
1685 2242 1848 2291 poterunt?

1218 2298 1368 2331 Errorem
1394 2298 1642 2345 pertinacissime
1659 2299 1826 2342 resumpsit
1848 2299 2053 2334 Hincmarus

1169 2347 1338 2382 Remenfis
1365 2348 1564 2392 Episcopus,
1597 2348 1740 2382 offensus
1768 2349 1914 2384 Nicolao
1942 2351 2051 2394 primo

1166 2398 1200 2431 &
1215 2398 1365 2431 Adriano
1378 2398 1522 2433 secundo
1534 2398 1776 2439 Pontificibus,
1805 2399 1896 2443 quod
1908 2399 1977 2442 ejus
1990 2400 2051 2433 ini-

1167 2447 1337 2490 quiffimas'
1357 2448 1535 2483 sententias
1563 2449 1597 2481 in
1613 2447 1822 2483 Rothaldum
1847 2450 2051 2485 Sveffionen-
2068 2435 2206 2475 Epa-¹⁷·-

1167 2498 1232 2530 sem
1248 2497 1460 2544 *Episcopum
1482 2522 1494 2538 ‚
1520 2498 1745 2532 Hincrnarum
1772 2499 2050 2542 Laudunensem,

1164 2548 1199 2580 ’δε
1213 2547 1392 2581 Remenses
1403 2548 1555 2582 Clericos
1564 2547 1606 2582 ab
1619 2547 1758 2581 Ebbone
1776 2548 1940 2594 Episcopo
1964 2551 2051 2584 ordi·
2068 2553 2149 2593 Epist.
2154 2564 2168 2591 3
2172 2559 2203 2592 3.·

1168 2607 1288 2638 natos,
1313 2597 1520 2631 exufflaffent
1540 2623 1546 2630 .
1575 2596 1733 2633 Videnda
1754 2598 1900 2641 Epistola
1921 2600 1961 2634 ad
1986 2600 2048 2634 Ni·
2063 2604 2222 2672 {iffi-47..

1164 2647 1297 2681 colaum
1308 2646 1509 2680 Pontificem
1522 2647 1562 2681 de
1573 2649 1748 2682 vocatione
1759 2649 1910 2682 Ecclefiae
1931 2649 2048 2684 Came-

1163 2697 1298 2731 racenfis
1330 2721 1361 2737 ,.
1381 2697 1527 2741 Epistola
1565 2698 1616 2731 seu
1654 2699 1859 2741 Opusculum
1895 2698 2048 2734 adversus

1164 2746 1393 2781 Hincmarum
1411 2747 1688 2787 Laudunmsem,
1715 2759 1753 2781 ac
1776 2748 1946 2790 praesertim
1970 2750 2047 2792 Epi·

1164 2797 1244 2831 stola
1254 2798 1370 2841 scripta
1382 2808 1423 2830 ex
1436 2797 1573 2845 nomine
1584 2796 1697 2830 Caroli
1718 2797 1813 2830 Calvi
1838 2797 2046 2841 imperatoris

1144 2859 1145 2881 1
1163 2847 1202 2881 ad
1216 2848 1376 2891 loannem
1387 2848 1540 2881 ostavum
1552 2846 1734 2888 dejudiciis
1761 2847 1795 2880 &
1816 2848 2045 2890 appellationi-

1165 2898 1224 2931 bus
1244 2898 1482 2940 Episcoporum
1507 2897 1543 2931 &
1568 2895 1777 2931 clericorum
1801 2922 1807 2929 .
1844 2898 2041 2934 inferiorem

1143 2979 1145 2982 ,
1164 2947 1282 2980 Galliae
1305 2947 1441 2980 Clerum
1470 2947 1629 2979 Romanae
1651 2946 1883 2990 appellationis
1910 2950 2040 2992 refugio

1165 2996 1293 3039 penitus
1311 2996 1419 3040 privat
1442 3020 1452 3035 ‚
1477 2995 1576 3039 idque
1600 3006 1644 3030 ex
1666 2996 1865 3031 Canonibus
1893 2998 2042 3033 Ecclesiae

1165 3046 1328 3080 Africanae
1339 3070 1350 3087 ‚
1375 3045 1417 3080 ad
1429 3045 1572 3080 Galliam
1586 3056 1654 3079 non
1666 3045 1884 3089 spectantibus
1896 3072 1905 3087 ,
1916 3049 1950 3084 ἃ
1960 3059 2042 3085 tune

1164 3095 1286 3139 pridem
1299 3095 1476 3139 reprobatis
1484 3108 1499 3143 ,-
1512 3095 1712 3138 appellantes
1722 3106 1832 3130 autem
1843 3097 1905 3141 Epi
1911 3099 2040 3142 scopos,

1163 3146 1197 3180 &
1217 3145 1260 3179 ab
1281 3145 1355 3189 ipsis
1365 3145 1410 3179 ob
1430 3146 1578 3189 iniquam
1589 3145 1837 3181 damnationem
1856 3149 2041 3191 appellatos

1164 3195 1394 3238 Metropolitas
1404 3195 1520 3229 adserit
1534 3196 1675 3229 Romam
1686 3198 1814 3230 evocari
1831 3209 1900 3231 non
1928 3199 2015 3241 posse
2025 3221 2039 3242 ,

1162 3245 1212 3278 sed
1221 3244 1385 3289 judicium
1406 3244 1647 3280 retractandum
1662 3248 1695 3279 in
1709 3246 1873 3290 partibus,
1899 3259 2038 3291 quomo-

1145 3294 1206 3331 ,do
1226 3293 1330 3328 voluit
1365 3295 1521 3328 Aurelius
1557 3294 1850 3341 Carthaginenfis.
1881 3297 1931 3330 Ex
1968 3297 2036 3340 ejus

1143 3345 1258 3378 =unius
1279 3353 1360 3378 tunc
1382 3345 1506 3388 pridem
1519 3344 1677 3381 damnato
1698 3346 1791 3381 sensu
1813 3347 1959 3383 nostrum
1973 3347 2037 3381 Ca-

1162 3405 1284 3428 nonem
1307 3404 1345 3428 nt
1368 3394 1522 3439 magister
1540 3395 1767 3441 irrefragabilis
1788 3396 2033 3439 interpretatur.

1112 3458 1114 3460 ¹
1165 3445 1204 3478 Ei
1218 3443 1455 3489 adstipulantur
1462 3443 1610 3481 Annales
1621 3446 1822 3482 Francorum
1834 3446 2033 3487 Berriniani,

1890 3492 1984 3531 aaut&
