2346 3776
620 123 946 175 DissERTA
961 139 1072 175 Tio
1121 124 1545 178 Pkonnmms.

169 216 243 246 Non
253 216 332 246 enim
338 210 483 252 finceriter
491 208 537 241 ad
547 208 604 242 Dei
625 207 752 241 verbum
769 209 942 252 accesserunt
954 231 964 246 ‚
984 205 1044 252 sed

163 264 314 296 adomnia
334 268 487 301 tamquam
508 257 735 292 chamaleontes
759 257 1018 299 transformantur
1030 283 1041 298 ,

159 308 279 355 ‚semper
287 314 462 343 lun-enati!
473 311 572 342 eorum
582 333 592 348 ‚
619 314 670 350 qui
679 307 937 353 ‚ipsorum-operam
947 313 1042 349 requi-

164 371 248 395 runt.
272 364 346 393 Non
357 364 517 393 veritatem
522 367 581 400 pro
587 357 673 401 scopo
681 357 792 394 babent
802 381 813 398 ,
833 357 893 401 fied
915 364 1040 395 veritati

161 408 347 452 voluptatem
356 417 541 451 anteponunt
549 433 562 452 ‚
582 407 734 452 solumque
742 410 779 441 id
787 410 891 442 dicunt
902 420 910 439 :
940 412 1039 440 Come-

161 462 271 494 damus
280 460 315 492 Θ
326 458 462 492 bibamus
470 483 481 499 ‚
505 470 572 492 cras
583 465 662 492 em'm
674 465 839 495 moriemur·
859 457 1038 498 Histrionum

159 515 252 553 igitur
262 511 563 550 Epicurianorumex
574 510 743 543 Meletianis
753 509 1038 552 transfiguratorum

153 557 261 602 J'copus
282 561 357 592 talis
376 558 415 599 est
423 583 435 600 ‚
461 558 588 603 talisque
603 559 734 602 perfidia
751 565 785 592 in
807 558 946 596 moribus.
984 559 1038 592 Ex

155 607 279 651 quibus
286 607 378 643 vides
389 633 400 649 ‚
427 609 517 654 quod
529 609 730 648 Meletianos
749 608 813 643 esse
823 608 866 642 ad
877 609 972 643 omni
984 609 1039 642 Se-

155 659 210 691 &ae
218 659 540 697 communicandum
548 668 718 703 promptos
728 658 812 693 rene
822 658 945 694 dixerit
968 659 1039 695 san-

154 708 225 741 &us
235 707 433 749 philastrius.
460 709 563 762 Qiod
574 710 701 746 sanstus
720 707 928 752 Epiphanius
950 707 1036 744 male

152 757 277 792 dixerit
287 758 374 801 ipsos
384 759 523 795 sinceros
529 772 570 794 ac
581 758 659 798 fidei
671 759 906 801 tenaciffim0S‚
918 759 1036 794 sectan-

154 816 206 842 tes
222 807 457 845 exaffiffimam
475 808 604 852 justitiae
626 821 666 846 ac
691 810 840 843 veritatis
861 810 1034 846 rationem.

154 855 262 904 Qod
271 856 488 894 maledixerit
498 861 586 903 ipsos
606 859 716 904 Lapfis
733 860 827 895 nolle
848 859 1038 893 communi-

152 917 240 948 cate.
267 907 362 942 Hinc
373 909 455 945 item
465 909 556 946 vides
566 909 709 948 radicem
720 935 731 952 ,
752 920 795 947 ex
808 921 874 957 qua
883 909 1036 958 pedeten-

153 956 218 992 tim
229 967 348 994 omnes
356 959 423 994 fere
432 959 495 997 sint
505 961 582 994 fieti
593 958 723 996 Ariani.

166 1031 172 1039 .
202 1007 314 1042 Sancti
325 1006 495 1047 Philastrii
504 1010 716 1047 assertionem
726 1012 926 1046 confirmant
938 1010 973 1044 in
983 1020 1037 1043 ex-

149 1053 269 1094 hibitis
274 1058 469 1102 Imperatori
476 1059 674 1096 Theodosio
683 1062 837 1105 precibus
845 1061 945 1095 etiam
954 1061 982 1094 F
983 1070 1034 1094 aur

149 1105 259 1143 stinus
267 1119 306 1142 ac
318 1109 549 1152 Marcellinus,
561 1112 723 1148 Romanae
736 1111 888 1145 Ecclesiae
898 1107 1035 1151 Presby-

149 1157 222 1191 teri.
249 1157 430 1196 Affirmant
451 1160 675 1195 Theodorum
696 1159 889 1205 Oxyrinchi
901 1159 1034 1203 Episcoe

147 1213 233 1251 pum
241 1207 336 1242 fuisse
346 1208 430 1247 adeo
448 1221 680 1252 venumnum,
698 1220 746 1247 vut
765 1213 797 1244 se
817 1212 836 1243 a
848 1208 1035 1246 Catholicis

149 1256 322 1302 Episcopis
331 1260 559 1295 consecratum
570 1260 753 1302 permiserit
762 1258 832 1293 fieri
843 1258 965 1294 laicum
976 1282 987 1299 ,
995 1269 1033 1292 ac

147 1306 261 1343 denud
270 1308 482 1345 consectaria
493 1308 643 1354 Georgio
661 1306 791 1343 Ariano
816 1306 1032 1343 Alexandriae

147 1354 338 1391 patriarcha
348 1381 359 1397 ‚
371 1367 469 1401 atque
481 1366 623 1404 pergunt
635 1370 643 1390 :
657 1362 715 1391 Hic
724 1357 763 1399 est
771 1364 904 1402 egregius
917 1357 1031 1401 &san-

145 1405 342 1446 81ffimusille
349 1410 381 1441 E
377 1406 516 1451 piscopus
526 1434 537 1449 ‚
549 1413 601 1451 qui
612 1407 786 1452 cumfuiffet
791 1410 925 1450 primum
936 1412 956 1443 ἂ
969 1413 1030 1442 Ca-

146 1455 264 1491 tholicis
274 1457 432 1498 ordinatus
443 1482 455 1499 ‚
477 1458 577 1500 postea
587 1458 628 1491 ab
641 1465 733 1501 impio
743 1462 868 1502 Georgia
878 1465 913 1493 in
924 1463 1029 1493 Laico-

145 1517 218 1540 rm
224 1517 380 1547 numerian
389 1508 529 1545 redacJus
543 1533 555 1549 ,
581 1509 771 1544 nibilominus
781 1509 820 1543 ab
828 1514 861 1550 ip
860 1507 895 1551 fi>
903 1513 1028 1554 Geor-gio

146 1554 314 1600 Epifiopn
322 1559 483 1594 ordinatus
491 1558 531 1599 est
543 1583 555 1600 ,
580 1566 613 1594 in
623 1566 786 1597 vexatione
804 1561 958 1595 Fidelium
978 1558 1027 1603 se-

145 1607 226 1642 dens
245 1630 257 1647 ,
294 1608 329 1644 Θ
347 1615 564 1646 communicans
585 1616 617 1644 in
631 1621 694 1644 una
713 1613 877 1652 eademque
900 1617 1026 1645 civitate

145 1658 298 1701 Apollonio
315 1659 544 1695 ueletianmm
565 1659 711 1705 Episcopo
719 1686 732 1703 ,
756 1660 949 1704 consentienti
972 1666 1028 1693 im-

140 1707 310 1752 pietatibus
329 1711 450 1756 Georgii
469 1735 482 1753 ,
517 1722 584 1746 cum
605 1709 667 1755 ipso
686 1718 759 1747 item
780 1714 927 1753 Apollonio
947 1713 1027 1744 idem

145 1758 318 1794 Theodorus
323 1759 505 1804 persequens
518 1761 638 1796 beatum
648 1763 840 1797 Heraclidem
852 1787 862 1803 ,
872 1763 1026 1796 vindicem

147 1807 406 1850 Catholicae-fidei.
434 1809 606 1845 Habemus
616 1810 696 1846 hinc
706 1812 785 1846 duo.
799 1812 926 1853 Primo,
935 1810 1026 1856 quod

145 1867 228 1892 tunc
239 1857 298 1891 sub
308 1858 410 1894 fausti
431 1861 565 1896 Damasi
588 1861 714 1904 Pap'atu
735 1862 912 1895 Meletiani
920 1860 1026 1897 adhuc

143 1908 364 1952 vigeri-ennae
377 1909 412 1943 in
424 1908 571 1954 AEgypti
582 1911 773 1946 civitatibus
785 1910 941 1945 haberent
953 1923 1027 1955 pro-

144 1958 237 2003 prios
247 1957 449 2003 Episcopos.
479 1958 634 1995 Secundo
642 1978 655 2001 ·,
682 1961 773 2004 quod
794 1961 902 1996 adhuc
924 1961 1026 1995 essent

143 2007 283 2044 Arianis
291 2007 442 2053 colligati
451 2017 567 2044 contra
580 2009 770 2046 Ecclesiam.
793 2009 954 2046 Attamen
965 2011 1026 2047 iste

140 2057 340 2100 Heraclides
348 2057 477 2094 videtur
487 2060 583 2095 fuisse
604 2061 740 2095 sectatus
760 2060 908 2097 Schisma
928 2061 1026 2095 Luci-

141 2108 215 2143 feri.
241 2108 287 2143 Et
304 2107 347 2145 ad
368 2107 582 2153 Calosyrium
600 2111 723 2155 scripsit
741 2113 867 2146 sanetus
879 2111 1026 2155 Gyrillus

142 2156 354 2193 Alexandriae
364 2158 722 2196 Patriarcha:Caetetum
731 2173 768 2195 ne
775 2169 944 2203 permittas
957 2173 1024 2196 cum

142 2214 206 2249 eis,
231 2214 285 2251 qui
291 2210 447 2243 Meletiani
458 2221 606 2244 vocantur
617 2236 628 2252 ,
654 2213 700 2244 ad
701 2211 730 2255 s
722 2223 823 2246 acram
837 2216 1025 2245 Communia-

142 2269 215 2292 onem
224 2264 329 2293 venire
339 2259 522 2294 orthodoxos
535 2285 545 2301 ,
557 2264 594 2296 ne*
604 2262 722 2296 illorum
732 2262 886 2304 Apostafiae
896 2274 932 2296 ac
943 2263 1024 2304 defe-

143 2306 250 2342 &om
250 2316 421 2352 participes
425 2310 518 2353 fiant.
546 2316 586 2346 At
605 2311 715 2353 verosi
720 2311 917 2356 refipiscentes
928 2314 972 2346 illi
983 2315 1027 2346 ad

142 2357 333 2393 orthodoxos
339 2358 374 2404 se
383 2362 561 2395 contulerint
574 2386 586 2402 ,
603 2361 666 2403 fint
687 2363 890 2405 acceptabiles.
925 2367 1025 2397 Nemo

144 2418 246 2443 mrem
254 2434 266 2451 ‚
278 2411 456 2453 nielloplane*
466 2410 636 2454 discrimine
645 2412 761 2453 habito²
770 2425 837 2446 cum
847 2420 891 2446 eis
901 2425 1028 2447 commu-

144 2464 226 2491 m'cet
236 2458 404 2501 ‚nifiprius
415 2461 606 2504 refipuerint:
635 2465 809 2505 Nepravae
830 2464 948 2498 illorum
966 2470 1028 2506 opi·-

145 2513 245 2542 niom's
259 2506 355 2552 socius
377 2511 527 2552 efficiatur.
566 2513 662 2547 Hinc
686 2513 797 2547 videm
826 2513 1026 2548 Meletianos

144 2559 248 2593 etiam
258 2559 454 2601 Catholicis,
464 2562 497 2601 &
507 2561 641 2605 quidem
652 2563 689 2597 in
700 2563 835 2597 Divinis
843 2588 853 2603 ,
865 2564 933 2597 fine
944 2565 1027 2599 scru-

146 2609 227 2652 pulo
235 2612 499 2646 communicasse.
515 2611 558 2646 Et
568 2611 634 2647 haec
645 2613 690 2647 est
702 2613 819 2647 ultima
828 2613 1027 2649 Meletiano-

145 2670 221 2693 rum
231 2661 396 2695 memoria.
411 2661 537 2696 Eorum
548 2674 611 2698 nec
624 2661 783 2707 Ephefina
795 2663 949 2706 Synodus
957 2677 1026 2700 me-

144 2709 247 2744 minit
257 2733 270 2749 ,
294 2721 355 2745 nec
362 2709 646 2748 Chalcedonensis.
675 2713 843 2747 Videntur
853 2726 909 2758 per
917 2715 946 2748 S.
960 2715 1025 2759 Cy-

146 2759 260 2793 xillum
270 2770 326 2794 aut
333 2760 424 2803 ejecti
435 2773 552 2797 omnes
566 2789 576 2804 ‚
602 2773 659 2797 aut
671 2764 765 2798 fuisse
785 2765 939 2799 conversi.
966 2766 1026 2801 Vi-

145 2810 244 2845 detur
258 2809 326 2845 illis
334 2812 484 2852 evenisse,
491 2814 580 2858 quod
591 2814 632 2849 de
641 2813 902 2849 Tertullianistis
912 2815 1024 2851 scribit

146 2861 185 2895 in
198 2861 376 2895 Haereseon
389 2862 552 2907 Catalogo
563 2864 592 2898 S.
605 2862 813 2909 Augustinus
832 2877 839 2897 z
867 2867 1025 2900 Tertullia-

146 2910 230 2952 nistae
241 2908 332 2954 usque
342 2913 386 2945 ad
396 2911 523 2952 nostrum
531 2923 651 2957 tempus
656 2917 809 2957 paulatim
828 2916 997 2958 deficientes
1010 2941 1021 2958 ,

148 2967 180 2994 in
189 2969 334 2995 extremis
346 2963 494 3004 Reliquus
505 2964 616 2998 durare
620 2973 785 3006 potuerunt
803 2971 837 2998 in
856 2966 927 3000 urbe
946 2970 1023 3000 Car-

147 3010 317 3055 thagimnfi.
345 3015 396 3045 Me
407 3022 509 3046 autem
525 3014 566 3045 ibi
581 3014 673 3057 pofito
690 3025 762 3049 ante
784 3019 897 3057 aliquot
905 3028 999 3050 annos
1011 3042 1021 3057 ‚

146 3069 225 3094 omni
235 3070 372 3104 exparte
381 3061 545 3106 consumpti
552 3061 635 3106 fient.
662 3067 827 3106 Pauciffimi
838 3073 917 3099 enlm
932 3091 942 3106 ‚
968 3073 1021 3109 qui

147 3111 354 3156 remanserant
366 3136 378 3152 ‚
403 3119 437 3145 in
448 3116 475 3145 C
478 3113 635 3147 atholicam
656 3115 835 3156 transterunt
847 3140 858 3156 ‚
876 3115 1022 3159 suamque

148 3161 307 3202 Bafilicam
317 3187 328 3203 ,
356 3174 424 3205 quae
436 3175 514 3196 nunc
526 3170 616 3196 etiam
626 3165 807 3205 notiffimaest
817 3191 826 3206 ‚
859 3166 1023 3201 Catholicae

148 3213 352 3246 tradiderunt.
372 3212 483 3248 Etiam
496 3214 531 3247 in
542 3214 922 3258 Constantinopolitano
933 3216 1024 3250 Con-

149 3260 229 3295 cilio
252 3262 342 3297 nulla
363 3264 428 3297 fuit
450 3263 491 3299 de
511 3264 703 3299 Meletianis
725 3267 891 3299 memoria.
921 3266 1024 3314 Qiod

151 3320 266 3354 nempe
275 3321 355 3347 tunc
368 3314 472 3350 etiam
483 3311 571 3350 nihil
581 3316 709 3360 possent
718 3341 729 3358 ‚
740 3325 797 3351 aut
808 3326 955 3361 agerent,
969 3316 1022 3351 sed

147 3361 250 3395 ferme
257 3362 451 3400 defecissent.

1928 157 1989 193 47»

1300 390 1304 394 ι
1352 338 1384 374 c
1409 337 1441 373 A
1467 340 1496 374 P
1524 341 1564 376 U
1589 340 1628 375 T
1674 338 1721 381 >x.

1224 427 1442 509 Exponitur
1468 439 1643 508 Schisma
1665 438 1844 490 Colluthi.

1102 554 1192 638 D
1205 556 1235 591 E
1254 557 1418 595 Collutho
1430 557 1496 594 haec
1508 560 1619 597 scribit
1631 559 1661 595 S.
1674 560 1880 605 Epiphanius
1891 575 1906 599 τ,
1918 566 1980 595 Ha-
2012 569 2113 600 Hrres,

1218 619 1285 640 rum
1296 633 1306 650 ‚
1333 610 1737 654 supra-memoratarumin
1751 611 1978 647 Alexandrina
1995 615 2075 647 69.c.
2087 620 2114 645 2³

1100 657 1180 691 urbe
1191 657 1403 694 Basilicarum
1412 685 1422 700 ,
1451 673 1543 693 unam
1552 660 1783 699 administrabat
1794 666 1822 694 C
1826 662 1954 695 ollutbus
1966 688 1978 703 ‚

1098 708 1191 740 aliam
1201 711 1370 750 carpenas,
1381 711 1475 745 aliam
1485 713 1655 746 sarmatas.
1664 713 1726 744 sed
1737 712 1770 744 (Ὗ
1784 715 1874 744 Arius
1886 724 1979 744 unam

1099 769 1136 789 ex
1147 765 1380 794 commemoratis
1390 762 1451 796 illis
1462 760 1622 803 Ecclesiam
1631 760 1761 804 regebat.
1789 764 1867 794 Cum
1877 771 1979 795 autem

1096 804 1198 850 singuli
1210 810 1385 855 commissum
1388 809 1444 852 fibi
1451 813 1594 854 populum
1609 820 1668 854 per
1681 810 1777 851 statos
1791 809 1978 854 &solemnes

1099 860 1277 891 Conventus
1283 860 1403 901 publice
1413 862 1559 905 docerent,
1568 861 1750 906 diffi’nfiones
1757 859 1935 905 sparserunt
1944 868 1978 894 in

1098 908 1215 949 vulgus.
1225 912 1333 950 Itaque
1345 911 1398 943 alii
1408 913 1453 944 ad
1462 916 1566 946 Arium
1577 911 1782 955 adhe-serant,
1794 913 1848 945 alii
1858 914 1902 945 ad
1912 912 1980 947 Col-

1096 956 1227 999 luthum‚
1236 960 1291 991 alii
1302 963 1518 1001 Carponae,alii
1531 965 1683 996 Sarmatae
1688 970 1796 1004 partes
1807 963 1977 995 tuebantur.

1097 1009 1143 1038 Et
1155 1018 1221 1040 cum
1231 1014 1264 1041 in
1268 1007 1328 1052 fica
1349 1009 1474 1054 quisque
1495 1012 1623 1054 Ecclesia
1643 1014 1722 1046 alius
1740 1014 1826 1046 aliud
1834 1019 1990 1055 interprer

1097 1058 1188 1090 tando
1192 1066 1371 1100 proponeret
1383 1084 1394 1100 ‚
1414 1069 1507 1101 prout
1529 1066 1563 1094 in
1574 1074 1812 1105 unumquemque
1816 1061 1933 1104 favore
1943 1073 1980 1096 ac

1096 1106 1269 1142 laudatione
1273 1109 1472 1152 propensiores
1483 1121 1571 1145 erant
1584 1136 1595 1152 ‚
1616 1113 1669 1144 alii
1682 1112 1888 1145 colluthianos
1901 1137 1911 1152 ‚
1924 1114 1979 1145 alil

1096 1158 1224 1189 Arianos
1227 1157 1294 1201 fise
1303 1160 1508 1195 nominabant.
1537 1164 1662 1206 ,Quippe
1683 1163 1721 1195 Θ·
1729 1161 1885 1195 Collutbus
1890 1161 1979 1204 falsa

1095 1208 1235 1247 quaedam
1245 1220 1279 1241 ac
1289 1210 1463 1251 depravata
1473 1212 1578 1244 docuit.
1612 1214 1675 1246 Sed
1684 1214 1750 1254 ejus
1762 1212 1849 1247 sebia
1861 1213 1979 1245 diutur-

1095 1268 1134 1288 na
1144 1257 1273 1299 nonfuit
1283 1283 1294 1300 ,
1314 1259 1420 1300 statim
1430 1262 1573 1303 dtffipata.
1600 1260 1780 1297 Colluthus
1793 1263 1902 1306 itaque
1913 1262 1979 1296 fuit

1094 1306 1231 1351 alicujus
1241 1309 1327 1353 apud
1347 1310 1587 1346 Alexandriam
1609 1312 1752 1347 Basilicae
1773 1312 1896 1346 Restor
1906 1338 1916 1353 ,
1942 1313 1978 1347 &

1095 1357 1279 1393 Cardinalis
1290 1358 1471 1402 Presbyter.
1486 1361 1626 1397 Basilicae
1636 1374 1761 1397 nomen
1772 1363 1975 1407 ignoramus.

1093 1407 1187 1443 Istius
1197 1420 1337 1446 errorem
1349 1410 1450 1444 edicit
1462 1411 1497 1444 in
1510 1412 1684 1446 Haereseon
1697 1413 1863 1457 Catalogo
1874 1412 1979 1446 8.Αο-

1093 1458 1243 1502 gustinus
1255 1471 1272 1490 ε,
1290 1459 1474 1492 colluthiani
1484 1462 1505 1491 ἃ
1515 1463 1643 1502 quodam
1656 1462 1791 1494 collutho
1803 1486 1813 1501 ,
1839 1468 1891 1504 qui
1901 1463 1976 1496 dice-

1093 1508 1166 1541 bant
1179 1512 1277 1542 Deum
1287 1509 1452 1550 nonfacere
1463 1511 1545 1544 mala
1555 1536 1566 1553 ‚
1591 1513 1696 1546 contra
1708 1512 1786 1544 illud
1796 1514 1876 1555 quod
1880 1511 1978 1555 scrip-

1092 1568 1155 1591 tum
1163 1558 1202 1598 est
1210 1585 1221 1601 ‚
1249 1559 1324 1604 Ego
1336 1560 1428 1594 Deus
1439 1572 1551 1595 creans
1563 1561 1659 1596 mala.
1696 1563 1833 1596 Floriani
1845 1565 1865 1595 ἃ
1879 1565 1977 1597 Flori-

1091 1621 1126 1641 no
1140 1633 1150 1649 ‚
1176 1615 1228 1652 qui
1237 1610 1253 1642 ἑ
1263 1617 1411 1644 contrario
1421 1611 1561 1645 dicebant
1574 1615 1671 1646 Deum
1681 1613 1786 1655 creaffe
1796 1614 1879 1647 mala
1890 1638 1901 1654 ‚
1911 1625 1977 1647 con·
1992 1645 1996 1650 .

1091 1662 1140 1691 tra
1149 1662 1185 1696 id
1192 1661 1276 1703 quod
1276 1658 1428 1702 scriptum
1438 1661 1477 1700 est
1491 1674 1497 1692 :
1509 1662 1601 1696 Fecit
1613 1663 1706 1697 Deus
1716 1663 1843 1703 omnia,
1856 1664 1889 1698 δε
1899 1664 1978 1699 ecce

1092 1709 1178 1745 bona
1188 1710 1291 1744 valde.
1305 1714 1345 1743 Ac
1349 1719 1407 1752 per
1418 1711 1469 1743 hoc
1479 1718 1622 1754 quamvis
1631 1719 1785 1745 contraria
1794 1719 1874 1747 inter
1881 1712 1916 1758 ft
1928 1716 1976 1747 di-

1089 1771 1300 1802 centes,tamen
1311 1760 1397 1795 ambo
1411 1764 1538 1794 Divinis
1550 1764 1690 1804 Eloquiis
1702 1761 1978 1803 refistebant.c⁸reat

1089 1818 1168 1844 enim
1177 1815 1260 1845 Deus
1268 1812 1349 1843 mala
1361 1835 1371 1852 ,
1392 1819 1502 1852 poenas
1507 1811 1679 1852 justiffimas
1691 1815 1851 1856 irrogando
1859 1839 1869 1855 ‚
1897 1815 1979 1857 quod

1088 1860 1242 1894 colluthus
1254 1872 1311 1894 non
1322 1860 1449 1893 videbat
1456 1873 1471 1903 ,·
1484 1873 1542 1894 non
1552 1871 1653 1896 autem
1664 1865 1761 1896 malas
1772 1865 1897 1897 creando
1908 1869 1945 1897 N
1945 1875 1977 1898 ιτ·

1087 1918 1173 1942 turas
1184 1919 1273 1952 atque
1281 1909 1469 1950 substantias
1487 1933 1499 1950 ‚
1509 1916 1542 1943 in
1554 1921 1703 1953 quantum
1709 1911 1785 1955 sunt
1795 1923 1916 1947 naturae
1928 1924 1977 1947 at-

1087 1971 1142 2005 que
1158 1959 1333 2003 substantiae
1344 1983 1356 1999 ,
1379 1959 1430 1992 ubi
1442 1960 1585 1992 Florinus
1596 1961 1729 1995 errabat,
1756 1962 1930 1998 Consonat
1943 1966 1973 1998 S.

1087 2008 1296 2045 Philastrius:
1324 2008 1508 2041 Collutbiam·
1518 2012 1538 2042 ἃ
1552 2011 1690 2043 Collutbo
1700 2013 1826 2054 quodam
1836 2019 1881 2046 ita
1901 2014 1975 2046 dic‘li

1081 2057 1198 2102 suntin
1208 2060 1341 2102 AEgypto
1352 2081 1363 2097 ,
1390 2064 1442 2101 qui
1453 2060 1557 2092 dicunt
1568 2062 1730 2094 Dominum
1750 2063 1895 2095 malorum
1914 2075 1975 2096 non

1086 2108 1302 2153 essefac‘lorem.
1328 2109 1444 2141 Contra
1456 2117 1560 2142 autem
1578 2110 1656 2144 alter
1677 2113 1802 2153 quidam
1811 2113 1976 2154 opponebat·

1086 2161 1186 2193 dicens
1200 2161 1360 2192 Dominum
1370 2159 1514 2192 malorum
1525 2171 1583 2192 non
1602 2160 1654 2203 effl-
1667 2161 1825 2203 faefforem.
1852 2165 1918 2206 ‚Qui
1939 2163 1976 2197 ὢ·

1086 2208 1147 2253 ipse
1158 2207 1197 2250 est
1207 2207 1374 2242 baereticus.
1401 2209 1506 2243 Hunc
1520 2209 1673 2244 Colluthi
1686 2212 1923 2256 antigonistam
1942 2214 1973 2247 S.

1088 2257 1294 2303 Augustinus
1305 2257 1446 2302 appellat
1459 2259 1641 2293 Florinum.
1668 2261 1755 2308 Qis
1774 2261 1830 2296 hic
1848 2263 1882 2296 δε
1899 2275 1975 2306 qua-

1087 2310 1126 2344 lis
1138 2309 1236 2344 fuerit
1247 2332 1258 2348 ,
1285 2309 1464 2353 ignoratur.
1492 2309 1640 2344 Forsitan
1662 2312 1695 2345 &
1716 2312 1782 2354 ipse
1804 2312 1866 2345 fuit
1878 2315 1911 2345 in
1923 2324 1975 2346 ea-

1086 2360 1164 2394 dem
1174 2358 1308 2393 civitate
1319 2358 1504 2393 Cardinalis
1515 2358 1698 2403 Presbyter.
1727 2361 1902 2407 Qidquid
1914 2363 1950 2395 sit
1961 2386 1972 2402 ‚

1088 2409 1253 2452 utriusque
1265 2408 1400 2442 Erronis
1410 2408 1547 2454 Dogma
1557 2410 1592 2443 &
1614 2408 1822 2456 Augustinus
1846 2413 1879 2446 ὃς
1896 2410 1973 2446 Phi-

1087 2459 1213 2494 lastrius
1222 2457 1340 2493 eodem
1351 2457 1454 2492 modo
1464 2470 1646 2502 exponunt.
1685 2473 1690 2478 ·

1121 2508 1239 2544 Alium
1251 2506 1405 2542 Colluthi
1418 2508 1569 2543 Errorem
1579 2519 1634 2543 aut
1643 2510 1787 2554 Lapsum
1799 2523 1972 2556 exponunt

1088 2561 1122 2594 iu
1135 2559 1237 2594 literis
1247 2557 1289 2592 ad
1301 2558 1442 2602 Tyriam
1454 2559 1628 2602 Synodum
1641 2561 1827 2605 Presbyteri
1840 2574 1878 2597 ac
1889 2564 1973 2598 Dia-

1087 2610 1165 2644 coni
1174 2608 1367 2643 Mareoticae
1378 2608 1532 2643 Ecclesiae.
1559 2610 1713 2644 Sanstum
1726 2611 1944 2647 Athanasium
1957 2637 1970 2653 ‚

1087 2659 1176 2705 quod
1187 2658 1470 2693 istamEcclefiam
1490 2659 1621 2694 visitans
1643 2660 1759 2696 Altare
1784 2674 1821 2696 ac
1844 2664 1969 2697 sacrum

1087 2709 1239 2745 Calicem
1249 2708 1413 2752 dejecisset
1425 2718 1523 2753 atque
1537 2711 1677 2754 fregisset
1688 2735 1699 2751 ,
1711 2711 1796 2755 apud
1808 2712 1899 2747 istam
1913 2714 1970 2756 Sy-

1087 2760 1213 2795 nodum
1223 2760 1386 2794 accusavit
1398 2760 1542 2793 famosus
1551 2759 1700 2804 lschyras
1714 2786 1723 2801 ,
1736 2761 1927 2796 adseverans
1936 2764 1976 2808 se

1086 2811 1157 2845 istic
1169 2809 1400 2852 Presbyterum
1411 2833 1421 2849 ,
1434 2810 1531 2843 unius
1539 2812 1684 2855 pagensis
1697 2812 1840 2846 Bafilicae
1851 2813 1969 2846 Κρέξο-

1085 2873 1162 2895 rem.
1193 2861 1237 2895 Et
1248 2861 1325 2904 quia
1336 2858 1430 2904 plene
1442 2858 1580 2903 probare
1589 2872 1657 2894 non
1671 2871 1795 2904 poterat
1814 2861 1879 2896 haec
1896 2874 1968 2897 om-

1086 2911 1141 2945 nia
1154 2935 1165 2951 ‚
1191 2910 1346 2954 Synodus
1357 2910 1393 2943 in
1405 2910 1592 2944 Mareotem
1604 2911 1725 2956 legavit
1736 2912 1882 2955 quinque
1891 2913 1967 2956 Epi-

1085 2963 1200 3005 scopos
1212 2986 1222 3001 ,
1248 2962 1418 2995 veritatem
1440 2960 1657 3004 inquisituros.
1685 2962 1729 2994 Et
1751 2961 1966 3006 inquisitione

1085 3013 1209 3055 perasta
1223 3036 1233 3051 ‚
1259 3010 1379 3055 praefati
1389 3009 1572 3053 Presbyteri
1585 3020 1682 3054 atque
1693 3011 1839 3046 Diaconi
1860 3012 1966 3056 Syno-

1084 3062 1128 3096 do
1150 3062 1379 3105 rescripserunt
1401 3074 1412 3094 .·
1447 3063 1638 3093 Admiramur
1659 3064 1799 3103 quomodo
1826 3064 1879 3096 vel
1902 3065 1964 3096 ulla

1085 3113 1207 3145 tandem
1226 3118 1341 3144 ratione
1365 3108 1497 3152 Ifihyras
1514 3118 1573 3152 pro
1595 3110 1785 3153 Ecclefiastico
1806 3112 1960 3147 habeatur.

1086 3166 1131 3194 De
1149 3173 1209 3203 qua
1230 3172 1263 3193 re
1278 3161 1414 3202 primum
1433 3160 1516 3192 nobis
1548 3159 1735 3201 referendum
1766 3163 1960 3197 arbitramur.

1086 3210 1215 3254 Iscbyras
1238 3217 1317 3243 enim
1336 3221 1498 3251 numquam
1516 3211 1532 3244 ἒ
1546 3208 1643 3253 sacris
1672 3211 1806 3254 Ecclefiae
1835 3219 1962 3247 Commi-

1087 3262 1184 3302 nistris
1201 3259 1267 3301 fuit
1279 3285 1289 3300 ,
1310 3259 1370 3303 sed
1385 3261 1516 3300 primum
1530 3260 1671 3301 julla-vit
1686 3260 1720 3305 ft
1731 3263 1860 3296 Colluthi
1872 3267 1962 3298 Pres-

1087 3314 1214 3351 byterum
1225 3337 1236 3352 ,
1261 3312 1367 3345 verum
1386 3315 1431 3343 ita
1450 3320 1484 3344 ut
1505 3317 1651 3344 neminem
1669 3311 1791 3346 haberet
1802 3337 1812 3353 ,
1837 3321 1889 3357 qui
1910 3314 1966 3356 zpfi

1086 3364 1217 3396 crederet
1228 3385 1239 3401 ‚
1264 3364 1395 3401 exceptis
1418 3361 1580 3394 dumtaxat
1601 3369 1732 3406 cognatis
1739 3361 1805 3405 suis
1819 3387 1829 3403 ‚
1855 3374 1889 3396 ut
1910 3371 1962 3406 qui

1089 3424 1139 3446 nec
1156 3422 1287 3452 unquam
1306 3410 1463 3453 Ecclesiam
1482 3411 1641 3445 obtinuerit
1652 3436 1663 3452 ,
1690 3424 1742 3446 nec
1765 3415 1898 3446 Clericus
1922 3414 1961 3447 ab

1089 3464 1155 3495 ullis
1176 3486 1185 3501 ‚
1224 3460 1280 3503 m'Jt‘
1293 3466 1345 3504 qui
1364 3461 1477 3504 longios
1499 3461 1536 3494 ab
1562 3460 1649 3503 ipsius
1665 3471 1745 3506 pago
1767 3462 1939 3497 habitarent
1951 3488 1960 3502 ‚

1090 3523 1220 3555 unquam
1224 3510 1263 3555 fit
1273 3513 1405 3548 creditus
1418 3536 1428 3553 ‚
1449 3509 1520 3555 solis
1542 3514 1607 3554 ejus
1629 3514 1795 3547 dnmtaxat
1819 3518 1961 3555 cognatis

1822 3568 1959 3604 excts’tis.
