<?xml version="1.0" encoding="UTF-8"?>
<!DOCTYPE html PUBLIC "-//W3C//DTD XHTML 1.0 Transitional//EN"
    "http://www.w3.org/TR/xhtml1/DTD/xhtml1-transitional.dtd">
<html xmlns="http://www.w3.org/1999/xhtml" xml:lang="en" lang="en">
 <head>
  <title>
</title>
<meta http-equiv="Content-Type" content="text/html;charset=utf-8" />
  <meta name='ocr-system' content='tesseract 3.04.00' />
  <meta name='ocr-capabilities' content='ocr_page ocr_carea ocr_par ocr_line ocrx_word'/>
</head>
<body>
  <div class='ocr_page' id='page_1' title='image "./operaomniastudio01lupuuoft_0065.png"; bbox 0 0 2346 3776; ppageno 0'>
   <div class='ocr_carea' id='block_1_1' title="bbox 31 285 151 366">
    <p class='ocr_par' dir='ltr' id='par_1_1' title="bbox 31 285 151 366">
     <span class='ocr_line' id='line_1_1' title="bbox 35 285 147 319; baseline -0.027 0"><span class='ocrx_word' id='word_1_1' title='bbox 35 285 96 319; x_wconf 75' lang='lat' dir='ltr'>Lib.</span> <span class='ocrx_word' id='word_1_2' title='bbox 117 289 147 319; x_wconf 75' lang='lat'>4:</span> 
     </span>
     <span class='ocr_line' id='line_1_2' title="bbox 31 329 151 366; baseline 0 -9"><span class='ocrx_word' id='word_1_3' title='bbox 31 334 96 366; x_wconf 76' lang='lat' dir='ltr'>c2P.</span> <span class='ocrx_word' id='word_1_4' title='bbox 106 336 120 359; x_wconf 83' lang='lat'>1</span> <span class='ocrx_word' id='word_1_5' title='bbox 126 329 151 357; x_wconf 81' lang='lat'>8.</span> 
     </span>
    </p>
   </div>
   <div class='ocr_carea' id='block_1_2' title="bbox 38 2243 161 2298">
    <p class='ocr_par' dir='ltr' id='par_1_2' title="bbox 38 2243 161 2298">
     <span class='ocr_line' id='line_1_3' title="bbox 38 2243 161 2298; baseline -0.016 -8"><span class='ocrx_word' id='word_1_6' title='bbox 38 2243 161 2298; x_wconf 50' lang='lat' dir='ltr'>capno.</span> 
     </span>
    </p>
   </div>
   <div class='ocr_carea' id='block_1_3' title="bbox 668 83 1591 149">
    <p class='ocr_par' dir='ltr' id='par_1_3' title="bbox 668 83 1591 149">
     <span class='ocr_line' id='line_1_4' title="bbox 668 83 1591 149; baseline -0.004 -16"><span class='ocrx_word' id='word_1_7' title='bbox 668 84 1112 149; x_wconf 57' lang='lat' dir='ltr'>Igi&#39;ssERTA‘rio</span> <span class='ocrx_word' id='word_1_8' title='bbox 1163 83 1591 133; x_wconf 69' lang='lat' dir='ltr'>PROOEMIALls.</span> 
     </span>
    </p>
   </div>
   <div class='ocr_carea' id='block_1_4' title="bbox 55 161 1087 1356">
    <p class='ocr_par' dir='ltr' id='par_1_4' title="bbox 197 161 1087 612">
     <span class='ocr_line' id='line_1_5' title="bbox 259 161 1087 217; baseline -0.012 -7"><span class='ocrx_word' id='word_1_9' title='bbox 259 173 389 210; x_wconf 84' lang='lat' dir='ltr'>Eodem</span> <span class='ocrx_word' id='word_1_10' title='bbox 400 170 528 217; x_wconf 76' lang='lat' dir='ltr'>penitus</span> <span class='ocrx_word' id='word_1_11' title='bbox 539 165 641 202; x_wconf 89' lang='lat' dir='ltr'>modo</span> <span class='ocrx_word' id='word_1_12' title='bbox 649 166 788 201; x_wconf 70' lang='lat' dir='ltr'>elestum</span> <span class='ocrx_word' id='word_1_13' title='bbox 798 164 892 198; x_wconf 71' lang='lat' dir='ltr'>fuisse</span> <span class='ocrx_word' id='word_1_14' title='bbox 902 164 931 197; x_wconf 89' lang='lat' dir='ltr'>S.</span> <span class='ocrx_word' id='word_1_15' title='bbox 943 161 1087 200; x_wconf 85' lang='lat' dir='ltr'>Athana·</span> 
     </span>
     <span class='ocr_line' id='line_1_6' title="bbox 208 213 1084 259; baseline -0.01 -3"><span class='ocrx_word' id='word_1_16' title='bbox 208 223 246 257; x_wconf 83' lang='lat' dir='ltr'>fii</span> <span class='ocrx_word' id='word_1_17' title='bbox 254 213 460 259; x_wconf 76' lang='lat' dir='ltr'>successorem</span> <span class='ocrx_word' id='word_1_18' title='bbox 470 217 604 253; x_wconf 88' lang='lat' dir='ltr'>Petrum</span> <span class='ocrx_word' id='word_1_19' title='bbox 617 216 727 251; x_wconf 84' lang='lat' dir='ltr'>scribit</span> <span class='ocrx_word' id='word_1_20' title='bbox 739 217 774 250; x_wconf 86' lang='lat' dir='ltr'>in</span> <span class='ocrx_word' id='word_1_21' title='bbox 786 213 1011 250; x_wconf 88' lang='lat' dir='ltr'>Ecclesiastica</span> <span class='ocrx_word' id='word_1_22' title='bbox 1022 215 1084 247; x_wconf 92' lang='lat' dir='ltr'>Hi-</span> 
     </span>
     <span class='ocr_line' id='line_1_7' title="bbox 208 262 1084 308; baseline -0.013 0"><span class='ocrx_word' id='word_1_23' title='bbox 208 273 306 308; x_wconf 84' lang='lat' dir='ltr'>storia</span> <span class='ocrx_word' id='word_1_24' title='bbox 315 269 558 306; x_wconf 82' lang='lat' dir='ltr'>Theodoretus.</span> <span class='ocrx_word' id='word_1_25' title='bbox 583 265 748 301; x_wconf 73' lang='lat' dir='ltr'>Describit</span> <span class='ocrx_word' id='word_1_26' title='bbox 769 266 797 300; x_wconf 89' lang='lat' dir='ltr'>S.</span> <span class='ocrx_word' id='word_1_27' title='bbox 819 262 990 298; x_wconf 76' lang='lat' dir='ltr'>Athanasii</span> <span class='ocrx_word' id='word_1_28' title='bbox 1002 275 1084 298; x_wconf 81' lang='lat' dir='ltr'>mor-</span> 
     </span>
     <span class='ocr_line' id='line_1_8' title="bbox 208 311 1084 364; baseline -0.013 -6"><span class='ocrx_word' id='word_1_29' title='bbox 208 332 275 359; x_wconf 85' lang='lat' dir='ltr'>tem</span> <span class='ocrx_word' id='word_1_30' title='bbox 284 346 297 363; x_wconf 95' lang='lat'>‚</span> <span class='ocrx_word' id='word_1_31' title='bbox 323 319 357 355; x_wconf 87' lang='lat'>&amp;</span> <span class='ocrx_word' id='word_1_32' title='bbox 367 320 490 364; x_wconf 88' lang='lat' dir='ltr'>pergit:</span> <span class='ocrx_word' id='word_1_33' title='bbox 518 321 629 353; x_wconf 80' lang='lat' dir='ltr'>Petrus</span> <span class='ocrx_word' id='word_1_34' title='bbox 641 316 737 359; x_wconf 77' lang='lat' dir='ltr'>facite</span> <span class='ocrx_word' id='word_1_35' title='bbox 747 323 875 359; x_wconf 83' lang='lat' dir='ltr'>optimus</span> <span class='ocrx_word' id='word_1_36' title='bbox 886 311 1084 362; x_wconf 62' lang='lat' dir='ltr'>Prasulatum</span> 
     </span>
     <span class='ocr_line' id='line_1_9' title="bbox 207 362 1084 412; baseline -0.014 -5"><span class='ocrx_word' id='word_1_37' title='bbox 207 374 290 407; x_wconf 79' lang='lat' dir='ltr'>illum</span> <span class='ocrx_word' id='word_1_38' title='bbox 299 370 424 403; x_wconf 79' lang='lat' dir='ltr'>obtinuit</span> <span class='ocrx_word' id='word_1_39' title='bbox 435 393 446 410; x_wconf 90' lang='lat'><strong>,</strong></span> <span class='ocrx_word' id='word_1_40' title='bbox 471 380 558 412; x_wconf 83' lang='lat' dir='ltr'>quem</span> <span class='ocrx_word' id='word_1_41' title='bbox 562 373 697 409; x_wconf 85' lang='lat' dir='ltr'>primum</span> <span class='ocrx_word' id='word_1_42' title='bbox 706 366 811 401; x_wconf 87' lang='lat' dir='ltr'>beatus</span> <span class='ocrx_word' id='word_1_43' title='bbox 836 362 1013 404; x_wconf 78' lang='lat' dir='ltr'>Athanafius</span> <span class='ocrx_word' id='word_1_44' title='bbox 1029 363 1084 407; x_wconf 76' lang='lat' dir='ltr'>fico</span> 
     </span>
     <span class='ocr_line' id='line_1_10' title="bbox 200 415 1083 466; baseline -0.007 -14"><span class='ocrx_word' id='word_1_45' title='bbox 200 420 343 465; x_wconf 77' lang='lat' dir='ltr'>sufflagio</span> <span class='ocrx_word' id='word_1_46' title='bbox 371 418 578 466; x_wconf 57' lang='lat' dir='ltr'>defijgnaverat</span> <span class='ocrx_word' id='word_1_47' title='bbox 599 443 610 458; x_wconf 89' lang='lat'><em>,</em></span> <span class='ocrx_word' id='word_1_48' title='bbox 645 415 762 460; x_wconf 81' lang='lat' dir='ltr'>eJusque</span> <span class='ocrx_word' id='word_1_49' title='bbox 784 415 913 449; x_wconf 61' lang='lat' dir='ltr'>eleuant</span> <span class='ocrx_word' id='word_1_50' title='bbox 934 415 972 447; x_wconf 86' lang='lat' dir='ltr'>ab</span> <span class='ocrx_word' id='word_1_51' title='bbox 992 422 1083 448; x_wconf 86' lang='lat' dir='ltr'>omni-</span> 
     </span>
     <span class='ocr_line' id='line_1_11' title="bbox 204 464 1080 512; baseline -0.005 -9"><span class='ocrx_word' id='word_1_52' title='bbox 204 470 259 503; x_wconf 87' lang='lat' dir='ltr'>bus</span> <span class='ocrx_word' id='word_1_53' title='bbox 269 494 280 510; x_wconf 92' lang='lat'>,</span> <span class='ocrx_word' id='word_1_54' title='bbox 305 480 370 503; x_wconf 89' lang='lat' dir='ltr'>tam</span> <span class='ocrx_word' id='word_1_55' title='bbox 379 464 583 502; x_wconf 75' lang='lat' dir='ltr'>Sacerdotibus</span> <span class='ocrx_word' id='word_1_56' title='bbox 594 471 684 512; x_wconf 67' lang='lat' dir='ltr'>quam</span> <span class='ocrx_word' id='word_1_57' title='bbox 695 465 919 511; x_wconf 77' lang='lat' dir='ltr'>Magistrattbus</span> <span class='ocrx_word' id='word_1_58' title='bbox 942 490 952 506; x_wconf 91' lang='lat'>,</span> <span class='ocrx_word' id='word_1_59' title='bbox 978 465 1080 509; x_wconf 84' lang='lat' dir='ltr'>adsen-</span> 
     </span>
     <span class='ocr_line' id='line_1_12' title="bbox 197 515 1079 563; baseline -0.005 -11"><span class='ocrx_word' id='word_1_60' title='bbox 197 517 266 562; x_wconf 77' lang='lat' dir='ltr'>sum</span> <span class='ocrx_word' id='word_1_61' title='bbox 277 518 323 560; x_wconf 83' lang='lat' dir='ltr'>est.</span> <span class='ocrx_word' id='word_1_62' title='bbox 362 519 493 563; x_wconf 81' lang='lat' dir='ltr'>Populus</span> <span class='ocrx_word' id='word_1_63' title='bbox 512 531 623 562; x_wconf 82' lang='lat' dir='ltr'>quoque</span> <span class='ocrx_word' id='word_1_64' title='bbox 640 515 798 560; x_wconf 81' lang='lat' dir='ltr'>universus</span> <span class='ocrx_word' id='word_1_65' title='bbox 820 516 1079 549; x_wconf 83' lang='lat' dir='ltr'>acclamationibus</span> 
     </span>
     <span class='ocr_line' id='line_1_13' title="bbox 200 564 1080 612; baseline -0.006 -10"><span class='ocrx_word' id='word_1_66' title='bbox 200 576 347 611; x_wconf 80' lang='lat' dir='ltr'>quantum</span> <span class='ocrx_word' id='word_1_67' title='bbox 355 570 649 612; x_wconf 77' lang='lat' dir='ltr'>laetitiaepercepiffet</span> <span class='ocrx_word' id='word_1_68' title='bbox 659 591 670 607; x_wconf 92' lang='lat'>,</span> <span class='ocrx_word' id='word_1_69' title='bbox 695 564 917 606; x_wconf 66' lang='lat' dir='ltr'>demonstravit.</span> <span class='ocrx_word' id='word_1_70' title='bbox 941 568 1080 610; x_wconf 73' lang='lat' dir='ltr'>,Quapro-</span> 
     </span>
    </p>

    <p class='ocr_par' dir='ltr' id='par_1_5' title="bbox 60 617 1078 909">
     <span class='ocr_line' id='line_1_14' title="bbox 193 617 1078 663; baseline -0.003 -12"><span class='ocrx_word' id='word_1_71' title='bbox 193 626 267 660; x_wconf 85' lang='lat' dir='ltr'><em>pter</em></span> <span class='ocrx_word' id='word_1_72' title='bbox 278 617 418 663; x_wconf 75' lang='lat' dir='ltr'>Epifiopi</span> <span class='ocrx_word' id='word_1_73' title='bbox 424 624 517 653; x_wconf 73' lang='lat' dir='ltr'>vicini</span> <span class='ocrx_word' id='word_1_74' title='bbox 526 617 652 661; x_wconf 76' lang='lat' dir='ltr'>eostmul</span> <span class='ocrx_word' id='word_1_75' title='bbox 659 623 704 651; x_wconf 84' lang='lat' dir='ltr'>ire</span> <span class='ocrx_word' id='word_1_76' title='bbox 712 625 871 650; x_wconf 82' lang='lat' dir='ltr'>maturant</span> <span class='ocrx_word' id='word_1_77' title='bbox 881 641 891 657; x_wconf 95' lang='lat'>,</span> <span class='ocrx_word' id='word_1_78' title='bbox 902 619 946 649; x_wconf 87' lang='lat' dir='ltr'>ad</span> <span class='ocrx_word' id='word_1_79' title='bbox 955 620 1078 650; x_wconf 83' lang='lat' dir='ltr'>Petrum</span> 
     </span>
     <span class='ocr_line' id='line_1_15' title="bbox 197 665 1077 711; baseline -0.001 -11"><span class='ocrx_word' id='word_1_80' title='bbox 197 674 233 700; x_wconf 84' lang='lat' dir='ltr'>in</span> <span class='ocrx_word' id='word_1_81' title='bbox 241 669 314 703; x_wconf 74' lang='lat' dir='ltr'>sede</span> <span class='ocrx_word' id='word_1_82' title='bbox 325 667 476 711; x_wconf 76' lang='lat' dir='ltr'>Athanasii</span> <span class='ocrx_word' id='word_1_83' title='bbox 487 669 687 703; x_wconf 81' lang='lat' dir='ltr'>collocandum.</span> <span class='ocrx_word' id='word_1_84' title='bbox 714 667 759 702; x_wconf 84' lang='lat' dir='ltr'>Et</span> <span class='ocrx_word' id='word_1_85' title='bbox 768 666 919 701; x_wconf 77' lang='lat' dir='ltr'>adversus</span> <span class='ocrx_word' id='word_1_86' title='bbox 934 665 1077 701; x_wconf 84' lang='lat' dir='ltr'>Alexan-</span> 
     </span>
     <span class='ocr_line' id='line_1_16' title="bbox 196 714 1075 757; baseline -0.002 -6"><span class='ocrx_word' id='word_1_87' title='bbox 196 717 298 753; x_wconf 84' lang='lat' dir='ltr'>drinae</span> <span class='ocrx_word' id='word_1_88' title='bbox 308 719 456 755; x_wconf 74' lang='lat' dir='ltr'>Ecclefiz</span> <span class='ocrx_word' id='word_1_89' title='bbox 465 719 646 756; x_wconf 82' lang='lat' dir='ltr'>invasorem</span> <span class='ocrx_word' id='word_1_90' title='bbox 655 714 876 752; x_wconf 88' lang='lat' dir='ltr'>Timotheum</span> <span class='ocrx_word' id='word_1_91' title='bbox 900 715 1057 750; x_wconf 81' lang='lat' dir='ltr'>AElurum</span> <span class='ocrx_word' id='word_1_92' title='bbox 1066 741 1075 757; x_wconf 91' lang='lat'>‚</span> 
     </span>
     <span class='ocr_line' id='line_1_17' title="bbox 195 765 1074 812; baseline -0.003 -10"><span class='ocrx_word' id='word_1_93' title='bbox 195 767 318 811; x_wconf 76' lang='lat' dir='ltr'>scripsit</span> <span class='ocrx_word' id='word_1_94' title='bbox 327 770 368 803; x_wconf 88' lang='lat' dir='ltr'>ad</span> <span class='ocrx_word' id='word_1_95' title='bbox 380 769 527 804; x_wconf 78' lang='lat' dir='ltr'>Leonem</span> <span class='ocrx_word' id='word_1_96' title='bbox 538 770 770 812; x_wconf 78' lang='lat' dir='ltr'>Imperatorem</span> <span class='ocrx_word' id='word_1_97' title='bbox 789 766 968 801; x_wconf 86' lang='lat' dir='ltr'>Anatolius</span> <span class='ocrx_word' id='word_1_98' title='bbox 987 765 1074 801; x_wconf 91' lang='lat' dir='ltr'>Con-</span> 
     </span>
     <span class='ocr_line' id='line_1_18' title="bbox 60 815 1076 865; baseline -0.004 -13"><span class='ocrx_word' id='word_1_99' title='bbox 60 824 176 865; x_wconf 61' lang='lat' dir='ltr'>epistj2,</span> <span class='ocrx_word' id='word_1_100' title='bbox 195 817 512 865; x_wconf 81' lang='lat' dir='ltr'>stantinopolitanus</span> <span class='ocrx_word' id='word_1_101' title='bbox 519 819 719 863; x_wconf 78' lang='lat' dir='ltr'>Episcopus:</span> <span class='ocrx_word' id='word_1_102' title='bbox 747 815 930 851; x_wconf 76' lang='lat' dir='ltr'><em>Timotheum</em></span> <span class='ocrx_word' id='word_1_103' title='bbox 947 816 1076 850; x_wconf 72' lang='lat' dir='ltr'>Alexan-</span> 
     </span>
     <span class='ocr_line' id='line_1_19' title="bbox 194 866 1074 909; baseline -0.001 -9"><span class='ocrx_word' id='word_1_104' title='bbox 194 866 347 901; x_wconf 74' lang='lat' dir='ltr'>drinorum</span> <span class='ocrx_word' id='word_1_105' title='bbox 350 868 480 909; x_wconf 78' lang='lat' dir='ltr'>populus</span> <span class='ocrx_word' id='word_1_106' title='bbox 491 889 503 907; x_wconf 84' lang='lat'><em>‚</em></span> <span class='ocrx_word' id='word_1_107' title='bbox 512 868 547 903; x_wconf 69' lang='lat' dir='ltr'>o·</span> <span class='ocrx_word' id='word_1_108' title='bbox 557 870 700 902; x_wconf 73' lang='lat' dir='ltr'>Honorati</span> <span class='ocrx_word' id='word_1_109' title='bbox 710 892 721 908; x_wconf 93' lang='lat'>‚</span> <span class='ocrx_word' id='word_1_110' title='bbox 733 869 769 902; x_wconf 60' lang='grc' dir='ltr'>(ν</span> <span class='ocrx_word' id='word_1_111' title='bbox 780 868 931 907; x_wconf 72' lang='lat' dir='ltr'>curiales,</span> <span class='ocrx_word' id='word_1_112' title='bbox 942 868 976 900; x_wconf 66' lang='grc'>(9</span> <span class='ocrx_word' id='word_1_113' title='bbox 988 870 1023 900; x_wconf 86' lang='lat' dir='ltr'><em>N</em></span> <span class='ocrx_word' id='word_1_114' title='bbox 1024 878 1074 900; x_wconf 86' lang='lat' dir='ltr'>au-</span> 
     </span>
    </p>

    <p class='ocr_par' dir='ltr' id='par_1_6' title="bbox 55 915 1072 1356">
     <span class='ocr_line' id='line_1_20' title="bbox 142 915 1072 960; baseline -0.001 -8"><span class='ocrx_word' id='word_1_115' title='bbox 142 938 144 940; x_wconf 33' lang='grc' dir='ltr'><em>ν</em></span> <span class='ocrx_word' id='word_1_116' title='bbox 192 917 263 953; x_wconf 71' lang='lat' dir='ltr'>cleri</span> <span class='ocrx_word' id='word_1_117' title='bbox 283 915 462 960; x_wconf 82' lang='lat' dir='ltr'>Epifi·opum</span> <span class='ocrx_word' id='word_1_118' title='bbox 471 916 528 959; x_wconf 74' lang='lat' dir='ltr'>fibi</span> <span class='ocrx_word' id='word_1_119' title='bbox 541 925 661 960; x_wconf 84' lang='lat' dir='ltr'>petunt.</span> <span class='ocrx_word' id='word_1_120' title='bbox 697 917 742 952; x_wconf 85' lang='lat' dir='ltr'>Et</span> <span class='ocrx_word' id='word_1_121' title='bbox 761 928 840 952; x_wconf 91' lang='lat' dir='ltr'>cum</span> <span class='ocrx_word' id='word_1_122' title='bbox 861 918 916 951; x_wconf 92' lang='lat' dir='ltr'>sua</span> <span class='ocrx_word' id='word_1_123' title='bbox 936 915 1072 960; x_wconf 89' lang='lat' dir='ltr'>Synodo</span> 
     </span>
     <span class='ocr_line' id='line_1_21' title="bbox 59 961 1072 1013; baseline -0.002 -11"><span class='ocrx_word' id='word_1_124' title='bbox 59 961 177 1002; x_wconf 54' lang='lat' dir='ltr'>eistst-²⁷</span> <span class='ocrx_word' id='word_1_125' title='bbox 183 969 186 972; x_wconf 58' lang='lat'><em>⁴</em></span> <span class='ocrx_word' id='word_1_126' title='bbox 193 965 336 1013; x_wconf 72' lang='lat' dir='ltr'>Ioannes</span> <span class='ocrx_word' id='word_1_127' title='bbox 345 967 573 1006; x_wconf 80' lang='lat' dir='ltr'>Heraclaeenfis</span> <span class='ocrx_word' id='word_1_128' title='bbox 584 967 763 1012; x_wconf 83' lang='lat' dir='ltr'>Episcopus</span> <span class='ocrx_word' id='word_1_129' title='bbox 771 991 781 1007; x_wconf 88' lang='lat'>‚</span> <span class='ocrx_word' id='word_1_130' title='bbox 804 968 942 1011; x_wconf 72' lang='lat' dir='ltr'>Europae</span> <span class='ocrx_word' id='word_1_131' title='bbox 950 967 1072 1001; x_wconf 89' lang='lat' dir='ltr'>Metro-</span> 
     </span>
     <span class='ocr_line' id='line_1_22' title="bbox 191 1015 1070 1061; baseline -0.001 -10"><span class='ocrx_word' id='word_1_132' title='bbox 191 1015 316 1061; x_wconf 83' lang='lat' dir='ltr'>polita:</span> <span class='ocrx_word' id='word_1_133' title='bbox 343 1017 525 1052; x_wconf 76' lang='lat' dir='ltr'>Timotheum</span> <span class='ocrx_word' id='word_1_134' title='bbox 535 1018 938 1060; x_wconf 73' lang='lat' dir='ltr'>Alexandrinorumpqoulus</span> <span class='ocrx_word' id='word_1_135' title='bbox 953 1016 1070 1058; x_wconf 75' lang='lat' dir='ltr'>fibimet</span> 
     </span>
     <span class='ocr_line' id='line_1_23' title="bbox 55 1065 1066 1117; baseline -0.001 -17"><span class='ocrx_word' id='word_1_136' title='bbox 55 1077 173 1117; x_wconf 53' lang='lat' dir='ltr'>epist„</span> <span class='ocrx_word' id='word_1_137' title='bbox 189 1065 370 1110; x_wconf 73' lang='lat' dir='ltr'>Epiftopum</span> <span class='ocrx_word' id='word_1_138' title='bbox 377 1070 542 1102; x_wconf 72' lang='lat' dir='ltr'>ordinavit.</span> <span class='ocrx_word' id='word_1_139' title='bbox 569 1068 615 1102; x_wconf 88' lang='lat' dir='ltr'>Et</span> <span class='ocrx_word' id='word_1_140' title='bbox 624 1068 720 1111; x_wconf 87' lang='lat' dir='ltr'>plena</span> <span class='ocrx_word' id='word_1_141' title='bbox 732 1067 878 1112; x_wconf 86' lang='lat' dir='ltr'>AEgypti</span> <span class='ocrx_word' id='word_1_142' title='bbox 895 1065 1047 1110; x_wconf 73' lang='lat' dir='ltr'>synodus</span> <span class='ocrx_word' id='word_1_143' title='bbox 1059 1078 1066 1096; x_wconf 75' lang='grc' dir='ltr'>ε</span> 
     </span>
     <span class='ocr_line' id='line_1_24' title="bbox 188 1117 1066 1160; baseline -0.002 -11"><span class='ocrx_word' id='word_1_144' title='bbox 188 1118 313 1155; x_wconf 77' lang='lat' dir='ltr'>Sanciat</span> <span class='ocrx_word' id='word_1_145' title='bbox 323 1117 421 1159; x_wconf 64' lang='lat' dir='ltr'>vestra</span> <span class='ocrx_word' id='word_1_146' title='bbox 430 1120 570 1151; x_wconf 77' lang='lat' dir='ltr'>Potentia</span> <span class='ocrx_word' id='word_1_147' title='bbox 579 1143 589 1158; x_wconf 94' lang='lat'>‚</span> <span class='ocrx_word' id='word_1_148' title='bbox 615 1127 650 1150; x_wconf 86' lang='lat' dir='ltr'>ut</span> <span class='ocrx_word' id='word_1_149' title='bbox 661 1117 831 1150; x_wconf 80' lang='lat' dir='ltr'>Timotheus</span> <span class='ocrx_word' id='word_1_150' title='bbox 843 1143 852 1157; x_wconf 91' lang='lat'>,</span> <span class='ocrx_word' id='word_1_151' title='bbox 878 1124 931 1160; x_wconf 79' lang='lat' dir='ltr'>qui</span> <span class='ocrx_word' id='word_1_152' title='bbox 949 1122 994 1158; x_wconf 76' lang='lat' dir='ltr'>ita</span> <span class='ocrx_word' id='word_1_153' title='bbox 1012 1127 1066 1148; x_wconf 84' lang='lat' dir='ltr'>va-</span> 
     </span>
     <span class='ocr_line' id='line_1_25' title="bbox 183 1165 1066 1209; baseline -0.002 -10"><span class='ocrx_word' id='word_1_154' title='bbox 183 1165 281 1208; x_wconf 68' lang='lat' dir='ltr'>stavit</span> <span class='ocrx_word' id='word_1_155' title='bbox 291 1167 503 1209; x_wconf 70' lang='lat' dir='ltr'>Ecclefiasticas</span> <span class='ocrx_word' id='word_1_156' title='bbox 522 1166 694 1200; x_wconf 55' lang='lat' dir='ltr'>sandiones</span> <span class='ocrx_word' id='word_1_157' title='bbox 705 1191 717 1206; x_wconf 95' lang='lat'>,</span> <span class='ocrx_word' id='word_1_158' title='bbox 742 1167 781 1199; x_wconf 87' lang='lat' dir='ltr'>ab</span> <span class='ocrx_word' id='word_1_159' title='bbox 801 1167 1066 1200; x_wconf 75' lang='lat' dir='ltr'>Alexandrinorum</span> 
     </span>
     <span class='ocr_line' id='line_1_26' title="bbox 188 1214 1065 1261; baseline -0.003 -11"><span class='ocrx_word' id='word_1_160' title='bbox 188 1215 318 1261; x_wconf 67' lang='lat' dir='ltr'>Ecclesia</span> <span class='ocrx_word' id='word_1_161' title='bbox 321 1215 430 1260; x_wconf 74' lang='lat' dir='ltr'>sant‘la</span> <span class='ocrx_word' id='word_1_162' title='bbox 439 1219 557 1257; x_wconf 75' lang='lat' dir='ltr'>recedat</span> <span class='ocrx_word' id='word_1_163' title='bbox 564 1241 575 1256; x_wconf 94' lang='lat'>,</span> <span class='ocrx_word' id='word_1_164' title='bbox 593 1222 639 1248; x_wconf 83' lang='lat' dir='ltr'>cui</span> <span class='ocrx_word' id='word_1_165' title='bbox 643 1214 831 1257; x_wconf 83' lang='lat' dir='ltr'>praesederat</span> <span class='ocrx_word' id='word_1_166' title='bbox 838 1218 995 1253; x_wconf 66' lang='lat' dir='ltr'>Tpanmco</span> <span class='ocrx_word' id='word_1_167' title='bbox 1011 1226 1065 1247; x_wconf 84' lang='lat' dir='ltr'>mo-</span> 
     </span>
     <span class='ocr_line' id='line_1_27' title="bbox 186 1263 1067 1310; baseline 0 -12"><span class='ocrx_word' id='word_1_168' title='bbox 186 1266 227 1298; x_wconf 80' lang='lat' dir='ltr'>do</span> <span class='ocrx_word' id='word_1_169' title='bbox 237 1291 249 1307; x_wconf 92' lang='lat'>,</span> <span class='ocrx_word' id='word_1_170' title='bbox 273 1267 308 1300; x_wconf 65' lang='grc' dir='ltr'>Θ·</span> <span class='ocrx_word' id='word_1_171' title='bbox 317 1278 375 1299; x_wconf 91' lang='lat' dir='ltr'>non</span> <span class='ocrx_word' id='word_1_172' title='bbox 383 1267 514 1310; x_wconf 74' lang='lat' dir='ltr'>legitimu</span> <span class='ocrx_word' id='word_1_173' title='bbox 522 1263 702 1307; x_wconf 61' lang='lat' dir='ltr'>dispostione</span> <span class='ocrx_word' id='word_1_174' title='bbox 711 1269 846 1297; x_wconf 79' lang='lat' dir='ltr'>tentavit</span> <span class='ocrx_word' id='word_1_175' title='bbox 857 1274 951 1306; x_wconf 79' lang='lat' dir='ltr'>atque</span> <span class='ocrx_word' id='word_1_176' title='bbox 966 1264 1067 1306; x_wconf 57' lang='lat' dir='ltr'>perse*</span> 
     </span>
     <span class='ocr_line' id='line_1_28' title="bbox 185 1311 1062 1356; baseline -0.001 -8"><span class='ocrx_word' id='word_1_177' title='bbox 185 1321 250 1354; x_wconf 68' lang='lat' dir='ltr'>cit,</span> <span class='ocrx_word' id='word_1_178' title='bbox 275 1324 487 1356; x_wconf 83' lang='lat' dir='ltr'>tantarumque</span> <span class='ocrx_word' id='word_1_179' title='bbox 496 1311 764 1355; x_wconf 71' lang='lat' dir='ltr'>praeficmptlonum</span> <span class='ocrx_word' id='word_1_180' title='bbox 786 1320 884 1354; x_wconf 77' lang='lat' dir='ltr'>poenae</span> <span class='ocrx_word' id='word_1_181' title='bbox 899 1312 1062 1356; x_wconf 82' lang='lat' dir='ltr'>subjaceat.-</span> 
     </span>
    </p>
   </div>
   <div class='ocr_carea' id='block_1_5' title="bbox 184 1361 1061 1457">
    <p class='ocr_par' dir='ltr' id='par_1_7' title="bbox 184 1361 1061 1457">
     <span class='ocr_line' id='line_1_29' title="bbox 186 1361 1061 1406; baseline 0.002 -11"><span class='ocrx_word' id='word_1_182' title='bbox 186 1361 304 1396; x_wconf 75' lang='lat' dir='ltr'>Deinde</span> <span class='ocrx_word' id='word_1_183' title='bbox 302 1363 423 1404; x_wconf 83' lang='lat' dir='ltr'>jubeat,</span> <span class='ocrx_word' id='word_1_184' title='bbox 430 1362 503 1404; x_wconf 72' lang='lat' dir='ltr'>ficut</span> <span class='ocrx_word' id='word_1_185' title='bbox 508 1361 614 1405; x_wconf 61' lang='lat' dir='ltr'>sancqe</span> <span class='ocrx_word' id='word_1_186' title='bbox 627 1365 755 1395; x_wconf 68' lang='lat' dir='ltr'>patrum</span> <span class='ocrx_word' id='word_1_187' title='bbox 765 1364 876 1406; x_wconf 73' lang='lat' dir='ltr'>Regule</span> <span class='ocrx_word' id='word_1_188' title='bbox 880 1371 1061 1406; x_wconf 72' lang='lat' dir='ltr'>precipiunt,</span> 
     </span>
     <span class='ocr_line' id='line_1_30' title="bbox 184 1412 1060 1457; baseline 0.001 -10"><span class='ocrx_word' id='word_1_189' title='bbox 184 1413 221 1447; x_wconf 64' lang='grc' dir='ltr'>ΕΙ</span> <span class='ocrx_word' id='word_1_190' title='bbox 231 1420 359 1456; x_wconf 74' lang='lat' dir='ltr'>antiqua</span> <span class='ocrx_word' id='word_1_191' title='bbox 369 1412 554 1457; x_wconf 76' lang='lat' dir='ltr'>Consuetudo</span> <span class='ocrx_word' id='word_1_192' title='bbox 578 1413 675 1446; x_wconf 84' lang='lat' dir='ltr'>tradit</span> <span class='ocrx_word' id='word_1_193' title='bbox 682 1437 693 1453; x_wconf 92' lang='lat'>‚</span> <span class='ocrx_word' id='word_1_194' title='bbox 719 1415 909 1457; x_wconf 73' lang='lat' dir='ltr'>AEgyptiacae</span> <span class='ocrx_word' id='word_1_195' title='bbox 930 1414 1060 1457; x_wconf 80' lang='lat' dir='ltr'>Dioecefis</span> 
     </span>
    </p>
   </div>
   <div class='ocr_carea' id='block_1_6' title="bbox 184 1462 1062 1502">
    <p class='ocr_par' dir='ltr' id='par_1_8' title="bbox 184 1462 1062 1502">
     <span class='ocr_line' id='line_1_31' title="bbox 184 1462 1062 1502; baseline 0.002 -6"><span class='ocrx_word' id='word_1_196' title='bbox 184 1475 298 1497; x_wconf 84' lang='lat' dir='ltr'>omnem</span> <span class='ocrx_word' id='word_1_197' title='bbox 307 1465 447 1502; x_wconf 63' lang='lat' dir='ltr'>synodum</span> <span class='ocrx_word' id='word_1_198' title='bbox 459 1462 661 1496; x_wconf 80' lang='lat' dir='ltr'>orthodoxam</span> <span class='ocrx_word' id='word_1_199' title='bbox 671 1487 681 1502; x_wconf 90' lang='lat'><strong><em>,</em></strong></span> <span class='ocrx_word' id='word_1_200' title='bbox 692 1463 1012 1498; x_wconf 59' lang='lat' dir='ltr'>&amp;communicavit-em</span> <span class='ocrx_word' id='word_1_201' title='bbox 1022 1475 1062 1498; x_wconf 90' lang='lat' dir='ltr'>to-</span> 
     </span>
    </p>
   </div>
   <div class='ocr_carea' id='block_1_7' title="bbox 171 1511 1060 3398">
    <p class='ocr_par' dir='ltr' id='par_1_9' title="bbox 175 1511 1060 2107">
     <span class='ocr_line' id='line_1_32' title="bbox 182 1511 1060 1559; baseline 0 -11"><span class='ocrx_word' id='word_1_202' title='bbox 182 1520 247 1548; x_wconf 76' lang='lat' dir='ltr'>tius</span> <span class='ocrx_word' id='word_1_203' title='bbox 253 1513 336 1546; x_wconf 80' lang='lat' dir='ltr'>&#39;orbis</span> <span class='ocrx_word' id='word_1_204' title='bbox 344 1512 568 1557; x_wconf 82' lang='lat' dir='ltr'>Episcoporum‚</span> <span class='ocrx_word' id='word_1_205' title='bbox 578 1519 747 1555; x_wconf 81' lang='lat' dir='ltr'>quempiam</span> <span class='ocrx_word' id='word_1_206' title='bbox 753 1511 871 1556; x_wconf 62' lang='lat' dir='ltr'>sanblae</span> <span class='ocrx_word' id='word_1_207' title='bbox 882 1521 947 1556; x_wconf 75' lang='lat' dir='ltr'>vite</span> <span class='ocrx_word' id='word_1_208' title='bbox 955 1516 1060 1559; x_wconf 81' lang='lat' dir='ltr'>eligere</span> 
     </span>
     <span class='ocr_line' id='line_1_33' title="bbox 183 1564 1060 1608; baseline 0.003 -12"><span class='ocrx_word' id='word_1_209' title='bbox 183 1564 306 1608; x_wconf 78' lang='lat' dir='ltr'>dignum</span> <span class='ocrx_word' id='word_1_210' title='bbox 314 1565 479 1598; x_wconf 75' lang='lat' dir='ltr'>Sacerdotio</span> <span class='ocrx_word' id='word_1_211' title='bbox 492 1569 592 1598; x_wconf 82' lang='lat' dir='ltr'>virum</span> <span class='ocrx_word' id='word_1_212' title='bbox 602 1587 612 1603; x_wconf 93' lang='lat'><em>‚</em></span> <span class='ocrx_word' id='word_1_213' title='bbox 638 1569 689 1607; x_wconf 79' lang='lat' dir='ltr'>qui</span> <span class='ocrx_word' id='word_1_214' title='bbox 697 1565 767 1597; x_wconf 80' lang='lat' dir='ltr'>Sedi</span> <span class='ocrx_word' id='word_1_215' title='bbox 778 1566 807 1597; x_wconf 85' lang='lat'>5.</span> <span class='ocrx_word' id='word_1_216' title='bbox 823 1567 924 1598; x_wconf 78' lang='lat' dir='ltr'>Marci</span> <span class='ocrx_word' id='word_1_217' title='bbox 935 1571 1060 1607; x_wconf 85' lang='lat' dir='ltr'>irrepre-</span> 
     </span>
     <span class='ocr_line' id='line_1_34' title="bbox 181 1611 1059 1658; baseline 0.002 -11"><span class='ocrx_word' id='word_1_218' title='bbox 181 1612 328 1656; x_wconf 78' lang='lat' dir='ltr'>benfibilis</span> <span class='ocrx_word' id='word_1_219' title='bbox 337 1616 487 1648; x_wconf 80' lang='lat' dir='ltr'>videatur.</span> <span class='ocrx_word' id='word_1_220' title='bbox 513 1611 754 1655; x_wconf 86' lang='lat' dir='ltr'>Timotheum,</span> <span class='ocrx_word' id='word_1_221' title='bbox 781 1614 872 1658; x_wconf 88' lang='lat' dir='ltr'>quod</span> <span class='ocrx_word' id='word_1_222' title='bbox 884 1615 902 1648; x_wconf 73' lang='grc' dir='ltr'>ὲ</span> <span class='ocrx_word' id='word_1_223' title='bbox 913 1615 983 1649; x_wconf 88' lang='lat' dir='ltr'>solo</span> <span class='ocrx_word' id='word_1_224' title='bbox 997 1616 1059 1650; x_wconf 85' lang='lat' dir='ltr'>Po-</span> 
     </span>
     <span class='ocr_line' id='line_1_35' title="bbox 181 1663 1059 1710; baseline 0.005 -14"><span class='ocrx_word' id='word_1_225' title='bbox 181 1663 348 1708; x_wconf 72' lang='lat' dir='ltr'>pulo&#39;esset</span> <span class='ocrx_word' id='word_1_226' title='bbox 357 1664 476 1700; x_wconf 71' lang='lat' dir='ltr'>elestus</span> <span class='ocrx_word' id='word_1_227' title='bbox 486 1666 641 1705; x_wconf 87' lang='lat' dir='ltr'>‚affirmat</span> <span class='ocrx_word' id='word_1_228' title='bbox 652 1665 714 1698; x_wconf 83' lang='lat' dir='ltr'>effe</span> <span class='ocrx_word' id='word_1_229' title='bbox 725 1665 886 1700; x_wconf 88' lang='lat' dir='ltr'>intrusum</span> <span class='ocrx_word' id='word_1_230' title='bbox 899 1691 908 1706; x_wconf 95' lang='lat'>,</span> <span class='ocrx_word' id='word_1_231' title='bbox 920 1665 1059 1710; x_wconf 81' lang='lat' dir='ltr'>ideoque</span> 
     </span>
     <span class='ocr_line' id='line_1_36' title="bbox 180 1713 1057 1758; baseline 0.003 -11"><span class='ocrx_word' id='word_1_232' title='bbox 180 1713 451 1749; x_wconf 72' lang='lat' dir='ltr'>&amp;extruendum</span> <span class='ocrx_word' id='word_1_233' title='bbox 478 1715 554 1749; x_wconf 81' lang='lat' dir='ltr'>Effe</span> <span class='ocrx_word' id='word_1_234' title='bbox 563 1715 732 1758; x_wconf 87' lang='lat' dir='ltr'>antiquam</span> <span class='ocrx_word' id='word_1_235' title='bbox 745 1714 1036 1750; x_wconf 84' lang='lat' dir='ltr'>Consuetudinem</span> <span class='ocrx_word' id='word_1_236' title='bbox 1049 1741 1057 1756; x_wconf 93' lang='lat'>,</span> 
     </span>
     <span class='ocr_line' id='line_1_37' title="bbox 179 1763 1058 1808; baseline 0.005 -12"><span class='ocrx_word' id='word_1_237' title='bbox 179 1772 222 1796; x_wconf 79' lang='lat' dir='ltr'>ut</span> <span class='ocrx_word' id='word_1_238' title='bbox 238 1775 366 1808; x_wconf 88' lang='lat' dir='ltr'>magnae</span> <span class='ocrx_word' id='word_1_239' title='bbox 383 1763 592 1798; x_wconf 69' lang='lat' dir='ltr'>Alexandriae</span> <span class='ocrx_word' id='word_1_240' title='bbox 608 1763 787 1807; x_wconf 82' lang='lat' dir='ltr'>Episcopus</span> <span class='ocrx_word' id='word_1_241' title='bbox 812 1765 904 1808; x_wconf 83' lang='lat' dir='ltr'>juxta</span> <span class='ocrx_word' id='word_1_242' title='bbox 923 1765 1058 1800; x_wconf 86' lang='lat' dir='ltr'>Patrum</span> 
     </span>
     <span class='ocr_line' id='line_1_38' title="bbox 180 1812 1058 1858; baseline 0.003 -11"><span class='ocrx_word' id='word_1_243' title='bbox 180 1812 327 1857; x_wconf 85' lang='lat' dir='ltr'>Regulas</span> <span class='ocrx_word' id='word_1_244' title='bbox 337 1813 477 1858; x_wconf 78' lang='lat' dir='ltr'>eligatur</span> <span class='ocrx_word' id='word_1_245' title='bbox 485 1813 526 1847; x_wconf 87' lang='lat' dir='ltr'>ab</span> <span class='ocrx_word' id='word_1_246' title='bbox 535 1814 683 1846; x_wconf 88' lang='lat' dir='ltr'>universa</span> <span class='ocrx_word' id='word_1_247' title='bbox 707 1812 914 1857; x_wconf 80' lang='lat' dir='ltr'>AEgyptiacae</span> <span class='ocrx_word' id='word_1_248' title='bbox 931 1815 1058 1850; x_wconf 82' lang='lat' dir='ltr'>Dioece-</span> 
     </span>
     <span class='ocr_line' id='line_1_39' title="bbox 179 1862 1058 1906; baseline 0.003 -11"><span class='ocrx_word' id='word_1_249' title='bbox 179 1863 253 1896; x_wconf 86' lang='lat' dir='ltr'>seos</span> <span class='ocrx_word' id='word_1_250' title='bbox 263 1862 399 1905; x_wconf 85' lang='lat' dir='ltr'>Synodo</span> <span class='ocrx_word' id='word_1_251' title='bbox 409 1887 419 1902; x_wconf 92' lang='lat'>,</span> <span class='ocrx_word' id='word_1_252' title='bbox 429 1862 552 1906; x_wconf 88' lang='lat' dir='ltr'>istaque</span> <span class='ocrx_word' id='word_1_253' title='bbox 563 1862 679 1896; x_wconf 70' lang='lat' dir='ltr'>elestio</span> <span class='ocrx_word' id='word_1_254' title='bbox 691 1873 746 1905; x_wconf 86' lang='lat' dir='ltr'>per</span> <span class='ocrx_word' id='word_1_255' title='bbox 758 1862 894 1897; x_wconf 79' lang='lat' dir='ltr'>Clerum</span> <span class='ocrx_word' id='word_1_256' title='bbox 906 1864 1058 1898; x_wconf 87' lang='lat' dir='ltr'>Civitatis</span> 
     </span>
     <span class='ocr_line' id='line_1_40' title="bbox 176 1910 1058 1957; baseline 0.003 -11"><span class='ocrx_word' id='word_1_257' title='bbox 176 1916 218 1946; x_wconf 57' lang='lat' dir='ltr'>fic</span> <span class='ocrx_word' id='word_1_258' title='bbox 226 1910 392 1954; x_wconf 83' lang='lat' dir='ltr'>Populum</span> <span class='ocrx_word' id='word_1_259' title='bbox 402 1911 553 1955; x_wconf 72' lang='lat' dir='ltr'>probetur</span> <span class='ocrx_word' id='word_1_260' title='bbox 563 1912 599 1944; x_wconf 76' lang='grc' dir='ltr'>ὅτ</span> <span class='ocrx_word' id='word_1_261' title='bbox 608 1920 801 1954; x_wconf 80' lang='lat' dir='ltr'>acceptetur.</span> <span class='ocrx_word' id='word_1_262' title='bbox 828 1913 880 1947; x_wconf 84' lang='lat' dir='ltr'>Ex</span> <span class='ocrx_word' id='word_1_263' title='bbox 889 1925 956 1957; x_wconf 88' lang='lat' dir='ltr'>quo</span> <span class='ocrx_word' id='word_1_264' title='bbox 970 1914 1058 1949; x_wconf 87' lang='lat' dir='ltr'>vides</span> 
     </span>
     <span class='ocr_line' id='line_1_41' title="bbox 175 1959 1058 2006; baseline 0.007 -12"><span class='ocrx_word' id='word_1_265' title='bbox 175 1960 199 1995; x_wconf 63' lang='grc' dir='ltr'>ᾖ,</span> <span class='ocrx_word' id='word_1_266' title='bbox 209 1961 319 1995; x_wconf 68' lang='grc' dir='ltr'><strong>Γαηόὶο</strong></span> <span class='ocrx_word' id='word_1_267' title='bbox 329 1962 542 2006; x_wconf 88' lang='lat' dir='ltr'>Hieronymo</span> <span class='ocrx_word' id='word_1_268' title='bbox 551 1960 586 1995; x_wconf 76' lang='grc' dir='ltr'>δε</span> <span class='ocrx_word' id='word_1_269' title='bbox 593 1959 780 1994; x_wconf 77' lang='lat' dir='ltr'>patriarcha</span> <span class='ocrx_word' id='word_1_270' title='bbox 787 1961 982 2005; x_wconf 84' lang='lat' dir='ltr'>Euthychio</span> <span class='ocrx_word' id='word_1_271' title='bbox 994 1976 1058 1999; x_wconf 88' lang='lat' dir='ltr'>me-</span> 
     </span>
     <span class='ocr_line' id='line_1_42' title="bbox 176 2008 1057 2057; baseline 0.003 -12"><span class='ocrx_word' id='word_1_272' title='bbox 176 2022 340 2047; x_wconf 86' lang='lat' dir='ltr'>moratam</span> <span class='ocrx_word' id='word_1_273' title='bbox 359 2012 504 2057; x_wconf 89' lang='lat' dir='ltr'>eligendi</span> <span class='ocrx_word' id='word_1_274' title='bbox 524 2012 663 2046; x_wconf 87' lang='lat' dir='ltr'>formam</span> <span class='ocrx_word' id='word_1_275' title='bbox 684 2008 811 2048; x_wconf 86' lang='lat' dir='ltr'>dudum</span> <span class='ocrx_word' id='word_1_276' title='bbox 830 2011 1057 2049; x_wconf 84' lang='lat' dir='ltr'>&amp;constanter</span> 
     </span>
     <span class='ocr_line' id='line_1_43' title="bbox 177 2061 585 2107; baseline -0.002 -11"><span class='ocrx_word' id='word_1_277' title='bbox 177 2062 273 2097; x_wconf 75' lang='lat' dir='ltr'>fuisse</span> <span class='ocrx_word' id='word_1_278' title='bbox 284 2061 356 2097; x_wconf 88' lang='lat' dir='ltr'>istic</span> <span class='ocrx_word' id='word_1_279' title='bbox 368 2061 585 2107; x_wconf 86' lang='lat' dir='ltr'>proscriptam.</span> 
     </span>
    </p>

    <p class='ocr_par' dir='ltr' id='par_1_10' title="bbox 171 2110 1055 3398">
     <span class='ocr_line' id='line_1_44' title="bbox 210 2110 1055 2158; baseline 0.001 -9"><span class='ocrx_word' id='word_1_280' title='bbox 210 2114 211 2117; x_wconf 70' lang='grc'>’</span> <span class='ocrx_word' id='word_1_281' title='bbox 227 2110 389 2149; x_wconf 82' lang='lat' dir='ltr'>Attamen</span> <span class='ocrx_word' id='word_1_282' title='bbox 414 2112 539 2156; x_wconf 84' lang='lat' dir='ltr'>aliquid</span> <span class='ocrx_word' id='word_1_283' title='bbox 564 2112 724 2158; x_wconf 86' lang='lat' dir='ltr'>singulare</span> <span class='ocrx_word' id='word_1_284' title='bbox 748 2112 783 2147; x_wconf 88' lang='lat' dir='ltr'>in</span> <span class='ocrx_word' id='word_1_285' title='bbox 809 2116 865 2148; x_wconf 87' lang='lat' dir='ltr'>sua</span> <span class='ocrx_word' id='word_1_286' title='bbox 898 2114 1055 2150; x_wconf 58' lang='lat' dir='ltr'>electione</span> 
     </span>
     <span class='ocr_line' id='line_1_45' title="bbox 176 2162 1055 2206; baseline 0.005 -10"><span class='ocrx_word' id='word_1_287' title='bbox 176 2162 302 2206; x_wconf 77' lang='lat' dir='ltr'>semper</span> <span class='ocrx_word' id='word_1_288' title='bbox 322 2162 438 2197; x_wconf 86' lang='lat' dir='ltr'>habuit</span> <span class='ocrx_word' id='word_1_289' title='bbox 457 2163 514 2197; x_wconf 84' lang='lat' dir='ltr'>ista</span> <span class='ocrx_word' id='word_1_290' title='bbox 542 2163 694 2198; x_wconf 86' lang='lat' dir='ltr'>Ecclesia.</span> <span class='ocrx_word' id='word_1_291' title='bbox 721 2164 816 2198; x_wconf 88' lang='lat' dir='ltr'>Hinc</span> <span class='ocrx_word' id='word_1_292' title='bbox 842 2166 933 2199; x_wconf 90' lang='lat' dir='ltr'>enim</span> <span class='ocrx_word' id='word_1_293' title='bbox 959 2165 1055 2200; x_wconf 88' lang='lat' dir='ltr'>nobis</span> 
     </span>
     <span class='ocr_line' id='line_1_46' title="bbox 175 2210 1055 2258; baseline 0.003 -12"><span class='ocrx_word' id='word_1_294' title='bbox 175 2210 244 2255; x_wconf 86' lang='lat' dir='ltr'>jam</span> <span class='ocrx_word' id='word_1_295' title='bbox 260 2212 345 2247; x_wconf 88' lang='lat' dir='ltr'>dixit</span> <span class='ocrx_word' id='word_1_296' title='bbox 364 2214 488 2247; x_wconf 66' lang='lat' dir='ltr'>sanctus</span> <span class='ocrx_word' id='word_1_297' title='bbox 509 2211 730 2258; x_wconf 85' lang='lat' dir='ltr'>Epiphanius:</span> <span class='ocrx_word' id='word_1_298' title='bbox 756 2216 834 2247; x_wconf 86' lang='lat' dir='ltr'>Cum</span> <span class='ocrx_word' id='word_1_299' title='bbox 853 2214 916 2248; x_wconf 81' lang='lat' dir='ltr'>haec</span> <span class='ocrx_word' id='word_1_300' title='bbox 927 2215 967 2258; x_wconf 85' lang='lat' dir='ltr'>fit</span> <span class='ocrx_word' id='word_1_301' title='bbox 991 2218 1055 2249; x_wconf 81' lang='lat' dir='ltr'>Ale-</span> 
     </span>
     <span class='ocr_line' id='line_1_47' title="bbox 176 2261 1054 2308; baseline 0.007 -14"><span class='ocrx_word' id='word_1_302' title='bbox 176 2263 322 2296; x_wconf 70' lang='lat' dir='ltr'>x‘andriae</span> <span class='ocrx_word' id='word_1_303' title='bbox 338 2261 521 2306; x_wconf 74' lang='lat' dir='ltr'>Consuetudo</span> <span class='ocrx_word' id='word_1_304' title='bbox 533 2288 544 2303; x_wconf 92' lang='lat'>,</span> <span class='ocrx_word' id='word_1_305' title='bbox 568 2264 624 2297; x_wconf 64' lang='lat' dir='ltr'>&amp;a</span> <span class='ocrx_word' id='word_1_306' title='bbox 652 2263 799 2307; x_wconf 79' lang='lat' dir='ltr'>Exponit</span> <span class='ocrx_word' id='word_1_307' title='bbox 821 2265 921 2308; x_wconf 87' lang='lat' dir='ltr'>ipsam</span> <span class='ocrx_word' id='word_1_308' title='bbox 942 2267 976 2299; x_wconf 91' lang='lat' dir='ltr'>in</span> <span class='ocrx_word' id='word_1_309' title='bbox 990 2266 1054 2300; x_wconf 87' lang='lat' dir='ltr'>Ne-</span> 
     </span>
     <span class='ocr_line' id='line_1_48' title="bbox 176 2311 1054 2357; baseline 0.005 -11"><span class='ocrx_word' id='word_1_310' title='bbox 176 2312 325 2347; x_wconf 83' lang='lat' dir='ltr'>storianae</span> <span class='ocrx_word' id='word_1_311' title='bbox 336 2326 374 2348; x_wconf 89' lang='lat' dir='ltr'>ac</span> <span class='ocrx_word' id='word_1_312' title='bbox 385 2312 627 2357; x_wconf 80' lang='lat' dir='ltr'>Euthychianae</span> <span class='ocrx_word' id='word_1_313' title='bbox 645 2311 766 2351; x_wconf 80' lang='lat' dir='ltr'>haerefis,</span> <span class='ocrx_word' id='word_1_314' title='bbox 782 2315 947 2352; x_wconf 77' lang='lat' dir='ltr'>Breviario</span> <span class='ocrx_word' id='word_1_315' title='bbox 959 2316 1054 2354; x_wconf 82' lang='lat' dir='ltr'>Libe-</span> 
     </span>
     <span class='ocr_line' id='line_1_49' title="bbox 175 2362 1051 2409; baseline 0.001 -12"><span class='ocrx_word' id='word_1_316' title='bbox 175 2372 264 2397; x_wconf 83' lang='lat' dir='ltr'>ratus</span> <span class='ocrx_word' id='word_1_317' title='bbox 290 2363 439 2400; x_wconf 84' lang='lat' dir='ltr'>Ecclesiae</span> <span class='ocrx_word' id='word_1_318' title='bbox 465 2362 729 2409; x_wconf 72' lang='lat' dir='ltr'>carthaginensis</span> <span class='ocrx_word' id='word_1_319' title='bbox 764 2363 1027 2401; x_wconf 85' lang='lat' dir='ltr'>Archidiaconus</span> <span class='ocrx_word' id='word_1_320' title='bbox 1045 2380 1051 2398; x_wconf 75' lang='grc' dir='ltr'><strong><em>ι</em></strong></span> 
     </span>
     <span class='ocr_line' id='line_1_50' title="bbox 174 2411 1052 2458; baseline 0.006 -14"><span class='ocrx_word' id='word_1_321' title='bbox 174 2411 407 2456; x_wconf 54' lang='lat' dir='ltr'>Consuetudo&amp;</span> <span class='ocrx_word' id='word_1_322' title='bbox 416 2415 610 2451; x_wconf 57' lang='lat' dir='ltr'>Alexandr-ire</span> <span class='ocrx_word' id='word_1_323' title='bbox 621 2439 631 2454; x_wconf 88' lang='lat'>,</span> <span class='ocrx_word' id='word_1_324' title='bbox 658 2415 742 2448; x_wconf 84' lang='lat' dir='ltr'>illum</span> <span class='ocrx_word' id='word_1_325' title='bbox 753 2422 804 2456; x_wconf 78' lang='lat' dir='ltr'>qui</span> <span class='ocrx_word' id='word_1_326' title='bbox 824 2414 960 2456; x_wconf 67' lang='lat' dir='ltr'>defunc‘lo</span> <span class='ocrx_word' id='word_1_327' title='bbox 978 2419 1052 2458; x_wconf 72' lang='lat' dir='ltr'>Epi-</span> 
     </span>
     <span class='ocr_line' id='line_1_51' title="bbox 171 2460 1052 2509; baseline 0.006 -15"><span class='ocrx_word' id='word_1_328' title='bbox 171 2460 258 2505; x_wconf 78' lang='lat' dir='ltr'>scopo</span> <span class='ocrx_word' id='word_1_329' title='bbox 262 2461 410 2505; x_wconf 73' lang='lat' dir='ltr'>succedit,</span> <span class='ocrx_word' id='word_1_330' title='bbox 435 2464 574 2497; x_wconf 81' lang='lat' dir='ltr'>excubias</span> <span class='ocrx_word' id='word_1_331' title='bbox 579 2463 670 2507; x_wconf 79' lang='lat' dir='ltr'>super</span> <span class='ocrx_word' id='word_1_332' title='bbox 683 2463 817 2505; x_wconf 72' lang='lat' dir='ltr'>defunc‘li</span> <span class='ocrx_word' id='word_1_333' title='bbox 829 2474 931 2506; x_wconf 84' lang='lat' dir='ltr'>corpus</span> <span class='ocrx_word' id='word_1_334' title='bbox 942 2478 1028 2509; x_wconf 80' lang='lat' dir='ltr'>agere</span> <span class='ocrx_word' id='word_1_335' title='bbox 1042 2491 1052 2506; x_wconf 90' lang='lat'>‚</span> 
     </span>
     <span class='ocr_line' id='line_1_52' title="bbox 177 2514 1052 2559; baseline 0.005 -14"><span class='ocrx_word' id='word_1_336' title='bbox 177 2523 356 2555; x_wconf 85' lang='lat' dir='ltr'>manumque</span> <span class='ocrx_word' id='word_1_337' title='bbox 367 2514 523 2547; x_wconf 81' lang='lat' dir='ltr'>dexteram</span> <span class='ocrx_word' id='word_1_338' title='bbox 530 2516 595 2555; x_wconf 85' lang='lat' dir='ltr'>ejus</span> <span class='ocrx_word' id='word_1_339' title='bbox 605 2521 698 2555; x_wconf 85' lang='lat' dir='ltr'>capiti</span> <span class='ocrx_word' id='word_1_340' title='bbox 705 2514 759 2557; x_wconf 76' lang='lat' dir='ltr'>suo</span> <span class='ocrx_word' id='word_1_341' title='bbox 770 2521 916 2556; x_wconf 78' lang='lat' dir='ltr'>imponere</span> <span class='ocrx_word' id='word_1_342' title='bbox 929 2540 938 2555; x_wconf 95' lang='lat'><em>,</em></span> <span class='ocrx_word' id='word_1_343' title='bbox 966 2515 1052 2559; x_wconf 76' lang='lat' dir='ltr'>&amp;se-</span> 
     </span>
     <span class='ocr_line' id='line_1_53' title="bbox 171 2561 1052 2606; baseline 0.006 -12"><span class='ocrx_word' id='word_1_344' title='bbox 171 2563 258 2603; x_wconf 83' lang='lat' dir='ltr'>pulto</span> <span class='ocrx_word' id='word_1_345' title='bbox 268 2562 404 2595; x_wconf 86' lang='lat' dir='ltr'>manibus</span> <span class='ocrx_word' id='word_1_346' title='bbox 410 2561 475 2605; x_wconf 77' lang='lat' dir='ltr'>ficis</span> <span class='ocrx_word' id='word_1_347' title='bbox 490 2588 500 2603; x_wconf 83' lang='lat'>‚</span> <span class='ocrx_word' id='word_1_348' title='bbox 510 2570 637 2605; x_wconf 81' lang='lat' dir='ltr'>accipere</span> <span class='ocrx_word' id='word_1_349' title='bbox 646 2565 712 2597; x_wconf 82' lang='lat' dir='ltr'>collo</span> <span class='ocrx_word' id='word_1_350' title='bbox 718 2562 771 2606; x_wconf 83' lang='lat' dir='ltr'>suo</span> <span class='ocrx_word' id='word_1_351' title='bbox 783 2564 862 2597; x_wconf 78' lang='lat' dir='ltr'>beati</span> <span class='ocrx_word' id='word_1_352' title='bbox 874 2569 969 2598; x_wconf 61' lang='lat' dir='ltr'>Marci</span> <span class='ocrx_word' id='word_1_353' title='bbox 982 2568 1052 2599; x_wconf 88' lang='lat' dir='ltr'>Pal-</span> 
     </span>
     <span class='ocr_line' id='line_1_54' title="bbox 177 2612 1053 2657; baseline 0.008 -13"><span class='ocrx_word' id='word_1_354' title='bbox 177 2612 254 2644; x_wconf 73' lang='lat' dir='ltr'>itum</span> <span class='ocrx_word' id='word_1_355' title='bbox 261 2636 272 2652; x_wconf 92' lang='lat'>‚</span> <span class='ocrx_word' id='word_1_356' title='bbox 297 2613 332 2647; x_wconf 66' lang='grc' dir='ltr'>(ς</span> <span class='ocrx_word' id='word_1_357' title='bbox 342 2622 411 2646; x_wconf 83' lang='lat' dir='ltr'>tunc</span> <span class='ocrx_word' id='word_1_358' title='bbox 420 2613 550 2657; x_wconf 67' lang='lat' dir='ltr'>legitime</span> <span class='ocrx_word' id='word_1_359' title='bbox 552 2612 664 2656; x_wconf 72' lang='lat' dir='ltr'>sedere.</span> <span class='ocrx_word' id='word_1_360' title='bbox 691 2614 735 2648; x_wconf 88' lang='lat' dir='ltr'>Et</span> <span class='ocrx_word' id='word_1_361' title='bbox 746 2613 824 2648; x_wconf 92' lang='lat' dir='ltr'>hinc</span> <span class='ocrx_word' id='word_1_362' title='bbox 834 2615 983 2650; x_wconf 85' lang='lat' dir='ltr'>adversus</span> <span class='ocrx_word' id='word_1_363' title='bbox 993 2616 1053 2651; x_wconf 74' lang='lat' dir='ltr'>Pe-</span> 
     </span>
     <span class='ocr_line' id='line_1_55' title="bbox 178 2662 1050 2707; baseline 0.006 -12"><span class='ocrx_word' id='word_1_364' title='bbox 178 2671 267 2695; x_wconf 82' lang='lat' dir='ltr'>trum</span> <span class='ocrx_word' id='word_1_365' title='bbox 284 2662 429 2707; x_wconf 89' lang='lat' dir='ltr'>Mogum</span> <span class='ocrx_word' id='word_1_366' title='bbox 443 2688 455 2703; x_wconf 88' lang='lat'>‚</span> <span class='ocrx_word' id='word_1_367' title='bbox 482 2662 713 2698; x_wconf 70' lang='lat' dir='ltr'>Alexandrinae</span> <span class='ocrx_word' id='word_1_368' title='bbox 735 2663 825 2699; x_wconf 84' lang='lat' dir='ltr'>Sedis</span> <span class='ocrx_word' id='word_1_369' title='bbox 846 2666 1030 2700; x_wconf 80' lang='lat' dir='ltr'>invasbrem</span> <span class='ocrx_word' id='word_1_370' title='bbox 1041 2692 1050 2707; x_wconf 93' lang='lat'>,</span> 
     </span>
     <span class='ocr_line' id='line_1_56' title="bbox 177 2711 1053 2759; baseline 0.007 -15"><span class='ocrx_word' id='word_1_371' title='bbox 177 2711 299 2754; x_wconf 85' lang='lat' dir='ltr'>scripsit</span> <span class='ocrx_word' id='word_1_372' title='bbox 318 2712 359 2746; x_wconf 82' lang='lat' dir='ltr'>ad</span> <span class='ocrx_word' id='word_1_373' title='bbox 378 2712 585 2756; x_wconf 86' lang='lat' dir='ltr'>Simplicium</span> <span class='ocrx_word' id='word_1_374' title='bbox 605 2713 803 2748; x_wconf 86' lang='lat' dir='ltr'>Pontificem</span> <span class='ocrx_word' id='word_1_375' title='bbox 824 2713 968 2749; x_wconf 85' lang='lat' dir='ltr'>Aeacius</span> <span class='ocrx_word' id='word_1_376' title='bbox 979 2717 1053 2759; x_wconf 89' lang='lat' dir='ltr'>Epi-</span> 
     </span>
     <span class='ocr_line' id='line_1_57' title="bbox 178 2760 1048 2806; baseline 0.006 -12"><span class='ocrx_word' id='word_1_377' title='bbox 178 2762 294 2803; x_wconf 88' lang='lat' dir='ltr'>scopus</span> <span class='ocrx_word' id='word_1_378' title='bbox 302 2760 706 2806; x_wconf 75' lang='lat' dir='ltr'>constantinopolitanus:</span> <span class='ocrx_word' id='word_1_379' title='bbox 736 2766 846 2798; x_wconf 78' lang='lat' dir='ltr'>Petrus</span> <span class='ocrx_word' id='word_1_380' title='bbox 862 2765 945 2806; x_wconf 80' lang='lat' dir='ltr'>filius</span> <span class='ocrx_word' id='word_1_381' title='bbox 958 2767 1048 2799; x_wconf 75' lang='lat' dir='ltr'>noc‘i‘is</span> 
     </span>
     <span class='ocr_line' id='line_1_58' title="bbox 177 2810 1053 2859; baseline 0.009 -17"><span class='ocrx_word' id='word_1_382' title='bbox 177 2810 305 2850; x_wconf 81' lang='lat' dir='ltr'>existens</span> <span class='ocrx_word' id='word_1_383' title='bbox 316 2835 326 2851; x_wconf 90' lang='lat'>,</span> <span class='ocrx_word' id='word_1_384' title='bbox 336 2815 450 2846; x_wconf 72' lang='lat' dir='ltr'>omnino</span> <span class='ocrx_word' id='word_1_385' title='bbox 458 2814 595 2846; x_wconf 80' lang='lat' dir='ltr'>tenebras</span> <span class='ocrx_word' id='word_1_386' title='bbox 603 2816 648 2847; x_wconf 87' lang='lat' dir='ltr'>ad</span> <span class='ocrx_word' id='word_1_387' title='bbox 655 2815 842 2847; x_wconf 75' lang='lat' dir='ltr'>latrocinium</span> <span class='ocrx_word' id='word_1_388' title='bbox 846 2818 1053 2859; x_wconf 76' lang='lat' dir='ltr'>peragendum</span> 
     </span>
     <span class='ocr_line' id='line_1_59' title="bbox 176 2867 1049 2906; baseline 0.008 -14"><span class='ocrx_word' id='word_1_389' title='bbox 176 2871 303 2904; x_wconf 85' lang='lat' dir='ltr'>conguas</span> <span class='ocrx_word' id='word_1_390' title='bbox 313 2873 416 2894; x_wconf 84' lang='lat' dir='ltr'>earum</span> <span class='ocrx_word' id='word_1_391' title='bbox 437 2870 599 2904; x_wconf 83' lang='lat' dir='ltr'>cooperator</span> <span class='ocrx_word' id='word_1_392' title='bbox 619 2870 776 2897; x_wconf 80' lang='lat' dir='ltr'>inveniens</span> <span class='ocrx_word' id='word_1_393' title='bbox 791 2889 800 2904; x_wconf 91' lang='lat'>‚</span> <span class='ocrx_word' id='word_1_394' title='bbox 826 2867 925 2898; x_wconf 82' lang='lat' dir='ltr'>media</span> <span class='ocrx_word' id='word_1_395' title='bbox 947 2867 1027 2899; x_wconf 57' lang='lat' dir='ltr'>noble</span> <span class='ocrx_word' id='word_1_396' title='bbox 1039 2891 1049 2906; x_wconf 94' lang='lat'>,</span> 
     </span>
     <span class='ocr_line' id='line_1_60' title="bbox 177 2910 1049 2956; baseline 0.007 -13"><span class='ocrx_word' id='word_1_397' title='bbox 177 2910 277 2943; x_wconf 80' lang='lat' dir='ltr'>adhuc</span> <span class='ocrx_word' id='word_1_398' title='bbox 280 2913 403 2950; x_wconf 86' lang='lat' dir='ltr'>jacente</span> <span class='ocrx_word' id='word_1_399' title='bbox 411 2913 554 2946; x_wconf 82' lang='lat' dir='ltr'>cadavere</span> <span class='ocrx_word' id='word_1_400' title='bbox 563 2915 643 2946; x_wconf 85' lang='lat' dir='ltr'>illius</span> <span class='ocrx_word' id='word_1_401' title='bbox 657 2938 667 2953; x_wconf 93' lang='lat'>‚</span> <span class='ocrx_word' id='word_1_402' title='bbox 692 2921 743 2956; x_wconf 89' lang='lat' dir='ltr'>qui</span> <span class='ocrx_word' id='word_1_403' title='bbox 754 2917 899 2948; x_wconf 82' lang='lat' dir='ltr'>Paternos</span> <span class='ocrx_word' id='word_1_404' title='bbox 911 2921 1049 2949; x_wconf 80' lang='lat' dir='ltr'>Canones</span> 
     </span>
     <span class='ocr_line' id='line_1_61' title="bbox 175 2959 1050 3009; baseline 0.008 -17"><span class='ocrx_word' id='word_1_405' title='bbox 175 2959 366 3004; x_wconf 75' lang='lat' dir='ltr'>subverterat</span> <span class='ocrx_word' id='word_1_406' title='bbox 378 2985 388 3000; x_wconf 93' lang='lat'>‚</span> <span class='ocrx_word' id='word_1_407' title='bbox 412 2959 553 3003; x_wconf 83' lang='lat' dir='ltr'>insepulto</span> <span class='ocrx_word' id='word_1_408' title='bbox 562 2988 572 3003; x_wconf 91' lang='lat'>‚</span> <span class='ocrx_word' id='word_1_409' title='bbox 579 2961 720 3005; x_wconf 70' lang='lat' dir='ltr'>subrepsit</span> <span class='ocrx_word' id='word_1_410' title='bbox 731 2971 763 2997; x_wconf 91' lang='lat' dir='ltr'>in</span> <span class='ocrx_word' id='word_1_411' title='bbox 772 2966 878 2997; x_wconf 78' lang='lat' dir='ltr'>Sedem</span> <span class='ocrx_word' id='word_1_412' title='bbox 887 2965 973 3006; x_wconf 79' lang='lat' dir='ltr'>‚sicut</span> <span class='ocrx_word' id='word_1_413' title='bbox 989 2966 1050 3009; x_wconf 81' lang='lat' dir='ltr'>ipse</span> 
     </span>
     <span class='ocr_line' id='line_1_62' title="bbox 174 3010 1051 3057; baseline 0.009 -15"><span class='ocrx_word' id='word_1_414' title='bbox 174 3010 342 3043; x_wconf 73' lang='lat' dir='ltr'>arbitratus</span> <span class='ocrx_word' id='word_1_415' title='bbox 355 3010 393 3050; x_wconf 79' lang='lat' dir='ltr'>est</span> <span class='ocrx_word' id='word_1_416' title='bbox 401 3035 410 3049; x_wconf 95' lang='lat'>‚</span> <span class='ocrx_word' id='word_1_417' title='bbox 422 3013 522 3045; x_wconf 73' lang='lat' dir='ltr'>uno&amp;</span> <span class='ocrx_word' id='word_1_418' title='bbox 528 3010 586 3053; x_wconf 77' lang='lat' dir='ltr'>fhlo</span> <span class='ocrx_word' id='word_1_419' title='bbox 594 3012 750 3055; x_wconf 76' lang='lat' dir='ltr'>praesente.</span> <span class='ocrx_word' id='word_1_420' title='bbox 762 3014 938 3048; x_wconf 84' lang='lat' dir='ltr'>Timothei</span> <span class='ocrx_word' id='word_1_421' title='bbox 951 3015 1051 3057; x_wconf 57' lang='lat' dir='ltr'>AElus</span> 
     </span>
     <span class='ocr_line' id='line_1_63' title="bbox 173 3060 1052 3108; baseline 0.007 -15"><span class='ocrx_word' id='word_1_422' title='bbox 173 3061 203 3094; x_wconf 82' lang='lat' dir='ltr'>ri</span> <span class='ocrx_word' id='word_1_423' title='bbox 213 3060 420 3094; x_wconf 74' lang='lat' dir='ltr'>successorem</span> <span class='ocrx_word' id='word_1_424' title='bbox 431 3060 567 3094; x_wconf 87' lang='lat' dir='ltr'>Petrum</span> <span class='ocrx_word' id='word_1_425' title='bbox 578 3064 704 3106; x_wconf 79' lang='lat' dir='ltr'>arguit3</span> <span class='ocrx_word' id='word_1_426' title='bbox 732 3064 820 3108; x_wconf 86' lang='lat' dir='ltr'>quod</span> <span class='ocrx_word' id='word_1_427' title='bbox 845 3064 987 3098; x_wconf 78' lang='lat' dir='ltr'>necdum</span> <span class='ocrx_word' id='word_1_428' title='bbox 1009 3067 1052 3099; x_wconf 83' lang='lat' dir='ltr'>se-</span> 
     </span>
     <span class='ocr_line' id='line_1_64' title="bbox 173 3110 1051 3154; baseline 0.006 -11"><span class='ocrx_word' id='word_1_429' title='bbox 173 3110 268 3154; x_wconf 78' lang='lat' dir='ltr'>pulto</span> <span class='ocrx_word' id='word_1_430' title='bbox 282 3111 330 3144; x_wconf 89' lang='lat' dir='ltr'>sui</span> <span class='ocrx_word' id='word_1_431' title='bbox 342 3111 377 3144; x_wconf 87' lang='lat' dir='ltr'>in</span> <span class='ocrx_word' id='word_1_432' title='bbox 396 3110 476 3145; x_wconf 87' lang='lat' dir='ltr'>Sede</span> <span class='ocrx_word' id='word_1_433' title='bbox 500 3111 534 3144; x_wconf 75' lang='lat' dir='ltr'>&lt;Sc</span> <span class='ocrx_word' id='word_1_434' title='bbox 556 3113 812 3154; x_wconf 69' lang='lat' dir='ltr'>praevaricatione</span> <span class='ocrx_word' id='word_1_435' title='bbox 828 3114 1051 3148; x_wconf 74' lang='lat' dir='ltr'>Antecessoris</span> 
     </span>
     <span class='ocr_line' id='line_1_65' title="bbox 174 3160 1054 3203; baseline 0.007 -10"><span class='ocrx_word' id='word_1_436' title='bbox 174 3160 331 3194; x_wconf 82' lang='lat' dir='ltr'>cadavere</span> <span class='ocrx_word' id='word_1_437' title='bbox 341 3160 563 3203; x_wconf 72' lang='lat' dir='ltr'>presumpserit</span> <span class='ocrx_word' id='word_1_438' title='bbox 573 3162 671 3194; x_wconf 71' lang='lat' dir='ltr'>sancti</span> <span class='ocrx_word' id='word_1_439' title='bbox 680 3162 784 3196; x_wconf 87' lang='lat' dir='ltr'>Marci</span> <span class='ocrx_word' id='word_1_440' title='bbox 791 3163 933 3198; x_wconf 77' lang='lat' dir='ltr'>Panium</span> <span class='ocrx_word' id='word_1_441' title='bbox 944 3165 1054 3199; x_wconf 88' lang='lat' dir='ltr'>indue-</span> 
     </span>
     <span class='ocr_line' id='line_1_66' title="bbox 180 3209 1051 3262; baseline 0.005 -18"><span class='ocrx_word' id='word_1_442' title='bbox 180 3221 234 3249; x_wconf 78' lang='lat' dir='ltr'>re,</span> <span class='ocrx_word' id='word_1_443' title='bbox 259 3210 338 3244; x_wconf 88' lang='lat' dir='ltr'>&amp;in</span> <span class='ocrx_word' id='word_1_444' title='bbox 353 3209 565 3245; x_wconf 86' lang='lat' dir='ltr'>Patriarchali</span> <span class='ocrx_word' id='word_1_445' title='bbox 574 3210 721 3245; x_wconf 85' lang='lat' dir='ltr'>Throno</span> <span class='ocrx_word' id='word_1_446' title='bbox 741 3213 855 3247; x_wconf 84' lang='lat' dir='ltr'>sedere.</span> <span class='ocrx_word' id='word_1_447' title='bbox 883 3215 986 3262; x_wconf 83' lang='lat' dir='ltr'>Qod</span> <span class='ocrx_word' id='word_1_448' title='bbox 1005 3217 1051 3248; x_wconf 86' lang='lat' dir='ltr'>su-</span> 
     </span>
     <span class='ocr_line' id='line_1_67' title="bbox 173 3259 1050 3305; baseline 0.005 -13"><span class='ocrx_word' id='word_1_449' title='bbox 173 3270 228 3301; x_wconf 79' lang='lat' dir='ltr'>pra</span> <span class='ocrx_word' id='word_1_450' title='bbox 236 3259 381 3295; x_wconf 70' lang='lat' dir='ltr'>defunsti</span> <span class='ocrx_word' id='word_1_451' title='bbox 392 3259 527 3294; x_wconf 89' lang='lat' dir='ltr'>cadaver</span> <span class='ocrx_word' id='word_1_452' title='bbox 546 3272 614 3296; x_wconf 88' lang='lat' dir='ltr'>non</span> <span class='ocrx_word' id='word_1_453' title='bbox 637 3261 749 3305; x_wconf 83' lang='lat' dir='ltr'>egisset</span> <span class='ocrx_word' id='word_1_454' title='bbox 770 3262 879 3304; x_wconf 84' lang='lat' dir='ltr'>plenas</span> <span class='ocrx_word' id='word_1_455' title='bbox 889 3264 1050 3298; x_wconf 84' lang='lat' dir='ltr'>excubias.</span> 
     </span>
     <span class='ocr_line' id='line_1_68' title="bbox 174 3309 1052 3358; baseline 0.007 -16"><span class='ocrx_word' id='word_1_456' title='bbox 174 3309 338 3343; x_wconf 58' lang='lat' dir='ltr'>Defuncto</span> <span class='ocrx_word' id='word_1_457' title='bbox 350 3310 450 3354; x_wconf 88' lang='lat' dir='ltr'>igitur</span> <span class='ocrx_word' id='word_1_458' title='bbox 460 3310 624 3354; x_wconf 85' lang='lat' dir='ltr'>Episcopo</span> <span class='ocrx_word' id='word_1_459' title='bbox 646 3311 755 3345; x_wconf 86' lang='lat' dir='ltr'>statim</span> <span class='ocrx_word' id='word_1_460' title='bbox 768 3323 842 3346; x_wconf 90' lang='lat' dir='ltr'>ante</span> <span class='ocrx_word' id='word_1_461' title='bbox 864 3314 931 3356; x_wconf 78' lang='lat' dir='ltr'>ejus</span> <span class='ocrx_word' id='word_1_462' title='bbox 949 3315 1052 3358; x_wconf 85' lang='lat' dir='ltr'>sepul-</span> 
     </span>
     <span class='ocr_line' id='line_1_69' title="bbox 175 3359 1050 3398; baseline 0.01 -9"><span class='ocrx_word' id='word_1_463' title='bbox 175 3367 280 3392; x_wconf 80' lang='lat' dir='ltr'>turam</span> <span class='ocrx_word' id='word_1_464' title='bbox 288 3359 427 3395; x_wconf 77' lang='lat' dir='ltr'>debebat</span> <span class='ocrx_word' id='word_1_465' title='bbox 435 3361 497 3394; x_wconf 84' lang='lat' dir='ltr'>esse</span> <span class='ocrx_word' id='word_1_466' title='bbox 510 3361 591 3395; x_wconf 58' lang='lat' dir='ltr'>facta</span> <span class='ocrx_word' id='word_1_467' title='bbox 602 3360 727 3395; x_wconf 74' lang='lat' dir='ltr'>elec&#39;tio.</span> <span class='ocrx_word' id='word_1_468' title='bbox 746 3362 885 3396; x_wconf 85' lang='lat' dir='ltr'>Causam</span> <span class='ocrx_word' id='word_1_469' title='bbox 899 3363 992 3397; x_wconf 90' lang='lat' dir='ltr'>nobis</span> <span class='ocrx_word' id='word_1_470' title='bbox 1003 3365 1050 3398; x_wconf 79' lang='lat' dir='ltr'>su-</span> 
     </span>
    </p>
   </div>
   <div class='ocr_carea' id='block_1_8' title="bbox 177 3407 1069 3457">
    <p class='ocr_par' dir='ltr' id='par_1_11' title="bbox 177 3407 1069 3457">
     <span class='ocr_line' id='line_1_70' title="bbox 177 3407 1069 3457; baseline 0.008 -18"><span class='ocrx_word' id='word_1_471' title='bbox 177 3417 234 3449; x_wconf 85' lang='lat' dir='ltr'>pra</span> <span class='ocrx_word' id='word_1_472' title='bbox 243 3407 329 3442; x_wconf 83' lang='lat' dir='ltr'>dedit</span> <span class='ocrx_word' id='word_1_473' title='bbox 340 3410 464 3443; x_wconf 70' lang='lat' dir='ltr'>sanstus</span> <span class='ocrx_word' id='word_1_474' title='bbox 476 3411 503 3443; x_wconf 91' lang='lat' dir='ltr'>E</span> <span class='ocrx_word' id='word_1_475' title='bbox 507 3409 667 3454; x_wconf 89' lang='lat' dir='ltr'>piphanus</span> <span class='ocrx_word' id='word_1_476' title='bbox 681 3423 687 3443; x_wconf 92' lang='lat'><strong>:</strong></span> <span class='ocrx_word' id='word_1_477' title='bbox 715 3413 766 3444; x_wconf 64' lang='lat' dir='ltr'>Ne</span> <span class='ocrx_word' id='word_1_478' title='bbox 778 3413 884 3455; x_wconf 70' lang='lat' dir='ltr'>jurgia</span> <span class='ocrx_word' id='word_1_479' title='bbox 896 3418 928 3445; x_wconf 92' lang='lat' dir='ltr'>in</span> <span class='ocrx_word' id='word_1_480' title='bbox 939 3415 1047 3457; x_wconf 84' lang='lat' dir='ltr'>vulgus</span> <span class='ocrx_word' id='word_1_481' title='bbox 1067 3423 1069 3427; x_wconf 63' lang='lat'><em>⁴</em></span> 
     </span>
    </p>
   </div>
   <div class='ocr_carea' id='block_1_9' title="bbox 173 3457 1048 3550">
    <p class='ocr_par' dir='ltr' id='par_1_12' title="bbox 173 3457 1048 3550">
     <span class='ocr_line' id='line_1_71' title="bbox 173 3457 1048 3509; baseline 0.01 -20"><span class='ocrx_word' id='word_1_482' title='bbox 173 3457 409 3495; x_wconf 66' lang='lat' dir='ltr'>&amp;contentiones</span> <span class='ocrx_word' id='word_1_483' title='bbox 419 3459 554 3509; x_wconf 73' lang='lat' dir='ltr'>existant.</span> <span class='ocrx_word' id='word_1_484' title='bbox 584 3461 715 3506; x_wconf 86' lang='lat' dir='ltr'>Utique</span> <span class='ocrx_word' id='word_1_485' title='bbox 738 3473 793 3508; x_wconf 82' lang='lat' dir='ltr'>per</span> <span class='ocrx_word' id='word_1_486' title='bbox 814 3462 959 3509; x_wconf 82' lang='lat' dir='ltr'>eligendi</span> <span class='ocrx_word' id='word_1_487' title='bbox 979 3475 1048 3502; x_wconf 87' lang='lat' dir='ltr'>mo-</span> 
     </span>
     <span class='ocr_line' id='line_1_72' title="bbox 287 3507 651 3550; baseline 0.019 -12"><span class='ocrx_word' id='word_1_488' title='bbox 287 3507 399 3550; x_wconf 79' lang='lat' dir='ltr'>Differt.</span> <span class='ocrx_word' id='word_1_489' title='bbox 412 3510 532 3545; x_wconf 77' lang='lat' dir='ltr'>Prooem.</span> <span class='ocrx_word' id='word_1_490' title='bbox 544 3513 651 3545; x_wconf 81' lang='lat' dir='ltr'>TomJ.</span> 
     </span>
    </p>
   </div>
   <div class='ocr_carea' id='block_1_10' title="bbox 1062 176 1137 1738">
    <p class='ocr_par' dir='ltr' id='par_1_13' title="bbox 1062 176 1137 1738">
     <span class='ocr_line' id='line_1_73' title="bbox 1092 176 1137 285; baseline 0 -40"><span class='ocrx_word' id='word_1_491' title='bbox 1092 176 1137 285; x_wconf 95' lang='lat' dir='ltr'>   </span> 
     </span>
     <span class='ocr_line' id='line_1_74' title="bbox 1089 285 1131 491; baseline 0 0"><span class='ocrx_word' id='word_1_492' title='bbox 1089 285 1131 491; x_wconf 95' lang='lat' dir='ltr'>   </span> 
     </span>
     <span class='ocr_line' id='line_1_75' title="bbox 1084 491 1131 778; baseline 0 0"><span class='ocrx_word' id='word_1_493' title='bbox 1084 491 1131 778; x_wconf 95' lang='lat' dir='ltr'>     </span> 
     </span>
     <span class='ocr_line' id='line_1_76' title="bbox 1080 778 1131 940; baseline 0 -10"><span class='ocrx_word' id='word_1_494' title='bbox 1080 778 1131 940; x_wconf 95' lang='lat' dir='ltr'>    </span> 
     </span>
     <span class='ocr_line' id='line_1_77' title="bbox 1073 940 1122 1143; baseline 0 0"><span class='ocrx_word' id='word_1_495' title='bbox 1073 940 1122 1143; x_wconf 95' lang='lat' dir='ltr'>    </span> 
     </span>
     <span class='ocr_line' id='line_1_78' title="bbox 1071 1143 1118 1284; baseline 0 -53"><span class='ocrx_word' id='word_1_496' title='bbox 1071 1143 1118 1284; x_wconf 95' lang='lat' dir='ltr'>   </span> 
     </span>
     <span class='ocr_line' id='line_1_79' title="bbox 1069 1284 1118 1378; baseline 0 -45"><span class='ocrx_word' id='word_1_497' title='bbox 1069 1284 1118 1378; x_wconf 95' lang='lat' dir='ltr'>  </span> 
     </span>
     <span class='ocr_line' id='line_1_80' title="bbox 1062 1378 1118 1738; baseline 0 0"><span class='ocrx_word' id='word_1_498' title='bbox 1062 1378 1118 1738; x_wconf 95' lang='lat' dir='ltr'>   </span> 
     </span>
    </p>
   </div>
   <div class='ocr_carea' id='block_1_11' title="bbox 1115 108 2031 2055">
    <p class='ocr_par' dir='ltr' id='par_1_14' title="bbox 1115 108 2031 1156">
     <span class='ocr_line' id='line_1_81' title="bbox 1975 108 2022 143; baseline 0 0"><span class='ocrx_word' id='word_1_499' title='bbox 1975 108 2022 143; x_wconf 90' lang='lat'>27</span> 
     </span>
     <span class='ocr_line' id='line_1_82' title="bbox 1147 159 2031 205; baseline 0 -9"><span class='ocrx_word' id='word_1_500' title='bbox 1147 173 1204 196; x_wconf 88' lang='lat' dir='ltr'>ras.</span> <span class='ocrx_word' id='word_1_501' title='bbox 1232 159 1496 198; x_wconf 86' lang='lat' dir='ltr'>Alexandrinum</span> <span class='ocrx_word' id='word_1_502' title='bbox 1508 172 1649 205; x_wconf 83' lang='lat' dir='ltr'>namque</span> <span class='ocrx_word' id='word_1_503' title='bbox 1660 161 1825 205; x_wconf 81' lang='lat' dir='ltr'>Populum</span> <span class='ocrx_word' id='word_1_504' title='bbox 1844 163 1936 199; x_wconf 63' lang='lat' dir='ltr'>fuine</span> <span class='ocrx_word' id='word_1_505' title='bbox 1949 164 2031 197; x_wconf 89' lang='lat' dir='ltr'>sedi-</span> 
     </span>
     <span class='ocr_line' id='line_1_83' title="bbox 1148 211 2030 249; baseline 0.002 -4"><span class='ocrx_word' id='word_1_506' title='bbox 1148 212 1348 246; x_wconf 85' lang='lat' dir='ltr'>tiosiffimum</span> <span class='ocrx_word' id='word_1_507' title='bbox 1359 211 1403 245; x_wconf 87' lang='lat' dir='ltr'>est</span> <span class='ocrx_word' id='word_1_508' title='bbox 1416 212 1570 246; x_wconf 87' lang='lat' dir='ltr'>omnibus</span> <span class='ocrx_word' id='word_1_509' title='bbox 1582 212 1755 245; x_wconf 77' lang='lat' dir='ltr'>notumEt</span> <span class='ocrx_word' id='word_1_510' title='bbox 1765 214 1823 247; x_wconf 86' lang='lat' dir='ltr'>iste</span> <span class='ocrx_word' id='word_1_511' title='bbox 1834 226 1906 249; x_wconf 89' lang='lat' dir='ltr'>mos</span> <span class='ocrx_word' id='word_1_512' title='bbox 1915 214 2030 249; x_wconf 84' lang='lat' dir='ltr'>etiam-</span> 
     </span>
     <span class='ocr_line' id='line_1_84' title="bbox 1145 261 2024 304; baseline 0.002 -9"><span class='ocrx_word' id='word_1_513' title='bbox 1145 274 1225 296; x_wconf 88' lang='lat' dir='ltr'>num</span> <span class='ocrx_word' id='word_1_514' title='bbox 1237 263 1318 296; x_wconf 86' lang='lat' dir='ltr'>vivit</span> <span class='ocrx_word' id='word_1_515' title='bbox 1330 262 1366 295; x_wconf 91' lang='lat' dir='ltr'>in</span> <span class='ocrx_word' id='word_1_516' title='bbox 1377 261 1572 304; x_wconf 89' lang='lat' dir='ltr'>quibusdam</span> <span class='ocrx_word' id='word_1_517' title='bbox 1586 261 1736 296; x_wconf 84' lang='lat' dir='ltr'>Ecclefiis</span> <span class='ocrx_word' id='word_1_518' title='bbox 1748 272 1786 295; x_wconf 90' lang='lat' dir='ltr'>ac</span> <span class='ocrx_word' id='word_1_519' title='bbox 1805 263 2024 298; x_wconf 84' lang='lat' dir='ltr'>Monasteriis‚</span> 
     </span>
     <span class='ocr_line' id='line_1_85' title="bbox 1143 310 2026 356; baseline 0.003 -11"><span class='ocrx_word' id='word_1_520' title='bbox 1143 312 1326 347; x_wconf 72' lang='lat' dir='ltr'>Defunstus</span> <span class='ocrx_word' id='word_1_521' title='bbox 1337 311 1485 345; x_wconf 84' lang='lat' dir='ltr'>Antistes</span> <span class='ocrx_word' id='word_1_522' title='bbox 1498 312 1623 356; x_wconf 88' lang='lat' dir='ltr'>sepeliri</span> <span class='ocrx_word' id='word_1_523' title='bbox 1635 323 1704 346; x_wconf 89' lang='lat' dir='ltr'>non</span> <span class='ocrx_word' id='word_1_524' title='bbox 1716 310 1822 355; x_wconf 84' lang='lat' dir='ltr'>potest</span> <span class='ocrx_word' id='word_1_525' title='bbox 1834 335 1844 351; x_wconf 92' lang='lat'>‚</span> <span class='ocrx_word' id='word_1_526' title='bbox 1866 313 1924 346; x_wconf 86' lang='lat' dir='ltr'>nifi</span> <span class='ocrx_word' id='word_1_527' title='bbox 1937 314 1955 347; x_wconf 77' lang='lat' dir='ltr'>a</span> <span class='ocrx_word' id='word_1_528' title='bbox 1966 325 2026 348; x_wconf 90' lang='lat' dir='ltr'>no-</span> 
     </span>
     <span class='ocr_line' id='line_1_86' title="bbox 1143 359 2023 397; baseline 0.002 -2"><span class='ocrx_word' id='word_1_529' title='bbox 1143 373 1184 395; x_wconf 89' lang='lat' dir='ltr'>vo</span> <span class='ocrx_word' id='word_1_530' title='bbox 1197 362 1319 396; x_wconf 74' lang='lat' dir='ltr'>Elesto.</span> <span class='ocrx_word' id='word_1_531' title='bbox 1346 361 1450 395; x_wconf 76' lang='lat' dir='ltr'>Porro</span> <span class='ocrx_word' id='word_1_532' title='bbox 1470 374 1575 396; x_wconf 88' lang='lat' dir='ltr'>novus</span> <span class='ocrx_word' id='word_1_533' title='bbox 1595 359 1783 396; x_wconf 86' lang='lat' dir='ltr'>Patriarcha</span> <span class='ocrx_word' id='word_1_534' title='bbox 1801 362 1901 395; x_wconf 71' lang='lat' dir='ltr'>sansti</span> <span class='ocrx_word' id='word_1_535' title='bbox 1912 362 2023 397; x_wconf 84' lang='lat' dir='ltr'>Marci</span> 
     </span>
     <span class='ocr_line' id='line_1_87' title="bbox 1141 410 2025 456; baseline 0.001 -12"><span class='ocrx_word' id='word_1_536' title='bbox 1141 410 1283 446; x_wconf 89' lang='lat' dir='ltr'>Pallium</span> <span class='ocrx_word' id='word_1_537' title='bbox 1294 410 1474 456; x_wconf 75' lang='lat' dir='ltr'>accipiebat</span> <span class='ocrx_word' id='word_1_538' title='bbox 1483 411 1501 446; x_wconf 79' lang='grc' dir='ltr'>ὲ</span> <span class='ocrx_word' id='word_1_539' title='bbox 1512 412 1627 456; x_wconf 87' lang='lat' dir='ltr'>sepulti</span> <span class='ocrx_word' id='word_1_540' title='bbox 1642 411 1772 446; x_wconf 89' lang='lat' dir='ltr'>tumulo</span> <span class='ocrx_word' id='word_1_541' title='bbox 1794 435 1804 451; x_wconf 93' lang='lat'>,</span> <span class='ocrx_word' id='word_1_542' title='bbox 1831 411 1865 444; x_wconf 88' lang='lat'>&amp;</span> <span class='ocrx_word' id='word_1_543' title='bbox 1877 410 2025 445; x_wconf 72' lang='lat' dir='ltr'>defunsti</span> 
     </span>
     <span class='ocr_line' id='line_1_88' title="bbox 1139 460 2025 512; baseline 0 -17"><span class='ocrx_word' id='word_1_544' title='bbox 1139 461 1306 496; x_wconf 86' lang='lat' dir='ltr'>dexteram</span> <span class='ocrx_word' id='word_1_545' title='bbox 1317 460 1508 506; x_wconf 85' lang='lat' dir='ltr'>imponebat</span> <span class='ocrx_word' id='word_1_546' title='bbox 1518 463 1579 496; x_wconf 92' lang='lat' dir='ltr'>suo</span> <span class='ocrx_word' id='word_1_547' title='bbox 1589 463 1689 506; x_wconf 89' lang='lat' dir='ltr'>capiti</span> <span class='ocrx_word' id='word_1_548' title='bbox 1704 475 1710 494; x_wconf 71' lang='grc' dir='ltr'><strong><em>ι</em></strong></span> <span class='ocrx_word' id='word_1_549' title='bbox 1728 462 1809 512; x_wconf 83' lang='lat' dir='ltr'>Qo</span> <span class='ocrx_word' id='word_1_550' title='bbox 1821 462 2025 505; x_wconf 86' lang='lat' dir='ltr'>profiteretur</span> 
     </span>
     <span class='ocr_line' id='line_1_89' title="bbox 1139 510 2027 557; baseline -0.001 -12"><span class='ocrx_word' id='word_1_551' title='bbox 1139 523 1176 546; x_wconf 90' lang='lat' dir='ltr'>ac</span> <span class='ocrx_word' id='word_1_552' title='bbox 1183 511 1419 546; x_wconf 86' lang='lat' dir='ltr'>demonstraret</span> <span class='ocrx_word' id='word_1_553' title='bbox 1430 511 1461 545; x_wconf 91' lang='lat' dir='ltr'>se</span> <span class='ocrx_word' id='word_1_554' title='bbox 1474 511 1660 557; x_wconf 88' lang='lat' dir='ltr'>legitimum</span> <span class='ocrx_word' id='word_1_555' title='bbox 1671 513 1770 546; x_wconf 69' lang='lat' dir='ltr'>sancti</span> <span class='ocrx_word' id='word_1_556' title='bbox 1782 510 1890 546; x_wconf 86' lang='lat' dir='ltr'>Marci</span> <span class='ocrx_word' id='word_1_557' title='bbox 1919 511 1955 544; x_wconf 91' lang='lat' dir='ltr'>in</span> <span class='ocrx_word' id='word_1_558' title='bbox 1966 510 2027 544; x_wconf 77' lang='lat' dir='ltr'>ista</span> 
     </span>
     <span class='ocr_line' id='line_1_90' title="bbox 1139 559 2026 605; baseline -0.001 -10"><span class='ocrx_word' id='word_1_559' title='bbox 1139 559 1333 605; x_wconf 81' lang='lat' dir='ltr'>Apostolica</span> <span class='ocrx_word' id='word_1_560' title='bbox 1345 560 1509 597; x_wconf 88' lang='lat' dir='ltr'>Cathedra</span> <span class='ocrx_word' id='word_1_561' title='bbox 1522 562 1742 596; x_wconf 80' lang='lat' dir='ltr'>snccessorem.</span> <span class='ocrx_word' id='word_1_562' title='bbox 1774 559 1831 595; x_wconf 90' lang='lat' dir='ltr'>An</span> <span class='ocrx_word' id='word_1_563' title='bbox 1854 561 1893 594; x_wconf 89' lang='lat' dir='ltr'>ist</span> <span class='ocrx_word' id='word_1_564' title='bbox 1900 560 1944 594; x_wconf 92' lang='lat' dir='ltr'>ud</span> <span class='ocrx_word' id='word_1_565' title='bbox 1957 561 2026 594; x_wconf 89' lang='lat' dir='ltr'>fue-</span> 
     </span>
     <span class='ocr_line' id='line_1_91' title="bbox 1139 610 2025 655; baseline 0 -11"><span class='ocrx_word' id='word_1_566' title='bbox 1139 612 1178 646; x_wconf 86' lang='lat' dir='ltr'>rit</span> <span class='ocrx_word' id='word_1_567' title='bbox 1203 613 1310 655; x_wconf 89' lang='lat' dir='ltr'>ipsum</span> <span class='ocrx_word' id='word_1_568' title='bbox 1335 611 1546 646; x_wconf 88' lang='lat' dir='ltr'>individuum</span> <span class='ocrx_word' id='word_1_569' title='bbox 1571 610 1673 645; x_wconf 70' lang='lat' dir='ltr'>sansti</span> <span class='ocrx_word' id='word_1_570' title='bbox 1706 612 1815 645; x_wconf 87' lang='lat' dir='ltr'>Marci</span> <span class='ocrx_word' id='word_1_571' title='bbox 1843 610 1987 645; x_wconf 89' lang='lat' dir='ltr'>Pallium</span> <span class='ocrx_word' id='word_1_572' title='bbox 2012 633 2025 650; x_wconf 85' lang='lat'><strong>,</strong></span> 
     </span>
     <span class='ocr_line' id='line_1_92' title="bbox 1137 660 2025 706; baseline 0 -12"><span class='ocrx_word' id='word_1_573' title='bbox 1137 662 1266 706; x_wconf 87' lang='lat' dir='ltr'>ignoto.</span> <span class='ocrx_word' id='word_1_574' title='bbox 1294 662 1396 696; x_wconf 72' lang='lat' dir='ltr'>Possit</span> <span class='ocrx_word' id='word_1_575' title='bbox 1407 662 1509 696; x_wconf 84' lang='lat' dir='ltr'>fuiffe.</span> <span class='ocrx_word' id='word_1_576' title='bbox 1535 661 1626 696; x_wconf 89' lang='lat' dir='ltr'>Nam</span> <span class='ocrx_word' id='word_1_577' title='bbox 1637 660 1728 704; x_wconf 89' lang='lat' dir='ltr'>quod</span> <span class='ocrx_word' id='word_1_578' title='bbox 1739 661 1808 694; x_wconf 89' lang='lat' dir='ltr'>Hie</span> <span class='ocrx_word' id='word_1_579' title='bbox 1815 660 2025 703; x_wconf 86' lang='lat' dir='ltr'>rosolymita·</span> 
     </span>
     <span class='ocr_line' id='line_1_93' title="bbox 1139 709 2017 755; baseline 0.001 -12"><span class='ocrx_word' id='word_1_580' title='bbox 1139 723 1178 745; x_wconf 82' lang='lat' dir='ltr'>na</span> <span class='ocrx_word' id='word_1_581' title='bbox 1187 712 1327 747; x_wconf 87' lang='lat' dir='ltr'>Ecclesia</span> <span class='ocrx_word' id='word_1_582' title='bbox 1341 713 1439 746; x_wconf 71' lang='lat' dir='ltr'>sansti</span> <span class='ocrx_word' id='word_1_583' title='bbox 1452 711 1566 755; x_wconf 83' lang='lat' dir='ltr'>Jacobi</span> <span class='ocrx_word' id='word_1_584' title='bbox 1588 710 1742 755; x_wconf 89' lang='lat' dir='ltr'>Apostoli</span> <span class='ocrx_word' id='word_1_585' title='bbox 1760 709 1902 744; x_wconf 85' lang='lat' dir='ltr'>Pallium</span> <span class='ocrx_word' id='word_1_586' title='bbox 1916 711 2017 745; x_wconf 88' lang='lat' dir='ltr'>serva-</span> 
     </span>
     <span class='ocr_line' id='line_1_94' title="bbox 1136 761 2019 806; baseline -0.002 -11"><span class='ocrx_word' id='word_1_587' title='bbox 1136 761 1216 796; x_wconf 85' lang='lat' dir='ltr'>verit</span> <span class='ocrx_word' id='word_1_588' title='bbox 1225 773 1281 806; x_wconf 88' lang='lat' dir='ltr'>per</span> <span class='ocrx_word' id='word_1_589' title='bbox 1292 762 1395 797; x_wconf 87' lang='lat' dir='ltr'>multa</span> <span class='ocrx_word' id='word_1_590' title='bbox 1405 762 1516 796; x_wconf 64' lang='lat' dir='ltr'>saecula</span> <span class='ocrx_word' id='word_1_591' title='bbox 1528 787 1539 802; x_wconf 93' lang='lat'>‚</span> <span class='ocrx_word' id='word_1_592' title='bbox 1565 773 1603 796; x_wconf 86' lang='lat' dir='ltr'>ac</span> <span class='ocrx_word' id='word_1_593' title='bbox 1614 772 1669 804; x_wconf 87' lang='lat' dir='ltr'>per</span> <span class='ocrx_word' id='word_1_594' title='bbox 1680 761 1785 804; x_wconf 90' lang='lat' dir='ltr'>ipsum</span> <span class='ocrx_word' id='word_1_595' title='bbox 1798 761 1873 798; x_wconf 89' lang='lat' dir='ltr'>suos</span> <span class='ocrx_word' id='word_1_596' title='bbox 1886 761 2019 803; x_wconf 87' lang='lat' dir='ltr'>Episco-</span> 
     </span>
     <span class='ocr_line' id='line_1_95' title="bbox 1136 808 2018 858; baseline -0.002 -14"><span class='ocrx_word' id='word_1_597' title='bbox 1136 822 1193 853; x_wconf 89' lang='lat' dir='ltr'>pos</span> <span class='ocrx_word' id='word_1_598' title='bbox 1202 812 1411 853; x_wconf 85' lang='lat' dir='ltr'>investiverit‚</span> <span class='ocrx_word' id='word_1_599' title='bbox 1423 813 1457 847; x_wconf 77' lang='grc' dir='ltr'>δε</span> <span class='ocrx_word' id='word_1_600' title='bbox 1467 811 1601 847; x_wconf 88' lang='lat' dir='ltr'>tandem</span> <span class='ocrx_word' id='word_1_601' title='bbox 1612 812 1722 846; x_wconf 71' lang='lat' dir='ltr'>sancto</span> <span class='ocrx_word' id='word_1_602' title='bbox 1733 810 1866 858; x_wconf 86' lang='lat' dir='ltr'>Ignatio</span> <span class='ocrx_word' id='word_1_603' title='bbox 1878 808 2018 843; x_wconf 86' lang='lat' dir='ltr'>Patriar-</span> 
     </span>
     <span class='ocr_line' id='line_1_96' title="bbox 1132 859 2023 906; baseline -0.002 -12"><span class='ocrx_word' id='word_1_604' title='bbox 1132 859 1198 894; x_wconf 76' lang='lat' dir='ltr'>chae</span> <span class='ocrx_word' id='word_1_605' title='bbox 1207 861 1581 906; x_wconf 83' lang='lat' dir='ltr'>Constantinopolitano</span> <span class='ocrx_word' id='word_1_606' title='bbox 1600 860 1790 900; x_wconf 85' lang='lat' dir='ltr'>donaverit,</span> <span class='ocrx_word' id='word_1_607' title='bbox 1817 859 1952 894; x_wconf 86' lang='lat' dir='ltr'>testatur</span> <span class='ocrx_word' id='word_1_608' title='bbox 1986 860 2023 893; x_wconf 89' lang='lat' dir='ltr'>in</span> 
     </span>
     <span class='ocr_line' id='line_1_97' title="bbox 1132 909 2021 956; baseline -0.001 -13"><span class='ocrx_word' id='word_1_609' title='bbox 1132 909 1225 953; x_wconf 82' lang='lat' dir='ltr'>hujus</span> <span class='ocrx_word' id='word_1_610' title='bbox 1236 912 1302 946; x_wconf 86' lang='lat' dir='ltr'>vita</span> <span class='ocrx_word' id='word_1_611' title='bbox 1313 913 1452 947; x_wconf 78' lang='lat' dir='ltr'>Nica-tas</span> <span class='ocrx_word' id='word_1_612' title='bbox 1474 911 1656 956; x_wconf 84' lang='lat' dir='ltr'>Paphlago.</span> <span class='ocrx_word' id='word_1_613' title='bbox 1667 934 1669 936; x_wconf 89' lang='lat'><em>-</em></span> <span class='ocrx_word' id='word_1_614' title='bbox 1684 912 1729 945; x_wconf 90' lang='lat' dir='ltr'>Et</span> <span class='ocrx_word' id='word_1_615' title='bbox 1740 910 1962 944; x_wconf 86' lang='lat' dir='ltr'>confirmatur</span> <span class='ocrx_word' id='word_1_616' title='bbox 1984 909 2021 943; x_wconf 87' lang='lat' dir='ltr'>in</span> 
     </span>
     <span class='ocr_line' id='line_1_98' title="bbox 1130 959 2025 997; baseline 0 -3"><span class='ocrx_word' id='word_1_617' title='bbox 1130 962 1245 995; x_wconf 72' lang='lat' dir='ltr'>ostavo</span> <span class='ocrx_word' id='word_1_618' title='bbox 1256 962 1425 996; x_wconf 87' lang='lat' dir='ltr'>Concilio.</span> <span class='ocrx_word' id='word_1_619' title='bbox 1453 962 1486 997; x_wconf 88' lang='lat' dir='ltr'>Si</span> <span class='ocrx_word' id='word_1_620' title='bbox 1506 960 1731 996; x_wconf 82' lang='lat' dir='ltr'>Alexandrina</span> <span class='ocrx_word' id='word_1_621' title='bbox 1756 961 1856 994; x_wconf 86' lang='lat' dir='ltr'>etiarn</span> <span class='ocrx_word' id='word_1_622' title='bbox 1879 959 2025 994; x_wconf 80' lang='lat' dir='ltr'>Ecclesia</span> 
     </span>
     <span class='ocr_line' id='line_1_99' title="bbox 1129 1007 2025 1052; baseline -0.001 -9"><span class='ocrx_word' id='word_1_623' title='bbox 1129 1008 1279 1045; x_wconf 87' lang='lat' dir='ltr'>habuerit</span> <span class='ocrx_word' id='word_1_624' title='bbox 1291 1012 1391 1046; x_wconf 65' lang='lat' dir='ltr'>saneti</span> <span class='ocrx_word' id='word_1_625' title='bbox 1403 1012 1511 1045; x_wconf 90' lang='lat' dir='ltr'>Marci</span> <span class='ocrx_word' id='word_1_626' title='bbox 1531 1008 1695 1052; x_wconf 71' lang='lat' dir='ltr'>Panium,</span> <span class='ocrx_word' id='word_1_627' title='bbox 1726 1019 1812 1044; x_wconf 88' lang='lat' dir='ltr'>errat</span> <span class='ocrx_word' id='word_1_628' title='bbox 1834 1007 2025 1052; x_wconf 86' lang='lat' dir='ltr'>Eutychius</span> 
     </span>
     <span class='ocr_line' id='line_1_100' title="bbox 1131 1058 2024 1101; baseline 0 -8"><span class='ocrx_word' id='word_1_629' title='bbox 1131 1071 1198 1094; x_wconf 84' lang='lat' dir='ltr'>non</span> <span class='ocrx_word' id='word_1_630' title='bbox 1208 1061 1361 1096; x_wconf 84' lang='lat' dir='ltr'>Marcum</span> <span class='ocrx_word' id='word_1_631' title='bbox 1374 1086 1384 1101; x_wconf 90' lang='lat'>,</span> <span class='ocrx_word' id='word_1_632' title='bbox 1411 1061 1465 1095; x_wconf 87' lang='lat' dir='ltr'>sed</span> <span class='ocrx_word' id='word_1_633' title='bbox 1478 1059 1648 1096; x_wconf 86' lang='lat' dir='ltr'>Ananiam</span> <span class='ocrx_word' id='word_1_634' title='bbox 1656 1062 1710 1094; x_wconf 86' lang='lat' dir='ltr'>seu</span> <span class='ocrx_word' id='word_1_635' title='bbox 1726 1058 1904 1097; x_wconf 85' lang='lat' dir='ltr'>Anianum</span> <span class='ocrx_word' id='word_1_636' title='bbox 1928 1059 2024 1093; x_wconf 73' lang='lat' dir='ltr'>fuisse</span> 
     </span>
     <span class='ocr_line' id='line_1_101' title="bbox 1115 1109 1575 1156; baseline 0.002 -14"><span class='ocrx_word' id='word_1_637' title='bbox 1115 1109 1198 1143; x_wconf 85' lang='lat' dir='ltr'>.istic</span> <span class='ocrx_word' id='word_1_638' title='bbox 1209 1112 1352 1153; x_wconf 88' lang='lat' dir='ltr'>primurn</span> <span class='ocrx_word' id='word_1_639' title='bbox 1363 1111 1575 1156; x_wconf 84' lang='lat' dir='ltr'>Episcopum.</span> 
     </span>
    </p>

    <p class='ocr_par' dir='ltr' id='par_1_15' title="bbox 1115 1157 2024 2055">
     <span class='ocr_line' id='line_1_102' title="bbox 1173 1157 2021 1205; baseline -0.001 -12"><span class='ocrx_word' id='word_1_640' title='bbox 1173 1157 1365 1205; x_wconf 85' lang='lat' dir='ltr'>Antiquum</span> <span class='ocrx_word' id='word_1_641' title='bbox 1377 1159 1597 1195; x_wconf 83' lang='lat' dir='ltr'>Alexandrini</span> <span class='ocrx_word' id='word_1_642' title='bbox 1609 1157 1806 1194; x_wconf 74' lang='lat' dir='ltr'>patriarchae</span> <span class='ocrx_word' id='word_1_643' title='bbox 1831 1159 2021 1193; x_wconf 83' lang='lat' dir='ltr'>consecran-</span> 
     </span>
     <span class='ocr_line' id='line_1_103' title="bbox 1125 1206 2024 1255; baseline 0 -13"><span class='ocrx_word' id='word_1_644' title='bbox 1125 1208 1158 1242; x_wconf 89' lang='lat' dir='ltr'>di</span> <span class='ocrx_word' id='word_1_645' title='bbox 1168 1210 1305 1245; x_wconf 87' lang='lat' dir='ltr'>modum</span> <span class='ocrx_word' id='word_1_646' title='bbox 1315 1212 1453 1255; x_wconf 87' lang='lat' dir='ltr'>exponit</span> <span class='ocrx_word' id='word_1_647' title='bbox 1463 1211 1595 1245; x_wconf 80' lang='lat' dir='ltr'>laudata</span> <span class='ocrx_word' id='word_1_648' title='bbox 1608 1208 1773 1255; x_wconf 69' lang='lat' dir='ltr'>AEgyptia</span> <span class='ocrx_word' id='word_1_649' title='bbox 1779 1221 1824 1243; x_wconf 82' lang='lat' dir='ltr'>cae</span> <span class='ocrx_word' id='word_1_650' title='bbox 1834 1209 1962 1251; x_wconf 90' lang='lat' dir='ltr'>Synodi</span> <span class='ocrx_word' id='word_1_651' title='bbox 1981 1206 2024 1242; x_wconf 85' lang='lat' dir='ltr'>ad</span> 
     </span>
     <span class='ocr_line' id='line_1_104' title="bbox 1128 1258 2010 1305; baseline 0 -13"><span class='ocrx_word' id='word_1_652' title='bbox 1128 1260 1272 1297; x_wconf 80' lang='lat' dir='ltr'>Leonem</span> <span class='ocrx_word' id='word_1_653' title='bbox 1294 1262 1527 1305; x_wconf 85' lang='lat' dir='ltr'>Imperatorem</span> <span class='ocrx_word' id='word_1_654' title='bbox 1555 1260 1713 1304; x_wconf 86' lang='lat' dir='ltr'>Epistola.</span> <span class='ocrx_word' id='word_1_655' title='bbox 1751 1258 1905 1293; x_wconf 84' lang='lat' dir='ltr'>Affirmat</span> <span class='ocrx_word' id='word_1_656' title='bbox 1930 1259 2010 1292; x_wconf 84' lang='lat' dir='ltr'>San-</span> 
     </span>
     <span class='ocr_line' id='line_1_105' title="bbox 1124 1308 2013 1356; baseline 0 -14"><span class='ocrx_word' id='word_1_657' title='bbox 1124 1310 1209 1343; x_wconf 71' lang='lat' dir='ltr'>stum</span> <span class='ocrx_word' id='word_1_658' title='bbox 1235 1312 1363 1355; x_wconf 84' lang='lat' dir='ltr'>profani</span> <span class='ocrx_word' id='word_1_659' title='bbox 1389 1323 1428 1346; x_wconf 90' lang='lat' dir='ltr'>ac</span> <span class='ocrx_word' id='word_1_660' title='bbox 1454 1323 1509 1356; x_wconf 88' lang='lat' dir='ltr'>per</span> <span class='ocrx_word' id='word_1_661' title='bbox 1529 1310 1812 1345; x_wconf 82' lang='lat' dir='ltr'>Calcedonensem</span> <span class='ocrx_word' id='word_1_662' title='bbox 1836 1308 2013 1351; x_wconf 89' lang='lat' dir='ltr'>Synodum</span> 
     </span>
     <span class='ocr_line' id='line_1_106' title="bbox 1123 1358 2022 1396; baseline -0.001 -4"><span class='ocrx_word' id='word_1_663' title='bbox 1123 1358 1269 1395; x_wconf 84' lang='lat' dir='ltr'>damnati</span> <span class='ocrx_word' id='word_1_664' title='bbox 1290 1361 1446 1395; x_wconf 90' lang='lat' dir='ltr'>Dioscori</span> <span class='ocrx_word' id='word_1_665' title='bbox 1467 1361 1680 1396; x_wconf 68' lang='lat' dir='ltr'>successorem</span> <span class='ocrx_word' id='word_1_666' title='bbox 1705 1359 1891 1395; x_wconf 81' lang='lat' dir='ltr'>Proterium</span> <span class='ocrx_word' id='word_1_667' title='bbox 1915 1358 2022 1392; x_wconf 70' lang='lat' dir='ltr'>fuine</span> 
     </span>
     <span class='ocr_line' id='line_1_107' title="bbox 1123 1407 2010 1451; baseline -0.002 -9"><span class='ocrx_word' id='word_1_668' title='bbox 1123 1409 1293 1445; x_wconf 77' lang='lat' dir='ltr'>Canonice</span> <span class='ocrx_word' id='word_1_669' title='bbox 1312 1411 1470 1451; x_wconf 63' lang='lat' dir='ltr'>clettam,</span> <span class='ocrx_word' id='word_1_670' title='bbox 1498 1411 1672 1446; x_wconf 77' lang='lat' dir='ltr'>admissum</span> <span class='ocrx_word' id='word_1_671' title='bbox 1692 1409 1736 1445; x_wconf 90' lang='lat' dir='ltr'>ab</span> <span class='ocrx_word' id='word_1_672' title='bbox 1756 1410 1852 1443; x_wconf 88' lang='lat' dir='ltr'>omni</span> <span class='ocrx_word' id='word_1_673' title='bbox 1865 1407 2010 1442; x_wconf 81' lang='lat' dir='ltr'>Alexan-</span> 
     </span>
     <span class='ocr_line' id='line_1_108' title="bbox 1122 1458 2022 1506; baseline -0.002 -13"><span class='ocrx_word' id='word_1_674' title='bbox 1122 1459 1191 1494; x_wconf 88' lang='lat' dir='ltr'>dria</span> <span class='ocrx_word' id='word_1_675' title='bbox 1199 1473 1237 1495; x_wconf 85' lang='lat' dir='ltr'>ac</span> <span class='ocrx_word' id='word_1_676' title='bbox 1246 1462 1341 1497; x_wconf 87' lang='lat' dir='ltr'>omni</span> <span class='ocrx_word' id='word_1_677' title='bbox 1356 1460 1510 1506; x_wconf 79' lang='lat' dir='ltr'>AEgypto</span> <span class='ocrx_word' id='word_1_678' title='bbox 1521 1485 1532 1501; x_wconf 90' lang='lat'>,</span> <span class='ocrx_word' id='word_1_679' title='bbox 1559 1461 1613 1502; x_wconf 84' lang='lat' dir='ltr'>ipsi</span> <span class='ocrx_word' id='word_1_680' title='bbox 1621 1458 1785 1494; x_wconf 67' lang='lat' dir='ltr'>rebellasse</span> <span class='ocrx_word' id='word_1_681' title='bbox 1797 1458 1904 1492; x_wconf 85' lang='lat' dir='ltr'>solum</span> <span class='ocrx_word' id='word_1_682' title='bbox 1930 1458 2022 1492; x_wconf 88' lang='lat' dir='ltr'>Pres-</span> 
     </span>
     <span class='ocr_line' id='line_1_109' title="bbox 1122 1508 2019 1554; baseline -0.003 -10"><span class='ocrx_word' id='word_1_683' title='bbox 1122 1510 1272 1554; x_wconf 89' lang='lat' dir='ltr'>byterum</span> <span class='ocrx_word' id='word_1_684' title='bbox 1282 1509 1506 1545; x_wconf 85' lang='lat' dir='ltr'>Timotheum</span> <span class='ocrx_word' id='word_1_685' title='bbox 1518 1508 1680 1546; x_wconf 83' lang='lat' dir='ltr'>AElutum</span> <span class='ocrx_word' id='word_1_686' title='bbox 1689 1521 1765 1544; x_wconf 88' lang='lat' dir='ltr'>cum</span> <span class='ocrx_word' id='word_1_687' title='bbox 1783 1519 1924 1552; x_wconf 86' lang='lat' dir='ltr'>quatuor</span> <span class='ocrx_word' id='word_1_688' title='bbox 1960 1517 2019 1542; x_wconf 88' lang='lat' dir='ltr'>aut</span> 
     </span>
     <span class='ocr_line' id='line_1_110' title="bbox 1125 1557 2020 1606; baseline -0.002 -12"><span class='ocrx_word' id='word_1_689' title='bbox 1125 1562 1271 1606; x_wconf 87' lang='lat' dir='ltr'>quinque</span> <span class='ocrx_word' id='word_1_690' title='bbox 1284 1561 1455 1606; x_wconf 70' lang='lat' dir='ltr'>Episcopis</span> <span class='ocrx_word' id='word_1_691' title='bbox 1464 1561 1499 1596; x_wconf 74' lang='grc' dir='ltr'>δε</span> <span class='ocrx_word' id='word_1_692' title='bbox 1511 1562 1622 1605; x_wconf 88' lang='lat' dir='ltr'>paucis</span> <span class='ocrx_word' id='word_1_693' title='bbox 1642 1557 1823 1594; x_wconf 86' lang='lat' dir='ltr'>Monachis</span> <span class='ocrx_word' id='word_1_694' title='bbox 1844 1558 2020 1602; x_wconf 88' lang='lat' dir='ltr'>Apollina-</span> 
     </span>
     <span class='ocr_line' id='line_1_111' title="bbox 1126 1608 2020 1655; baseline -0.001 -10"><span class='ocrx_word' id='word_1_695' title='bbox 1126 1612 1212 1645; x_wconf 87' lang='lat' dir='ltr'>ristis</span> <span class='ocrx_word' id='word_1_696' title='bbox 1226 1636 1236 1652; x_wconf 92' lang='lat'>‚</span> <span class='ocrx_word' id='word_1_697' title='bbox 1263 1610 1328 1646; x_wconf 89' lang='lat' dir='ltr'>hoc</span> <span class='ocrx_word' id='word_1_698' title='bbox 1335 1623 1452 1647; x_wconf 84' lang='lat' dir='ltr'>omnes</span> <span class='ocrx_word' id='word_1_699' title='bbox 1463 1612 1558 1645; x_wconf 73' lang='lat' dir='ltr'>fuisse</span> <span class='ocrx_word' id='word_1_700' title='bbox 1568 1609 1779 1655; x_wconf 87' lang='lat' dir='ltr'>Synodaliter</span> <span class='ocrx_word' id='word_1_701' title='bbox 1798 1609 1979 1644; x_wconf 85' lang='lat' dir='ltr'>damnatos</span> <span class='ocrx_word' id='word_1_702' title='bbox 1996 1608 2020 1644; x_wconf 63' lang='grc' dir='ltr'>ὲ</span> 
     </span>
     <span class='ocr_line' id='line_1_112' title="bbox 1126 1658 2019 1707; baseline -0.004 -13"><span class='ocrx_word' id='word_1_703' title='bbox 1126 1661 1278 1696; x_wconf 87' lang='lat' dir='ltr'>Proterio</span> <span class='ocrx_word' id='word_1_704' title='bbox 1287 1687 1298 1702; x_wconf 92' lang='lat'>‚</span> <span class='ocrx_word' id='word_1_705' title='bbox 1325 1673 1424 1707; x_wconf 88' lang='lat' dir='ltr'>atque</span> <span class='ocrx_word' id='word_1_706' title='bbox 1435 1661 1605 1706; x_wconf 87' lang='lat' dir='ltr'>adjungit:</span> <span class='ocrx_word' id='word_1_707' title='bbox 1634 1659 1798 1704; x_wconf 65' lang='lat' dir='ltr'>adsumens</span> <span class='ocrx_word' id='word_1_708' title='bbox 1805 1658 1906 1703; x_wconf 80' lang='lat' dir='ltr'>secum</span> <span class='ocrx_word' id='word_1_709' title='bbox 1921 1661 2019 1691; x_wconf 65' lang='lat' dir='ltr'>Timo«</span> 
     </span>
     <span class='ocr_line' id='line_1_113' title="bbox 1123 1710 2023 1754; baseline -0.003 -10"><span class='ocrx_word' id='word_1_710' title='bbox 1123 1711 1297 1753; x_wconf 74' lang='lat' dir='ltr'>theusjuste</span> <span class='ocrx_word' id='word_1_711' title='bbox 1307 1715 1514 1748; x_wconf 81' lang='lat' dir='ltr'>condemnatos</span> <span class='ocrx_word' id='word_1_712' title='bbox 1527 1715 1600 1746; x_wconf 73' lang='lat' dir='ltr'>duos</span> <span class='ocrx_word' id='word_1_713' title='bbox 1622 1710 1783 1754; x_wconf 75' lang='lat' dir='ltr'>Epifiopos</span> <span class='ocrx_word' id='word_1_714' title='bbox 1794 1736 1804 1752; x_wconf 86' lang='lat'>‚</span> <span class='ocrx_word' id='word_1_715' title='bbox 1830 1712 1865 1744; x_wconf 63' lang='grc' dir='ltr'>Θ</span> <span class='ocrx_word' id='word_1_716' title='bbox 1883 1710 2023 1742; x_wconf 66' lang='lat' dir='ltr'>clericae</span> 
     </span>
     <span class='ocr_line' id='line_1_114' title="bbox 1118 1761 2017 1807; baseline -0.007 -11"><span class='ocrx_word' id='word_1_717' title='bbox 1118 1761 1255 1803; x_wconf 78' lang='lat' dir='ltr'>similiter</span> <span class='ocrx_word' id='word_1_718' title='bbox 1268 1787 1279 1803; x_wconf 91' lang='lat'>‚</span> <span class='ocrx_word' id='word_1_719' title='bbox 1303 1771 1356 1807; x_wconf 83' lang='lat' dir='ltr'>qui</span> <span class='ocrx_word' id='word_1_720' title='bbox 1372 1770 1404 1798; x_wconf 84' lang='lat' dir='ltr'>in</span> <span class='ocrx_word' id='word_1_721' title='bbox 1426 1766 1513 1798; x_wconf 81' lang='lat' dir='ltr'>exilio</span> <span class='ocrx_word' id='word_1_722' title='bbox 1528 1763 1659 1805; x_wconf 81' lang='lat' dir='ltr'>fuerant</span> <span class='ocrx_word' id='word_1_723' title='bbox 1684 1762 1824 1794; x_wconf 83' lang='lat' dir='ltr'>babitare</span> <span class='ocrx_word' id='word_1_724' title='bbox 1849 1761 2017 1797; x_wconf 76' lang='lat' dir='ltr'>damnati,</span> 
     </span>
     <span class='ocr_line' id='line_1_115' title="bbox 1117 1809 2007 1857; baseline -0.007 -11"><span class='ocrx_word' id='word_1_725' title='bbox 1117 1817 1272 1857; x_wconf 66' lang='lat' dir='ltr'>tamquam</span> <span class='ocrx_word' id='word_1_726' title='bbox 1280 1827 1388 1848; x_wconf 76' lang='lat' dir='ltr'>manus</span> <span class='ocrx_word' id='word_1_727' title='bbox 1407 1813 1613 1857; x_wconf 78' lang='lat' dir='ltr'>impofitionem</span> <span class='ocrx_word' id='word_1_728' title='bbox 1633 1810 1822 1855; x_wconf 84' lang='lat' dir='ltr'>suscepturus</span> <span class='ocrx_word' id='word_1_729' title='bbox 1842 1812 1862 1842; x_wconf 75' lang='grc' dir='ltr'><em>ἂ</em></span> <span class='ocrx_word' id='word_1_730' title='bbox 1890 1809 2007 1843; x_wconf 84' lang='lat' dir='ltr'>duobus</span> 
     </span>
     <span class='ocr_line' id='line_1_116' title="bbox 1118 1861 2004 1906; baseline -0.003 -12"><span class='ocrx_word' id='word_1_731' title='bbox 1118 1865 1195 1896; x_wconf 85' lang='lat' dir='ltr'>nullo</span> <span class='ocrx_word' id='word_1_732' title='bbox 1200 1867 1323 1906; x_wconf 82' lang='lat' dir='ltr'>penitus</span> <span class='ocrx_word' id='word_1_733' title='bbox 1333 1864 1567 1897; x_wconf 77' lang='lat' dir='ltr'>orthodoxorum</span> <span class='ocrx_word' id='word_1_734' title='bbox 1573 1867 1604 1895; x_wconf 87' lang='lat' dir='ltr'>E</span> <span class='ocrx_word' id='word_1_735' title='bbox 1603 1861 1784 1906; x_wconf 83' lang='lat' dir='ltr'>piscoporum</span> <span class='ocrx_word' id='word_1_736' title='bbox 1795 1873 1833 1895; x_wconf 85' lang='lat' dir='ltr'>ex</span> <span class='ocrx_word' id='word_1_737' title='bbox 1842 1864 2004 1903; x_wconf 68' lang='lat' dir='ltr'>AEgyptiae-</span> 
     </span>
     <span class='ocr_line' id='line_1_117' title="bbox 1117 1911 2002 1956; baseline 0 -14"><span class='ocrx_word' id='word_1_738' title='bbox 1117 1921 1152 1943; x_wconf 87' lang='lat' dir='ltr'>ca</span> <span class='ocrx_word' id='word_1_739' title='bbox 1164 1914 1284 1956; x_wconf 82' lang='lat' dir='ltr'>Dioecefi</span> <span class='ocrx_word' id='word_1_740' title='bbox 1282 1913 1432 1956; x_wconf 67' lang='lat' dir='ltr'>prasente</span> <span class='ocrx_word' id='word_1_741' title='bbox 1442 1938 1452 1953; x_wconf 95' lang='lat'>,</span> <span class='ocrx_word' id='word_1_742' title='bbox 1477 1923 1512 1946; x_wconf 82' lang='lat' dir='ltr'>ut</span> <span class='ocrx_word' id='word_1_743' title='bbox 1529 1919 1620 1945; x_wconf 84' lang='lat' dir='ltr'>moris</span> <span class='ocrx_word' id='word_1_744' title='bbox 1640 1911 1678 1951; x_wconf 83' lang='lat' dir='ltr'>est</span> <span class='ocrx_word' id='word_1_745' title='bbox 1700 1918 1732 1944; x_wconf 90' lang='lat' dir='ltr'>in</span> <span class='ocrx_word' id='word_1_746' title='bbox 1744 1911 1856 1944; x_wconf 86' lang='lat' dir='ltr'>talibus</span> <span class='ocrx_word' id='word_1_747' title='bbox 1871 1912 2002 1943; x_wconf 79' lang='lat' dir='ltr'>Alexan-</span> 
     </span>
     <span class='ocr_line' id='line_1_118' title="bbox 1117 1960 2008 2006; baseline -0.003 -12"><span class='ocrx_word' id='word_1_748' title='bbox 1117 1962 1269 1997; x_wconf 84' lang='lat' dir='ltr'>drinorum</span> <span class='ocrx_word' id='word_1_749' title='bbox 1289 1962 1500 2006; x_wconf 71' lang='lat' dir='ltr'>Episcoporum</span> <span class='ocrx_word' id='word_1_750' title='bbox 1520 1961 1766 1996; x_wconf 74' lang='lat' dir='ltr'>ordinationibus</span> <span class='ocrx_word' id='word_1_751' title='bbox 1786 1960 1917 2002; x_wconf 70' lang='lat' dir='ltr'>inter-effe</span> <span class='ocrx_word' id='word_1_752' title='bbox 1934 1984 1945 1999; x_wconf 89' lang='lat'>,</span> <span class='ocrx_word' id='word_1_753' title='bbox 1971 1966 2008 1991; x_wconf 71' lang='lat' dir='ltr'>ut*</span> 
     </span>
     <span class='ocr_line' id='line_1_119' title="bbox 1115 2011 2002 2055; baseline 0 -14"><span class='ocrx_word' id='word_1_754' title='bbox 1115 2013 1210 2045; x_wconf 82' lang='lat' dir='ltr'>credit</span> <span class='ocrx_word' id='word_1_755' title='bbox 1221 2037 1231 2052; x_wconf 94' lang='lat'>,</span> <span class='ocrx_word' id='word_1_756' title='bbox 1259 2015 1387 2054; x_wconf 83' lang='lat' dir='ltr'>adeptus</span> <span class='ocrx_word' id='word_1_757' title='bbox 1399 2013 1437 2053; x_wconf 78' lang='lat' dir='ltr'>est</span> <span class='ocrx_word' id='word_1_758' title='bbox 1448 2013 1643 2055; x_wconf 78' lang='lat' dir='ltr'>Pontificatus</span> <span class='ocrx_word' id='word_1_759' title='bbox 1662 2013 1768 2047; x_wconf 76' lang='lat' dir='ltr'>sedem</span> <span class='ocrx_word' id='word_1_760' title='bbox 1780 2035 1790 2049; x_wconf 92' lang='lat'>‚</span> <span class='ocrx_word' id='word_1_761' title='bbox 1816 2011 2002 2043; x_wconf 78' lang='lat' dir='ltr'>adulterium</span> 
     </span>
    </p>
   </div>
   <div class='ocr_carea' id='block_1_12' title="bbox 1111 2060 2130 2106">
    <p class='ocr_par' dir='ltr' id='par_1_16' title="bbox 1111 2060 2130 2106">
     <span class='ocr_line' id='line_1_120' title="bbox 1111 2060 2130 2106; baseline -0.003 -11"><span class='ocrx_word' id='word_1_762' title='bbox 1111 2064 1218 2106; x_wconf 53' lang='lat' dir='ltr'>⁸aperte</span> <span class='ocrx_word' id='word_1_763' title='bbox 1233 2061 1420 2105; x_wconf 70' lang='lat' dir='ltr'>praesumens</span> <span class='ocrx_word' id='word_1_764' title='bbox 1440 2068 1473 2095; x_wconf 84' lang='lat' dir='ltr'>in</span> <span class='ocrx_word' id='word_1_765' title='bbox 1494 2060 1629 2103; x_wconf 80' lang='lat' dir='ltr'>Ecclefia.</span> <span class='ocrx_word' id='word_1_766' title='bbox 1656 2062 1754 2094; x_wconf 89' lang='lat' dir='ltr'>Duos</span> <span class='ocrx_word' id='word_1_767' title='bbox 1769 2060 1851 2093; x_wconf 62' lang='lat' dir='ltr'>⁴istos</span> <span class='ocrx_word' id='word_1_768' title='bbox 1872 2060 2006 2103; x_wconf 85' lang='lat' dir='ltr'>Episco-</span> <span class='ocrx_word' id='word_1_769' title='bbox 2029 2071 2087 2103; x_wconf 54' lang='lat' dir='ltr'>Lib,</span> <span class='ocrx_word' id='word_1_770' title='bbox 2100 2076 2130 2103; x_wconf 70' lang='lat'>2:</span> 
     </span>
    </p>
   </div>
   <div class='ocr_carea' id='block_1_13' title="bbox 1108 2109 2124 3455">
    <p class='ocr_par' dir='ltr' id='par_1_17' title="bbox 1108 2109 2124 3455">
     <span class='ocr_line' id='line_1_121' title="bbox 1116 2109 2124 2157; baseline -0.001 -12"><span class='ocrx_word' id='word_1_771' title='bbox 1116 2122 1174 2154; x_wconf 89' lang='lat' dir='ltr'>pos</span> <span class='ocrx_word' id='word_1_772' title='bbox 1186 2112 1344 2157; x_wconf 82' lang='lat' dir='ltr'>Evagrius</span> <span class='ocrx_word' id='word_1_773' title='bbox 1367 2111 1616 2156; x_wconf 87' lang='lat' dir='ltr'>Epiphaniensis</span> <span class='ocrx_word' id='word_1_774' title='bbox 1633 2111 1771 2144; x_wconf 81' lang='lat' dir='ltr'>affirmat</span> <span class='ocrx_word' id='word_1_775' title='bbox 1793 2109 1886 2143; x_wconf 79' lang='lat' dir='ltr'>fuisse</span> <span class='ocrx_word' id='word_1_776' title='bbox 1908 2110 2007 2144; x_wconf 85' lang='lat' dir='ltr'>Euse-</span> <span class='ocrx_word' id='word_1_777' title='bbox 2029 2117 2124 2152; x_wconf 61' lang='lat' dir='ltr'>cap.8=</span> 
     </span>
     <span class='ocr_line' id='line_1_122' title="bbox 1116 2159 2006 2206; baseline -0.002 -12"><span class='ocrx_word' id='word_1_778' title='bbox 1116 2159 1207 2195; x_wconf 89' lang='lat' dir='ltr'>bium</span> <span class='ocrx_word' id='word_1_779' title='bbox 1217 2161 1333 2196; x_wconf 80' lang='lat' dir='ltr'>Pelusii</span> <span class='ocrx_word' id='word_1_780' title='bbox 1358 2163 1559 2206; x_wconf 87' lang='lat' dir='ltr'>Episcopum</span> <span class='ocrx_word' id='word_1_781' title='bbox 1573 2187 1583 2202; x_wconf 93' lang='lat'>‚</span> <span class='ocrx_word' id='word_1_782' title='bbox 1610 2162 1722 2204; x_wconf 81' lang='lat' dir='ltr'>primae</span> <span class='ocrx_word' id='word_1_783' title='bbox 1734 2159 2006 2204; x_wconf 72' lang='lat' dir='ltr'>Augustamnicae</span> 
     </span>
     <span class='ocr_line' id='line_1_123' title="bbox 1115 2209 2004 2256; baseline 0.001 -12"><span class='ocrx_word' id='word_1_784' title='bbox 1115 2210 1296 2246; x_wconf 50' lang='lat' dir='ltr'>Provinciae</span> <span class='ocrx_word' id='word_1_785' title='bbox 1317 2212 1567 2256; x_wconf 79' lang='lat' dir='ltr'>Metropolitam</span> <span class='ocrx_word' id='word_1_786' title='bbox 1586 2235 1597 2251; x_wconf 89' lang='lat'>‚</span> <span class='ocrx_word' id='word_1_787' title='bbox 1622 2212 1656 2245; x_wconf 75' lang='grc' dir='ltr'>ἀ</span> <span class='ocrx_word' id='word_1_788' title='bbox 1678 2211 1812 2245; x_wconf 86' lang='lat' dir='ltr'>Petrum</span> <span class='ocrx_word' id='word_1_789' title='bbox 1834 2222 1876 2243; x_wconf 89' lang='lat' dir='ltr'>ex</span> <span class='ocrx_word' id='word_1_790' title='bbox 1895 2209 2004 2245; x_wconf 80' lang='lat' dir='ltr'>Iberia</span> 
     </span>
     <span class='ocr_line' id='line_1_124' title="bbox 1113 2259 1999 2306; baseline -0.002 -12"><span class='ocrx_word' id='word_1_791' title='bbox 1113 2273 1223 2296; x_wconf 89' lang='lat' dir='ltr'>ortum</span> <span class='ocrx_word' id='word_1_792' title='bbox 1234 2288 1243 2303; x_wconf 95' lang='lat'>‚</span> <span class='ocrx_word' id='word_1_793' title='bbox 1271 2263 1425 2306; x_wconf 74' lang='lat' dir='ltr'>Majume</span> <span class='ocrx_word' id='word_1_794' title='bbox 1439 2263 1639 2306; x_wconf 73' lang='lat' dir='ltr'>Epistopum</span> <span class='ocrx_word' id='word_1_795' title='bbox 1651 2262 1686 2295; x_wconf 89' lang='lat' dir='ltr'>in</span> <span class='ocrx_word' id='word_1_796' title='bbox 1704 2262 1808 2304; x_wconf 79' lang='lat' dir='ltr'>prima</span> <span class='ocrx_word' id='word_1_797' title='bbox 1819 2259 1999 2293; x_wconf 76' lang='lat' dir='ltr'>palestina.</span> 
     </span>
     <span class='ocr_line' id='line_1_125' title="bbox 1114 2310 1998 2356; baseline -0.003 -11"><span class='ocrx_word' id='word_1_798' title='bbox 1114 2312 1182 2346; x_wconf 89' lang='lat' dir='ltr'>Hic</span> <span class='ocrx_word' id='word_1_799' title='bbox 1194 2313 1299 2356; x_wconf 75' lang='lat' dir='ltr'>palam</span> <span class='ocrx_word' id='word_1_800' title='bbox 1316 2325 1384 2347; x_wconf 88' lang='lat' dir='ltr'>non</span> <span class='ocrx_word' id='word_1_801' title='bbox 1403 2312 1564 2356; x_wconf 71' lang='lat' dir='ltr'>spestabat</span> <span class='ocrx_word' id='word_1_802' title='bbox 1585 2311 1625 2346; x_wconf 88' lang='lat' dir='ltr'>ad</span> <span class='ocrx_word' id='word_1_803' title='bbox 1648 2311 1890 2355; x_wconf 79' lang='lat' dir='ltr'>AEgyptiacam</span> <span class='ocrx_word' id='word_1_804' title='bbox 1906 2334 1916 2349; x_wconf 94' lang='lat'>,</span> <span class='ocrx_word' id='word_1_805' title='bbox 1943 2310 1998 2343; x_wconf 90' lang='lat' dir='ltr'>sed</span> 
     </span>
     <span class='ocr_line' id='line_1_126' title="bbox 1113 2359 2002 2404; baseline -0.002 -9"><span class='ocrx_word' id='word_1_806' title='bbox 1113 2362 1154 2395; x_wconf 90' lang='lat' dir='ltr'>ad</span> <span class='ocrx_word' id='word_1_807' title='bbox 1164 2364 1369 2398; x_wconf 83' lang='lat' dir='ltr'>orientalem</span> <span class='ocrx_word' id='word_1_808' title='bbox 1383 2363 1578 2397; x_wconf 79' lang='lat' dir='ltr'>Dioecefi‘m:</span> <span class='ocrx_word' id='word_1_809' title='bbox 1607 2362 1659 2394; x_wconf 75' lang='lat' dir='ltr'>Ex</span> <span class='ocrx_word' id='word_1_810' title='bbox 1672 2372 1795 2404; x_wconf 87' lang='lat' dir='ltr'>nupero</span> <span class='ocrx_word' id='word_1_811' title='bbox 1817 2359 2002 2395; x_wconf 84' lang='lat' dir='ltr'>Chalcedo-</span> 
     </span>
     <span class='ocr_line' id='line_1_127' title="bbox 1114 2409 2000 2456; baseline -0.003 -11"><span class='ocrx_word' id='word_1_812' title='bbox 1114 2413 1216 2446; x_wconf 85' lang='lat' dir='ltr'>nensis</span> <span class='ocrx_word' id='word_1_813' title='bbox 1227 2413 1353 2456; x_wconf 86' lang='lat' dir='ltr'>Synodi</span> <span class='ocrx_word' id='word_1_814' title='bbox 1365 2413 1509 2447; x_wconf 79' lang='lat' dir='ltr'>Decreto</span> <span class='ocrx_word' id='word_1_815' title='bbox 1518 2411 1677 2456; x_wconf 67' lang='lat' dir='ltr'>spestabat</span> <span class='ocrx_word' id='word_1_816' title='bbox 1687 2410 1728 2444; x_wconf 89' lang='lat' dir='ltr'>ad</span> <span class='ocrx_word' id='word_1_817' title='bbox 1740 2409 2000 2445; x_wconf 79' lang='lat' dir='ltr'>patriarchatum</span> 
     </span>
     <span class='ocr_line' id='line_1_128' title="bbox 1113 2458 2011 2507; baseline -0.003 -11"><span class='ocrx_word' id='word_1_818' title='bbox 1113 2462 1525 2507; x_wconf 75' lang='lat' dir='ltr'>HierosolymitanumAd</span> <span class='ocrx_word' id='word_1_819' title='bbox 1538 2461 1780 2506; x_wconf 76' lang='lat' dir='ltr'>AEgypciacam</span> <span class='ocrx_word' id='word_1_820' title='bbox 1790 2470 1900 2494; x_wconf 87' lang='lat' dir='ltr'>tamen</span> <span class='ocrx_word' id='word_1_821' title='bbox 1918 2458 2011 2494; x_wconf 85' lang='lat' dir='ltr'>Dioe·</span> 
     </span>
     <span class='ocr_line' id='line_1_129' title="bbox 1111 2510 1999 2557; baseline -0.002 -11"><span class='ocrx_word' id='word_1_822' title='bbox 1111 2512 1205 2547; x_wconf 81' lang='lat' dir='ltr'>celim</span> <span class='ocrx_word' id='word_1_823' title='bbox 1216 2513 1356 2548; x_wconf 77' lang='lat' dir='ltr'>omnino</span> <span class='ocrx_word' id='word_1_824' title='bbox 1367 2512 1527 2557; x_wconf 71' lang='lat' dir='ltr'>spestabat</span> <span class='ocrx_word' id='word_1_825' title='bbox 1546 2510 1705 2545; x_wconf 85' lang='lat' dir='ltr'>Eusebius</span> <span class='ocrx_word' id='word_1_826' title='bbox 1726 2510 1844 2544; x_wconf 78' lang='lat' dir='ltr'>Pelusii</span> <span class='ocrx_word' id='word_1_827' title='bbox 1863 2510 1999 2553; x_wconf 86' lang='lat' dir='ltr'>Episco-</span> 
     </span>
     <span class='ocr_line' id='line_1_130' title="bbox 1112 2558 2001 2605; baseline -0.003 -9"><span class='ocrx_word' id='word_1_828' title='bbox 1112 2574 1177 2605; x_wconf 87' lang='lat' dir='ltr'>pus.</span> <span class='ocrx_word' id='word_1_829' title='bbox 1206 2564 1275 2597; x_wconf 81' lang='lat' dir='ltr'>Hic</span> <span class='ocrx_word' id='word_1_830' title='bbox 1286 2563 1330 2597; x_wconf 88' lang='lat' dir='ltr'>est</span> <span class='ocrx_word' id='word_1_831' title='bbox 1343 2563 1441 2598; x_wconf 81' lang='lat' dir='ltr'>faedus</span> <span class='ocrx_word' id='word_1_832' title='bbox 1464 2562 1522 2596; x_wconf 86' lang='lat' dir='ltr'>iste</span> <span class='ocrx_word' id='word_1_833' title='bbox 1542 2559 1704 2595; x_wconf 83' lang='lat' dir='ltr'>Eusebius</span> <span class='ocrx_word' id='word_1_834' title='bbox 1718 2585 1728 2600; x_wconf 93' lang='lat'>‚</span> <span class='ocrx_word' id='word_1_835' title='bbox 1755 2560 1846 2602; x_wconf 82' lang='lat' dir='ltr'>cujus</span> <span class='ocrx_word' id='word_1_836' title='bbox 1867 2558 2001 2594; x_wconf 83' lang='lat' dir='ltr'>horren-</span> 
     </span>
     <span class='ocr_line' id='line_1_131' title="bbox 1111 2610 1998 2653; baseline -0.003 -7"><span class='ocrx_word' id='word_1_837' title='bbox 1111 2612 1187 2647; x_wconf 87' lang='lat' dir='ltr'>dam</span> <span class='ocrx_word' id='word_1_838' title='bbox 1197 2615 1383 2648; x_wconf 88' lang='lat' dir='ltr'>Simoniam</span> <span class='ocrx_word' id='word_1_839' title='bbox 1392 2638 1402 2653; x_wconf 95' lang='lat'>,</span> <span class='ocrx_word' id='word_1_840' title='bbox 1426 2614 1460 2647; x_wconf 76' lang='grc' dir='ltr'>δε</span> <span class='ocrx_word' id='word_1_841' title='bbox 1472 2611 1559 2646; x_wconf 72' lang='lat' dir='ltr'>varie</span> <span class='ocrx_word' id='word_1_842' title='bbox 1571 2611 1759 2646; x_wconf 86' lang='lat' dir='ltr'>sceleratam</span> <span class='ocrx_word' id='word_1_843' title='bbox 1771 2612 1873 2646; x_wconf 86' lang='lat' dir='ltr'>vitam</span> <span class='ocrx_word' id='word_1_844' title='bbox 1885 2610 1998 2653; x_wconf 88' lang='lat' dir='ltr'>depin-</span> 
     </span>
     <span class='ocr_line' id='line_1_132' title="bbox 1110 2658 2000 2707; baseline -0.003 -10"><span class='ocrx_word' id='word_1_845' title='bbox 1110 2664 1160 2707; x_wconf 88' lang='lat' dir='ltr'>git</span> <span class='ocrx_word' id='word_1_846' title='bbox 1171 2664 1205 2697; x_wconf 90' lang='lat' dir='ltr'>in</span> <span class='ocrx_word' id='word_1_847' title='bbox 1214 2665 1325 2698; x_wconf 87' lang='lat' dir='ltr'>multis</span> <span class='ocrx_word' id='word_1_848' title='bbox 1338 2663 1540 2707; x_wconf 88' lang='lat' dir='ltr'>Epistolis,&amp;</span> <span class='ocrx_word' id='word_1_849' title='bbox 1552 2673 1607 2705; x_wconf 89' lang='lat' dir='ltr'>per</span> <span class='ocrx_word' id='word_1_850' title='bbox 1616 2662 1762 2695; x_wconf 65' lang='lat' dir='ltr'>sanct-im</span> <span class='ocrx_word' id='word_1_851' title='bbox 1774 2658 2000 2694; x_wconf 73' lang='lat' dir='ltr'>patriarcham</span> 
     </span>
     <span class='ocr_line' id='line_1_133' title="bbox 1112 2708 1997 2758; baseline -0.008 -10"><span class='ocrx_word' id='word_1_852' title='bbox 1112 2713 1276 2756; x_wconf 86' lang='lat' dir='ltr'>Cyrillurn</span> <span class='ocrx_word' id='word_1_853' title='bbox 1311 2713 1460 2758; x_wconf 83' lang='lat' dir='ltr'>castigari</span> <span class='ocrx_word' id='word_1_854' title='bbox 1496 2712 1682 2756; x_wconf 81' lang='lat' dir='ltr'>expostulat</span> <span class='ocrx_word' id='word_1_855' title='bbox 1710 2712 1835 2744; x_wconf 63' lang='lat' dir='ltr'>san-aus</span> <span class='ocrx_word' id='word_1_856' title='bbox 1857 2708 1997 2743; x_wconf 84' lang='lat' dir='ltr'>Isidorus</span> 
     </span>
     <span class='ocr_line' id='line_1_134' title="bbox 1110 2758 2007 2806; baseline -0.007 -9"><span class='ocrx_word' id='word_1_857' title='bbox 1110 2762 1297 2800; x_wconf 78' lang='lat' dir='ltr'>pelusiotes.</span> <span class='ocrx_word' id='word_1_858' title='bbox 1326 2764 1447 2798; x_wconf 85' lang='lat' dir='ltr'>Adfuit</span> <span class='ocrx_word' id='word_1_859' title='bbox 1468 2761 1632 2806; x_wconf 79' lang='lat' dir='ltr'>Ephesmo&#39;</span> <span class='ocrx_word' id='word_1_860' title='bbox 1652 2760 1809 2794; x_wconf 83' lang='lat' dir='ltr'>Concilio</span> <span class='ocrx_word' id='word_1_861' title='bbox 1838 2784 1849 2798; x_wconf 89' lang='lat'>‚</span> <span class='ocrx_word' id='word_1_862' title='bbox 1874 2760 1908 2792; x_wconf 77' lang='grc' dir='ltr'>δε</span> <span class='ocrx_word' id='word_1_863' title='bbox 1931 2758 2007 2792; x_wconf 83' lang='lat' dir='ltr'>istic</span> 
     </span>
     <span class='ocr_line' id='line_1_135' title="bbox 1110 2808 2004 2854; baseline -0.007 -7"><span class='ocrx_word' id='word_1_864' title='bbox 1110 2813 1278 2849; x_wconf 87' lang='lat' dir='ltr'>damnavit</span> <span class='ocrx_word' id='word_1_865' title='bbox 1290 2814 1494 2848; x_wconf 85' lang='lat' dir='ltr'>Nestorium.</span> <span class='ocrx_word' id='word_1_866' title='bbox 1521 2813 1615 2846; x_wconf 87' lang='lat' dir='ltr'>Licet</span> <span class='ocrx_word' id='word_1_867' title='bbox 1629 2810 1797 2854; x_wconf 80' lang='lat' dir='ltr'>Ephesmo</span> <span class='ocrx_word' id='word_1_868' title='bbox 1809 2808 2004 2843; x_wconf 85' lang='lat' dir='ltr'>Latrocinio</span> 
     </span>
     <span class='ocr_line' id='line_1_136' title="bbox 1111 2858 2007 2904; baseline -0.008 -7"><span class='ocrx_word' id='word_1_869' title='bbox 1111 2875 1179 2898; x_wconf 90' lang='lat' dir='ltr'>non</span> <span class='ocrx_word' id='word_1_870' title='bbox 1190 2864 1351 2904; x_wconf 87' lang='lat' dir='ltr'>adfuerit,</span> <span class='ocrx_word' id='word_1_871' title='bbox 1377 2862 1518 2898; x_wconf 74' lang='lat' dir='ltr'>omnino</span> <span class='ocrx_word' id='word_1_872' title='bbox 1540 2872 1651 2897; x_wconf 81' lang='lat' dir='ltr'>tamen</span> <span class='ocrx_word' id='word_1_873' title='bbox 1674 2862 1801 2894; x_wconf 85' lang='lat' dir='ltr'>secutus</span> <span class='ocrx_word' id='word_1_874' title='bbox 1813 2859 1857 2892; x_wconf 81' lang='lat' dir='ltr'>est</span> <span class='ocrx_word' id='word_1_875' title='bbox 1881 2858 1928 2894; x_wconf 90' lang='lat' dir='ltr'>sui</span> <span class='ocrx_word' id='word_1_876' title='bbox 1947 2858 2007 2892; x_wconf 87' lang='lat' dir='ltr'>Pa-</span> 
     </span>
     <span class='ocr_line' id='line_1_137' title="bbox 1110 2906 2001 2953; baseline -0.007 -4"><span class='ocrx_word' id='word_1_877' title='bbox 1110 2913 1255 2949; x_wconf 76' lang='lat' dir='ltr'>triarchae</span> <span class='ocrx_word' id='word_1_878' title='bbox 1266 2914 1420 2949; x_wconf 86' lang='lat' dir='ltr'>Dioscori</span> <span class='ocrx_word' id='word_1_879' title='bbox 1442 2914 1620 2948; x_wconf 69' lang='lat' dir='ltr'>fastionem</span> <span class='ocrx_word' id='word_1_880' title='bbox 1645 2920 1741 2953; x_wconf 88' lang='lat' dir='ltr'>atque</span> <span class='ocrx_word' id='word_1_881' title='bbox 1753 2906 2001 2951; x_wconf 82' lang='lat' dir='ltr'>Eutychianam</span> 
     </span>
     <span class='ocr_line' id='line_1_138' title="bbox 1111 2957 2003 2998; baseline -0.006 -1"><span class='ocrx_word' id='word_1_882' title='bbox 1111 2964 1272 2998; x_wconf 60' lang='lat' dir='ltr'>heresim:</span> <span class='ocrx_word' id='word_1_883' title='bbox 1301 2965 1343 2998; x_wconf 89' lang='lat' dir='ltr'>Et</span> <span class='ocrx_word' id='word_1_884' title='bbox 1356 2962 1435 2997; x_wconf 88' lang='lat' dir='ltr'>hinc</span> <span class='ocrx_word' id='word_1_885' title='bbox 1446 2963 1575 2997; x_wconf 81' lang='lat' dir='ltr'>forsitan</span> <span class='ocrx_word' id='word_1_886' title='bbox 1589 2960 1646 2994; x_wconf 87' lang='lat' dir='ltr'>sibi</span> <span class='ocrx_word' id='word_1_887' title='bbox 1667 2960 1787 2993; x_wconf 88' lang='lat' dir='ltr'>timens</span> <span class='ocrx_word' id='word_1_888' title='bbox 1812 2957 1923 2992; x_wconf 87' lang='lat' dir='ltr'>noluit</span> <span class='ocrx_word' id='word_1_889' title='bbox 1948 2958 2003 2992; x_wconf 83' lang='lat' dir='ltr'>ad·</span> 
     </span>
     <span class='ocr_line' id='line_1_139' title="bbox 1110 3007 1998 3048; baseline -0.008 0"><span class='ocrx_word' id='word_1_890' title='bbox 1110 3015 1172 3048; x_wconf 76' lang='lat' dir='ltr'>esse</span> <span class='ocrx_word' id='word_1_891' title='bbox 1184 3013 1443 3048; x_wconf 82' lang='lat' dir='ltr'>Chalcedonensi</span> <span class='ocrx_word' id='word_1_892' title='bbox 1457 3011 1623 3046; x_wconf 87' lang='lat' dir='ltr'>Concilio.</span> <span class='ocrx_word' id='word_1_893' title='bbox 1653 3008 1789 3042; x_wconf 86' lang='lat' dir='ltr'>Interim</span> <span class='ocrx_word' id='word_1_894' title='bbox 1811 3008 1930 3045; x_wconf 57' lang='lat' dir='ltr'>fadum</span> <span class='ocrx_word' id='word_1_895' title='bbox 1942 3007 1998 3042; x_wconf 87' lang='lat' dir='ltr'>hic</span> 
     </span>
     <span class='ocr_line' id='line_1_140' title="bbox 1114 3058 2005 3099; baseline -0.004 -2"><span class='ocrx_word' id='word_1_896' title='bbox 1114 3065 1270 3099; x_wconf 88' lang='lat' dir='ltr'>Dioscori</span> <span class='ocrx_word' id='word_1_897' title='bbox 1282 3063 1530 3099; x_wconf 86' lang='lat' dir='ltr'>damnationem</span> <span class='ocrx_word' id='word_1_898' title='bbox 1541 3084 1551 3099; x_wconf 85' lang='lat'>‚</span> <span class='ocrx_word' id='word_1_899' title='bbox 1577 3060 1611 3094; x_wconf 89' lang='lat'>&amp;</span> <span class='ocrx_word' id='word_1_900' title='bbox 1623 3070 1742 3093; x_wconf 87' lang='lat' dir='ltr'>novam</span> <span class='ocrx_word' id='word_1_901' title='bbox 1754 3059 1852 3092; x_wconf 64' lang='lat' dir='ltr'>uncti</span> <span class='ocrx_word' id='word_1_902' title='bbox 1865 3058 2005 3093; x_wconf 75' lang='lat' dir='ltr'>Proterii</span> 
     </span>
     <span class='ocr_line' id='line_1_141' title="bbox 1112 3107 2004 3157; baseline -0.003 -10"><span class='ocrx_word' id='word_1_903' title='bbox 1112 3115 1356 3157; x_wconf 76' lang='lat' dir='ltr'>promotionem</span> <span class='ocrx_word' id='word_1_904' title='bbox 1366 3113 1536 3146; x_wconf 87' lang='lat' dir='ltr'>admittere</span> <span class='ocrx_word' id='word_1_905' title='bbox 1548 3109 1658 3142; x_wconf 88' lang='lat' dir='ltr'>noluit</span> <span class='ocrx_word' id='word_1_906' title='bbox 1670 3131 1680 3149; x_wconf 89' lang='lat'><strong>,</strong></span> <span class='ocrx_word' id='word_1_907' title='bbox 1701 3107 1780 3143; x_wconf 92' lang='lat' dir='ltr'>huic</span> <span class='ocrx_word' id='word_1_908' title='bbox 1792 3109 2004 3152; x_wconf 80' lang='lat' dir='ltr'>pertinaciter</span> 
     </span>
     <span class='ocr_line' id='line_1_142' title="bbox 1111 3157 2002 3199; baseline -0.007 -2"><span class='ocrx_word' id='word_1_909' title='bbox 1111 3163 1277 3197; x_wconf 86' lang='lat' dir='ltr'>rebellavit</span> <span class='ocrx_word' id='word_1_910' title='bbox 1288 3174 1365 3197; x_wconf 90' lang='lat' dir='ltr'>cum</span> <span class='ocrx_word' id='word_1_911' title='bbox 1377 3158 1564 3195; x_wconf 85' lang='lat' dir='ltr'>Timotheo</span> <span class='ocrx_word' id='word_1_912' title='bbox 1575 3159 1698 3193; x_wconf 84' lang='lat' dir='ltr'>AEluro</span> <span class='ocrx_word' id='word_1_913' title='bbox 1711 3183 1721 3199; x_wconf 85' lang='lat'>‚</span> <span class='ocrx_word' id='word_1_914' title='bbox 1735 3157 1813 3192; x_wconf 89' lang='lat' dir='ltr'>hinc</span> <span class='ocrx_word' id='word_1_915' title='bbox 1826 3158 2002 3194; x_wconf 79' lang='lat' dir='ltr'>damnatus</span> 
     </span>
     <span class='ocr_line' id='line_1_143' title="bbox 1110 3207 1998 3257; baseline -0.007 -10"><span class='ocrx_word' id='word_1_916' title='bbox 1110 3215 1143 3248; x_wconf 73' lang='lat' dir='ltr'>&lt;Sc</span> <span class='ocrx_word' id='word_1_917' title='bbox 1154 3214 1314 3257; x_wconf 83' lang='lat' dir='ltr'>relegatus</span> <span class='ocrx_word' id='word_1_918' title='bbox 1323 3212 1368 3246; x_wconf 85' lang='lat' dir='ltr'>est</span> <span class='ocrx_word' id='word_1_919' title='bbox 1380 3212 1397 3243; x_wconf 71' lang='grc' dir='ltr'>ὲ</span> <span class='ocrx_word' id='word_1_920' title='bbox 1411 3210 1546 3244; x_wconf 87' lang='lat' dir='ltr'>laudato</span> <span class='ocrx_word' id='word_1_921' title='bbox 1557 3208 1706 3243; x_wconf 86' lang='lat' dir='ltr'>Proterio</span> <span class='ocrx_word' id='word_1_922' title='bbox 1719 3233 1729 3249; x_wconf 91' lang='lat'>,</span> <span class='ocrx_word' id='word_1_923' title='bbox 1757 3207 1853 3251; x_wconf 81' lang='lat' dir='ltr'>hujus</span> <span class='ocrx_word' id='word_1_924' title='bbox 1866 3208 1998 3243; x_wconf 89' lang='lat' dir='ltr'>horren-</span> 
     </span>
     <span class='ocr_line' id='line_1_144' title="bbox 1109 3258 2000 3303; baseline -0.008 -5"><span class='ocrx_word' id='word_1_925' title='bbox 1109 3264 1186 3298; x_wconf 86' lang='lat' dir='ltr'>dam</span> <span class='ocrx_word' id='word_1_926' title='bbox 1208 3262 1462 3297; x_wconf 84' lang='lat' dir='ltr'>trucidationem</span> <span class='ocrx_word' id='word_1_927' title='bbox 1483 3258 1605 3302; x_wconf 77' lang='lat' dir='ltr'>adjuvit</span> <span class='ocrx_word' id='word_1_928' title='bbox 1616 3284 1626 3299; x_wconf 89' lang='lat'>‚</span> <span class='ocrx_word' id='word_1_929' title='bbox 1652 3259 1687 3293; x_wconf 70' lang='grc' dir='ltr'>ὃς</span> <span class='ocrx_word' id='word_1_930' title='bbox 1707 3258 1804 3303; x_wconf 86' lang='lat' dir='ltr'>ipsius</span> <span class='ocrx_word' id='word_1_931' title='bbox 1830 3261 2000 3295; x_wconf 67' lang='lat' dir='ltr'>austorem</span> 
     </span>
     <span class='ocr_line' id='line_1_145' title="bbox 1110 3308 2001 3354; baseline -0.007 -8"><span class='ocrx_word' id='word_1_932' title='bbox 1110 3312 1332 3347; x_wconf 78' lang='lat' dir='ltr'>Timotheum</span> <span class='ocrx_word' id='word_1_933' title='bbox 1343 3312 1466 3344; x_wconf 89' lang='lat' dir='ltr'>curavit</span> <span class='ocrx_word' id='word_1_934' title='bbox 1474 3309 1554 3354; x_wconf 87' lang='lat' dir='ltr'>eligi</span> <span class='ocrx_word' id='word_1_935' title='bbox 1565 3309 1584 3342; x_wconf 70' lang='lat' dir='ltr'>a</span> <span class='ocrx_word' id='word_1_936' title='bbox 1606 3309 1829 3343; x_wconf 86' lang='lat' dir='ltr'>tumultuante</span> <span class='ocrx_word' id='word_1_937' title='bbox 1842 3308 1976 3353; x_wconf 90' lang='lat' dir='ltr'>Populo</span> <span class='ocrx_word' id='word_1_938' title='bbox 1989 3332 2001 3346; x_wconf 88' lang='lat'><em>‚</em></span> 
     </span>
     <span class='ocr_line' id='line_1_146' title="bbox 1108 3359 2000 3396; baseline -0.006 0"><span class='ocrx_word' id='word_1_939' title='bbox 1108 3365 1140 3396; x_wconf 86' lang='lat'>&amp;</span> <span class='ocrx_word' id='word_1_940' title='bbox 1151 3374 1226 3396; x_wconf 88' lang='lat' dir='ltr'>cum</span> <span class='ocrx_word' id='word_1_941' title='bbox 1235 3363 1389 3396; x_wconf 86' lang='lat' dir='ltr'>damnato</span> <span class='ocrx_word' id='word_1_942' title='bbox 1401 3359 1500 3394; x_wconf 88' lang='lat' dir='ltr'>Petro</span> <span class='ocrx_word' id='word_1_943' title='bbox 1511 3360 1685 3395; x_wconf 82' lang='lat' dir='ltr'>damnatus</span> <span class='ocrx_word' id='word_1_944' title='bbox 1697 3359 1902 3393; x_wconf 80' lang='lat' dir='ltr'>Damnatum</span> <span class='ocrx_word' id='word_1_945' title='bbox 1923 3369 2000 3392; x_wconf 91' lang='lat' dir='ltr'>con-</span> 
     </span>
     <span class='ocr_line' id='line_1_147' title="bbox 1109 3408 1995 3455; baseline -0.006 -10"><span class='ocrx_word' id='word_1_946' title='bbox 1109 3413 1247 3446; x_wconf 66' lang='lat' dir='ltr'>secravit.</span> <span class='ocrx_word' id='word_1_947' title='bbox 1275 3411 1385 3455; x_wconf 86' lang='lat' dir='ltr'>Hujus</span> <span class='ocrx_word' id='word_1_948' title='bbox 1397 3422 1524 3455; x_wconf 76' lang='lat' dir='ltr'>magnae</span> <span class='ocrx_word' id='word_1_949' title='bbox 1535 3410 1581 3444; x_wconf 90' lang='lat' dir='ltr'>rei</span> <span class='ocrx_word' id='word_1_950' title='bbox 1595 3409 1752 3443; x_wconf 86' lang='lat' dir='ltr'>notitiam</span> <span class='ocrx_word' id='word_1_951' title='bbox 1763 3408 1919 3443; x_wconf 89' lang='lat' dir='ltr'>debemus</span> <span class='ocrx_word' id='word_1_952' title='bbox 1932 3408 1995 3441; x_wconf 84' lang='lat' dir='ltr'>uni</span> 
     </span>
    </p>
   </div>
   <div class='ocr_carea' id='block_1_14' title="bbox 1109 3458 2004 3544">
    <p class='ocr_par' dir='ltr' id='par_1_18' title="bbox 1109 3458 2004 3544">
     <span class='ocr_line' id='line_1_148' title="bbox 1109 3458 1997 3542; baseline -0.011 -44"><span class='ocrx_word' id='word_1_953' title='bbox 1109 3462 1260 3508; x_wconf 63' lang='lat' dir='ltr'>Evagrio.</span> <span class='ocrx_word' id='word_1_954' title='bbox 1287 3462 1332 3497; x_wconf 81' lang='lat' dir='ltr'>Et</span> <span class='ocrx_word' id='word_1_955' title='bbox 1341 3459 1421 3497; x_wconf 85' lang='lat' dir='ltr'>hinc</span> <span class='ocrx_word' id='word_1_956' title='bbox 1433 3461 1536 3497; x_wconf 86' lang='lat' dir='ltr'>oritur</span> <span class='ocrx_word' id='word_1_957' title='bbox 1546 3458 1679 3542; x_wconf 54' lang='lat' dir='ltr'>quaesgo</span> <span class='ocrx_word' id='word_1_958' title='bbox 1692 3483 1702 3498; x_wconf 93' lang='lat'><em>‚</em></span> <span class='ocrx_word' id='word_1_959' title='bbox 1725 3459 1908 3509; x_wconf 73' lang='lat' dir='ltr'>Qiomodo</span> <span class='ocrx_word' id='word_1_960' title='bbox 1928 3458 1997 3541; x_wconf 49' lang='lat' dir='ltr'>glau-</span> 
     </span>
     <span class='ocr_line' id='line_1_149' title="bbox 1707 3514 2004 3544; baseline -0.007 0"><span class='ocrx_word' id='word_1_961' title='bbox 1707 3519 1730 3544; x_wconf 84' lang='lat'><em>2</em></span> <span class='ocrx_word' id='word_1_962' title='bbox 1952 3514 2004 3542; x_wconf 56' lang='lat' dir='ltr'>ata</span> 
     </span>
    </p>
   </div>
   <div class='ocr_carea' id='block_1_15' title="bbox 2158 1497 2197 1513">
    <p class='ocr_par' dir='ltr' id='par_1_19' title="bbox 2158 1497 2197 1513">
     <span class='ocr_line' id='line_1_150' title="bbox 2158 1497 2197 1513; baseline -0.051 0"><span class='ocrx_word' id='word_1_963' title='bbox 2158 1497 2197 1513; x_wconf 53' lang='grc' dir='ltr'>ΡΣ,</span> 
     </span>
    </p>
   </div>
  </div>
 </body>
</html>
