2346 3776
48 780 174 824 ffipistAE·

544 94 860 145 senonis,
884 104 965 140 ET
983 103 1177 142 ,No'rls
1199 99 1698 140 1LLUSTRATUM.

225 189 317 224 gnus
328 174 551 221 Episcopus&
561 174 692 212 Dostor
702 171 909 219 Qintianus
919 181 1034 207 contra
1046 173 1106 208 Pe-

223 229 272 264 ⁷tri
294 227 462 266 Fullonis,
487 221 694 262 Antiocheni
712 221 1051 259 ,Pseudo-patriarchae
1062 228 1108 258 et·

229 290 316 314 rores
345 275 451 312 edidit
483 273 574 308 hunc
595 271 920 307 Anathematismum
944 286 954 306 .·
980 276 1013 306 si
1039 278 1106 315 quis

228 328 397 370 confundat
429 326 506 358 duas
542 322 657 363 :Christi
708 332 840 357 naturas
869 323 974 356 ‚dicens
1010 326 1107 356 Deum

226 378 343 422 (ια-(βου
357 387 451 413 ¹crime
460 398 470 415 ,
497 376 532 409 Θ
553 386 611 408 non
637 374 756 417 paffum
780 371 930 413 christum
950 383 1039 406 carne
1057 373 1109 416 se-

228 421 531 468 cundRmquliolum
539 425 699 461 damnetur
711 448 719 456 .
741 421 945 459 Constanter
957 422 1107 457 adfirmat

228 476 415 516 Pa-ffionem
428 476 462 510 &
474 485 613 509 mortem
625 485 693 508 non
704 474 745 508 de
757 483 838 512 voce
849 497 860 512 ,
888 476 970 506 Deus
981 497 990 512 ,
1003 473 1056 506 sed
1067 473 1108 507 de

229 526 300 563 fola
311 538 405 566 voce,
414 524 608 566 chrismal>
620 522 783 568 Apostolo
793 521 1107 565 praedicari,omnem

226 576 326 613 aliter
349 576 579 620 praedimntem
597 572 853 612 *anathematizat
865 597 875 612 ,
898 573 936 606 ἀ
949 572 1085 607 damnat
1097 597 1107 613 ,

228 625 379 670 adeoque
400 625 578 659 firmissime
598 625 708 661 censet
720 622 827 658 taliter
836 622 855 657 a
867 623 1006 657 Nicaeno
1015 624 1107 665 Sym-

229 675 313 712 bolo
324 689 392 710 non
406 674 569 720 praedicari

266 727 481 770 ‚Respondeo
491 725 578 760 hanc
586 724 793 773 questionem
804 722 913 766 ample·
925 722 1105 757 examinari

226 778 250 814 ὲ
269 778 389 815 Sancto
399 775 530 821 Cyrillo
550 773 759 813 Alexandriae
770 772 955 811 Patriarch‘a
975 773 1010 806 in
1023 771 1108 806 litte-

230 828 274 865 ris
283 851 285 854 -
295 827 341 862 ad
356 824 691 861 discorduntes-‘inter‘
701 825 736 859 se
754 823 799 858 ob
812 834 937 856 novum
950 822 1103 866 Episcopi

226 878 279 915 :sui
294 876 438 923 Nestorii
457 875 580 920 dogma
598 874 749 908 Clericos
768 870 1117 915 Constantinopolim?

227 937 290 963 nos
301 950 308 957 .
336 925 532 959 Nestoriana
542 924 640 959 fastio
649 933 765 959 contra
783 922 951 966 Cyrillum
963 921 1107 957 ediderat

222 975 309 1011 ddas
319 974 483 1018 Epistolas
506 973 564 1009 sub
580 973 646 1008 hoc
655 974 776 1013 titulo:
804 971 972 1016 Adversum
983 984 1030 1006 eos
1057 977 1108 1014 qui

223 1033 350 1069 propter
356 1031 495 1065 unionem
511 1033 566 1058 aut
577 1029 727 1068 Unigeniti
738 1027 893 1062 rDeitatem
903 1027 1085 1056 imminuunt
1097 1045 1107 1062 ,

227 1074 509 1112 autbumanitntem
525 1074 676 1116 Delficant
687 1100 694 1106 .
722 1075 846 1113 Earum
858 1073 1054 1117 prooemium
1071 1072 1105 1105 in

227 1125 478 1172 Apollinarium
510 1125 682 1171 praesertim
708 1123 925 1164 invehebatur
944 1148 958 1169 3
989 1132 1108 1156 omnem

223 1175 393 1213 qdbibeba‘t
410 1184 552 1214 ,conatum
564 1183 600 1214 ut
616 1183 723 1217 corpus
746 1174 799 1208 hoc
827 1172 928 1217 ipsum
951 1174 1006 1216 effi
1028 1172 1109 1215 quod

224 1225 342 1269 paffum
357 1224 398 1268 fit
410 1224 560 1265 ostenda,
583 1236 644 1258 non
666 1233 770 1265 ‚autem
802 1227 861 1260 'Dei
890 1221 1017 1256 Verbum
1030 1247 1037 1254 .
1064 1221 1107 1255 Et

228 1276 365 1311 Sanstus
387 1275 536 1318 cyrillus
554 1274 742 1317 respondit:
768 1271 870 1315 v,Quasi
891 1275 964 1306 verb
978 1271 1040 1314 fint
1059 1277 1109 1314 qui

228 1325 398 1368 impatibile
416 1327 475 1361 Dei
499 1323 631 1363 Verbum
656 1327 728 1365 pati
755 1322 834 1368 pqffe
871 1333 1003 1364 unquam
1028 1323 1110 1355 dixe*

229 1381 314 1410 m.
341 1378 439 1407 Nemo
461 1372 577 1417 ,utique
587 1371 807 1413 Catholicus,
828 1374 864 1405 ,eci
881 1372 1023 1414 infamiae
1043 1379 1109 1414 pro·

225 1423 384 1468 ‚lapsu-rest
392 1448 404 1469 ,
429 1432 462 1457 ut
473 1421 616 1466 eiusmodi
627 1424 784 1466 quidpiam
791 1421 914 1462 effutiat
926 1447 933 1453 .
959 1422 1069 1455 Verum
1077 1429 1112 1454 ut
1149 1424 1151 1428 '

224 1473 311 1518 sape
325 1476 398 1516 ,iam
410 1479 601 1513 monuimus,
622 1475 718 1519 ,Sacra
730 1472 866 1506 Nicaena
877 1473 1006 1511 synodus
1016 1469 1111 1514 ipsum

229 1528 291 1563 Dei
309 1524 438 1559 Verbum
454 1531 513 1565 per
531 1524 612 1566 quod
632 1527 732 1556 omnia
750 1523 880 1555 ⁴condita
907 1520 981 1565 sunt
995 1522 1112 1565 p'affum

222 1568 390 1618 fferam
413 1569 535 1617 paffum'
548 1581 651 1611 ¹autem
673 1583 766 1610 ,carne
788 1570 950 1615 ficundum
983 1573 1112 1613 Scriptu-

224 1636 283 1660 ras
303 1649 310 1656 .
345 1627 476 1665 corpore
511 1634 640 1665 namque
673 1624 753 1656 illius
774 1627 914 1664 patiente
939 1645 951 1661 ‚
977 1621 1059 1655 reste
1079 1622 1112 1655 &

228 1674 337 1717 ipsum
346 1683 479 1716 quoque
491 1673 558 1715 pati
578 1672 716 1710 dicitur.
738 1671 906 1709 Successus
929 1671 1113 1705 Dio-&sa-

228 1734 290 1758 ηε
300 1723 336 1756 in
348 1723 470 1756 Isauria
486 1722 669 1765 Episcopus
677 1721 798 1764 scripsit
805 1720 927 1764 Cyrilli
937 1720 1092 1764 Capitula
1104 1745 1114 1761 ,

231 1785 271 1819 ac
290 1773 461 1817 praesertim
472 1770 621 1810 Phrasim
632 1795 643 1811 ‚
667 1781 733 1814 qua
747 1766 1114 1808 ChristumDominum

226 1823 362 1862 dixerat
370 1833 442 1861 *non
453 1821 583 1860 tantum
601 1832 647 1855 ex
667 1819 796 1860 ⁴duabus
817 1822 942 1858 naturis
957 1820 1115 1864 composi-

231 1882 304 1908 tum
316 1893 329 1913 5
355 1871 409 1908 sed
421 1872 522 1910 etiam
532 1871 594 1906 effe
604 1881 710 1908 unam
723 1879 874 1906 naturam
888 1870 1091 1907 incarnatam
1104 1894 1115 1910 ,

232 1921 421 1966 impugnari
435 1921 455 1954 a
480 1921 597 1961 variis,
620 1921 657 1956 ,δε
680 1918 747 1954 hoc
772 1920 836 1954 effe
858 1920 1001 1963 primum
1021 1930 1115 1965 argu-

228 1980 392 2011 mentum
407 1983 415 2003 z
451 1972 484 2003 51·
512 1981 549 2004 ex
581 1969 699 2003 duabus
730 1975 850 2002 naturis
880 1969 1050 2012 compositus
1077 1969 1116 2010 est

233 2020 436 2061 Emmanuel,
462 2019 564 2062 &post
586 2025 720 2057 unionem
733 2031 795 2053 una
804 2020 992 2063 intelligatur
1002 2028 1115 2054 natura

233 2071 324 2105 Verbi
347 2077 508 2104 incarnata
521 2095 531 2110 ,
550 2068 735 2112 consequitur
744 2075 883 2109 omnino,
908 2079 944 2103 ut
963 2068 1061 2113 ipsum
1082 2074 1115 2102 in

223 2119 288 2167 >,fua
308 2130 419 2159 natura
434 2119 550 2163 paffum
570 2119 622 2162 effe
634 2120 789 2155 dicamus.
818 2116 1005 2163 Accusdbant
1023 2124 1114 2161 Capi·

233 2171 300 2205 tula
318 2171 353 2204 ὃ·
379 2168 515 2215 Pbrufim
533 2170 571 2202 de
581 2170 666 2210 lepra
685 2170 879 2210 apollinarii.
907 2170 951 2204 Et
965 2169 1113 2212 Cyrillus

233 2219 345 2262 denuo
364 2218 549 2262 respondit:
576 2221 669 2254 Beati
698 2222 807 2252 Patres
840 2218 928 2258 nostri
948 2225 1001 2261 qui
1020 2223 1113 2253 Vene-

233 2263 459 2316 randum'fidei
478 2268 638 2308 symbolum
674 2267 855 2311 definierunt
871 2293 882 2309 ,
907 2267 1007 2311 ipsum
1029 2271 1114 2302 dixe-

234 2329 308 2354 runt
317 2330 355 2353 ex
377 2322 440 2355 Deo
460 2321 556 2355 Patre
576 2318 706 2363 Verbum
728 2343 738 2359 ,
763 2317 860 2361 ipsum
880 2330 919 2352 ex
938 2321 1005 2361 ejus
1025 2319 1114 2362 effen-

234 2375 281 2403 tia
304 2394 315 2411 ,
340 2367 436 2413 ipswn
456 2373 649 2413 Unigenitum
669 2392 681 2409 ‚
703 2366 802 2412 ipsum
808 2377 865 2411 per
885 2380 974 2411 quem
991 2375 1113 2409 omnia,

237 2424 432 2457 Incarnqtum
454 2419 509 2462 effe
528 2420 574 2455 A&
603 2418 751 2455 hominem
771 2418 894 2460 fabium
914 2444 921 2451 .
949 2414 1057 2455 ,Addit
1080 2420 1113 2452 &

237 2468 361 2512 passum
373 2467 615 2512 ,acadjungit
637 2482 648 2502 ε
674 2468 801 2510 Frustra
820 2477 974 2512 nugantur
994 2474 1045 2511 qui
1066 2469 1114 2502 di-

237 2527 316 2552 cunt
335 2516 508 2560 consequens
528 2523 645 2554 omnino
664 2518 718 2561 effe
731 2543 741 2559 ,
765 2527 799 2552 ut
820 2516 880 2561 ipse
897 2524 931 2551 in
944 2517 1003 2561 sua
1025 2521 1108 2552 natu·

237 2580 275 2602 ra
296 2568 456 2607 Paffionem
471 2565 643 2610 sustinuerit
663 2593 675 2608 ‚
700 2569 764 2601 cum
785 2579 852 2600 caro
868 2566 998 2611 subjedii
1017 2574 1113 2602 vicem

238 2625 341 2651 teneat
350 2641 361 2658 ,
378 2622 459 2651 circa
470 2629 562 2659 quam
575 2618 722 2664 contigiffi·
736 2618 894 2658 Pafflonem
906 2619 987 2661 poffit
998 2619 1114 2652 merito

240 2667 406 2711 intelligi.
423 2665 598 2706 ,Adfirmat
610 2669 728 2705 ‚Deum
748 2667 895 2705 Verbum
913 2668 978 2703 effe
1005 2668 1114 2703 Carne

241 2717 382 2761 passum.
409 2716 559 2753 Eandem
569 2717 781 2761 quaestionem
793 2718 1040 2755 examinavitin
1064 2718 1115 2752 lit-

241 2766 318 2801 teris
326 2765 582 2804 adValerianum
590 2767 792 2803 iconiensem
802 2768 978 2811 Lycaoniae
990 2768 1115 2802 Metro-

241 2816 382 2860 politam
402 2816 622 2860 Episcopum,
646 2817 835 2862 deciditque
862 2817 1055 2859 nobiscum,
1077 2819 1113 2852 δε

241 2865 328 2900 hanc
339 2866 403 2899 effe
416 2865 569 2908 Epistolae
588 2868 831 2910 praefationem:
859 2872 1026 2912 Nugantur
1048 2874 1115 2901 am·-

241 2917 311 2950 IIter
322 2915 466 2956 nonnulli,
474 2921 630 2960 omniaque
633 2914 751 2959 sursum
759 2929 793 2950 ac
803 2917 933 2960 deorficm
940 2916 1113 2961 permiscen-

242 2974 291 3000 tes
304 2989 316 3006 ‚
340 2969 494 3001 Incarnati
508 2970 656 3009 ,Unigeniti
666 2966 825 3007 mysterium
845 2970 930 3001 acute
949 2970 984 3004 (5
998 2965 1113 3010 subtili-

243 3025 290 3051 ter
300 3020 454 3058 exquirere
458 3014 646 3059 praesumunt
656 3041 666 3057 ,
691 3028 748 3050 non
761 3019 841 3059 quod
848 3019 927 3051 illud
936 3018 1010 3059 jam
1030 3019 1114 3052 intel-

243 3066 342 3109 ligant
354 3089 366 3105 ‚
386 3064 445 3109 sed
452 3066 533 3108 quod
550 3066 628 3099 illud
634 3072 667 3099 in
682 3067 719 3100 id
718 3065 814 3108 facile
834 3068 1027 3111 detorqueant
1036 3070 1118 3110 quod

245 3126 303 3149 mn
321 3116 387 3148 licet
398 3140 408 3155 ,
434 3127 469 3148 ac
478 3114 628 3159 perversa
634 3114 768 3158 sentiant
783 3141 790 3148 .
816 3121 968 3151 Caeterum
977 3117 1115 3160 quodhac

245 3170 279 3198 in
311 3177 343 3199 re
371 3164 628 3207 periculofiffimum
647 3165 687 3205 est
714 3180 725 3206 ,
749 3168 821 3200 dum
836 3166 870 3210 se
900 3167 978 3202 relic*
1005 3165 1116 3210 sentire

244 3216 322 3249 velle
335 3214 477 3259 fingunt,
503 3217 633 3260 dumque
643 3216 957 3259 apinionem,quafiin
978 3229 1045 3253 eam
1054 3229 1116 3251 rem

242 3262 461 3307 fintprapenfi,
487 3267 571 3299 velut
577 3264 734 3309 personam
753 3268 919 3312 quamdam
931 3266 1116 3307 fibicireum·

243 3316 380 3354 ponendo
411 3317 565 3350 conciliant
593 3340 602 3355 ,
629 3315 814 3355 Nestortunae
840 3322 1007 3358 impietatis
1032 3329 1116 3353 vener

248 3361 493 3405 numfimplicium
515 3372 626 3399 animis
646 3365 832 3407 infundunt.
861 3367 904 3400 Et
917 3367 1018 3401 infra:
1044 3367 1116 3409 Ipsis

246 3406 422 3453 preqult'tum
441 3415 480 3456 est
505 3414 598 3459 nescio
619 3428 675 3459 quo
696 3417 779 3448 modo
794 3424 852 3458 per
872 3422 962 3450 =viam
978 3419 1118 3460 gradien-

248 3460 333 3498 tibus
345 3485 357 3503 ‚
382 3474 449 3506 quae
466 3466 510 3499 ad
520 3471 669 3508 pietatem
689 3466 772 3502 retia
791 3478 848 3500 non
867 3466 906 3507 est
917 3491 928 3508 ‚
949 3474 1108 3510 praecipita

1873 108 1967 153 223

1169 177 1197 204 ri
1218 177 1252 205 in
1274 171 1434 213 abruptum
1449 168 1569 210 inferni
1586 170 1623 204 (⁴2⁶
1644 177 1677 204 in
1698 173 1811 214 inferni
1824 173 2010 219 profundum
2027 204 2038 213 .

1172 221 1215 256 Et
1237 221 1369 255 tandem
1381 233 1394 253 :⁷
1411 221 1511 265 ‚Quod
1519 219 1551 262 fi
1562 218 1637 263 sunt
1657 226 1708 263 qut·
1726 223 1806 258 obia'
1820 228 1977 266 Paffionem
1993 228 2041 272 se.

1169 273 1298 307 cundum
1310 282 1433 307 ‚canem
1450 275 1608 314 Hm'genito
1631 272 1772 307 adimunt
1790 296 1801 311 ,
1822 279 1905 315 ¹quod
1927 286 2048 321 turpis,

1170 328 1329 366 incongrua
1339 346 1350 361 ,
1360 319 1553 365 mdecensque
1570 322 1714 355 videatur
1724 346 1735 362 ‚
1760 323 1901 357 adimant
1912 327 2041 368 ipfipan

1170 376 1284 405 ratione
1311 373 1352 408 β·
1364 369 1467 414 ipsam
1483 382 1598 414 quoque
1609 369 1772 415 secundum
1791 384 1910 406 carnem
1922 386 1959 407 ex
1970 381 2039 408 Vir·

1161 460 1163 463 y
1165 427 1237 465 gine
1256 426 1487 457 Nativitatem.
1512 421 1639 463 ,Namfi
1654 424 1700 456 illi
1715 430 1804 465 turpe
1825 423 1862 464 est
1882 425 1963 464 quod
1980 436 2045 458 car-

1167 482 1206 504 ne
1218 473 1322 513 passus
1341 472 1456 508 dicitur
1477 495 1488 511 ,
1509 473 1651 513 quomodo
1668 484 1740 514 ⁴¹mm
1760 482 1832 507 ante
1863 472 1920 508 ,hoc
1943 481 2050 516 turpis.

1144 526 1145 529 ’
1165 525 1226 556 ,erit
1243 519 1477 569 illarfhcundum
1492 533 1615 558 carnem
1645 526 1817 557 Nativitas
1843 547 1855 563 ‚
1876 536 1946 565 quae
1971 524 2045 567 Pas-

1161 569 1269 612 fionem
1279 573 1428 604 antecedit
1438 596 1450 613 ,
1475 580 1530 604 aut
1550 580 1585 604 ut
1598 570 1696 614 semel
1712 574 1811 607 dicam
1831 573 1923 615 ipfius
1939 573 2044 607 huma-

1169 626 1300 654 nationIs
1327 622 1458 655 modus?
1482 624 1571 657 ,Perit
1592 616 1697 664 itaque
1717 621 1775 655 hac
1790 629 1904 657 ratione
1920 631 2044 662 univer-

1115 697 1117 699 .
1164 670 1232 714 sum
1251 670 1489 711 Christianorum
1509 670 1676 712 Mysterium
1686 695 1698 712 ,
1720 673 1849 714 &quod
1864 673 1934 707 hinc
1952 674 2045 718 conse-

1168 726 1270 763 quitur
1277 745 1293 762 ,-
1312 727 1409 758 totius,
1424 720 1537 764 salutIs
1555 720 1661 761 nestrae
1678 720 1862 764 spesinanis
1884 725 2024 757 redditur
2035 750 2043 757 .

1170 771 1287 807 Unica
1303 772 1398 805 enim
1419 771 1529 808 nostra
1548 772 1620 815 spes
1638 771 1674 805 δε
1694 771 1780 808 salus
1798 772 1843 806 est
1865 773 1933 808 Dei
1956 774 2046 808 verbi

1170 832 1226 863 pro
1238 820 1335 856 nobis
1346 821 1446 865 paffio
1457 821 1493 858 ἀ
1502 832 1591 856 mors
1600 846 1607 853 .
1632 822 1723 859 Duae
1729 821 1923 869 posteriores
1931 823 2049 865 episto·

1168 869 1206 902 1ae
1228 867 1463 916 palama'gunt
1482 871 1517 905 in
1535 869 1796 908 'Theodoretum
1820 896 1830 912 ,
1856 883 1894 906 ac
1915 872 1985 915 ejus
2013 872 2048 905 in

1168 920 1334 954 Orientali
1355 945 1367 961 ‚
1393 921 1450 955 ubi
1471 921 1615 962 Isauria,
1641 922 1780 956 Dioecesi
1800 922 1932 959 asseclas
1954 947 1960 954 .
1987 922 2052 959 llle

1168 969 1258 1007 enjim
1278 970 1350 1016 post
1374 969 1573 1014 Ephefinum
1593 971 1789 1006 Concilium
1809 971 1996 1007 ostentabat
2017 973 2051 1006 se

1170 1018 1376 1058 Nestorianae
1391 1021 1546 1055 doetrinae
1565 1033 1605 1056 ac
1621 1023 1763 1064 personae,
1781 1023 1909 1060 osorem
1922 1047 1933 1062 ,
1959 1034 1997 1056 ac
2008 1022 2052 1056 de

1139 1104 1141 1117 ἶ
1171 1067 1398 1104 Dei-hominis
1415 1070 1583 1113 Mysterio
1606 1068 1809 1106 inconcinne
1829 1071 2048 1115 loquebatur.

1171 1119 1271 1153 Hanc
1282 1145 1293 1161 ,
1304 1119 1398 1154 Deus
1415 1119 1464 1156 ,est
1484 1129 1580 1157 natus
1596 1120 1617 1155 ὲ
1630 1120 1791 1166 Virgine,
1817 1122 2053 1167 profitebatur,

1171 1167 1256 1204 hanc
1277 1170 1355 1204 vero
1367 1170 1635 1214 propositionem,
1647 1171 1738 1205 Deus
1750 1171 1795 1205 est
1807 1171 1914 1217 passus
1923 1172 1956 1205 &
1967 1181 2053 1204 mon

1171 1229 1267 1260 tuus,
1294 1219 1501 1263 pertinaciter
1515 1219 1742 1262 aversabatur,
1763 1221 1868 1256 etiam
1893 1220 1965 1264 post
1992 1220 2054 1254 ini·

1171 1280 1237 1304 tam
1251 1269 1529 1315 AEgyptiacarum
1549 1282 1587 1305 ac
1599 1271 1821 1308 Orientalium
1833 1271 2054 1305 Ecclesiarum

1173 1332 1284 1363 pacem
1296 1346 1303 1352 .
1330 1320 1433 1368 Qod
1454 1321 1547 1355 enim
1565 1320 1744 1355 duodecim
1757 1346 1767 1362 ‚
1792 1322 1829 1355 'in
1842 1321 1964 1365 quibus
1973 1322 2050 1355 afle-

1172 1371 1251 1404 ritur
1261 1371 1294 1404 <Sc
1306 1371 1450 1404 firmatur
1461 1371 1617 1413 posterior
1627 1372 1809 1415 propositio
1822 1396 1833 1412 ‚
1859 1372 1967 1405 Sancti
1982 1371 2051 1414 Cy-

1174 1420 1237 1453 rilli
1261 1420 1410 1454 adversus
1431 1420 1624 1454 Nestorium
1645 1421 1801 1464 Capitula
1821 1421 2054 1464 impugnari&

1174 1471 1309 1504 aversari
1331 1481 1502 1514 nunquam
1523 1470 1680 1504 destiterit
1703 1495 1714 1511 ,
1739 1470 1871 1504 abunde
1897 1470 1984 1505 lucet
2010 1482 2053 1504 ex

1173 1520 1242 1563 ejus
1254 1519 1411 1564 Epistolis
1422 1544 1433 1560 ‚
1453 1521 1486 1553 ἀ
1495 1520 1574 1554 actis
1585 1518 1741 1563 Ephefini
1752 1520 1918 1554 latrocinii
1930 1545 1936 1552 .
1950 1519 2056 1568 Qod

1175 1570 1233 1603 illa
1252 1571 1323 1614 post
1346 1570 1465 1607 fastam
1488 1570 1650 1604 unionem
1681 1570 1782 1604 etiam
1807 1571 1926 1614 scripto
1953 1572 2057 1613 impu-

1176 1620 1286 1664 gnarit
1299 1644 1309 1660 ‚
1333 1620 1469 1655 testatur
1479 1620 1514 1654 in
1527 1619 1671 1654 secundo
1681 1620 1957 1655 collectaneorum
1968 1621 2055 1655 libro

1177 1669 1378 1703 Theodorus
1409 1670 1529 1704 Rector
1551 1694 1558 1701 .
1600 1669 1705 1705 Porro
1737 1680 1800 1704 tres
1828 1683 1904 1707 cum
1953 1672 2057 1712 Euty·

1177 1718 1298 1754 chiano
1313 1719 1476 1754 Eranistes
1496 1719 1653 1768 dialogos
1666 1721 1807 1764 scripsit,
1834 1733 1903 1755 non
1924 1731 2057 1755 tantum

1178 1770 1249 1815 post
1283 1769 1403 1813 Cyrilli
1424 1779 1567 1806 mortem
1586 1794 1601 1816 7
1635 1770 1690 1808 sed
1727 1771 1827 1805 etiam
1851 1771 1922 1815 post
1959 1770 2060 1805 Chal·

1177 1819 1398 1854 cedonensem
1420 1820 1597 1863 ,Synodum
1622 1845 1633 1861 ‚
1665 1821 1702 1855 ὅ(
1728 1821 1846 1856 initam
1874 1822 2057 1855 amicitiam

1178 1881 1253 1903 cum
1276 1870 1394 1904 saneto
1416 1870 1532 1905 Leone
1556 1869 1722 1904 Pontifice
1743 1871 1777 1904 δε
1798 1872 1958 1907 Dominis
1977 1872 2057 1905 Car-

1178 1918 1345 1952 dinalibus
1368 1945 1376 1952 .
1414 1915 1671 1962 Eutychianistae
1690 1919 1753 1955 hac
1770 1932 1828 1966 per
1851 1921 2055 1965 Ephesinum

1177 1969 1211 2007 δε
1224 1968 1529 2007 Chalcedonensern
1548 1971 1649 2004 etiam
1660 1971 1816 2013 synodos
1834 1972 1963 2007 firmata
1986 1985 2057 2016 pro-

1177 2019 1338 2063 positione
1359 2042 1370 2058 ,
1397 2022 1479 2053 Deus
1501 2019 1542 2059 est
1563 2020 1688 2063 paffus‚
1714 2021 1846 2063 peffime
1871 2022 2056 2057 abuteban-

1177 2079 1230 2102 tur
1257 2093 1264 2100 .
1302 2069 1528 2103 Buccinebant
1557 2070 1649 2103 Deus
1675 2070 1811 2104 verbum
1829 2083 1897 2105 non
1924 2082 2056 2108 tantum

1177 2118 1211 2151 in
1235 2117 1405 2161 adsumpta
1429 2130 1546 2159 carne,
1574 2119 1627 2153 sed
1655 2119 1689 2153 in
1702 2122 1830 2163 propria
1852 2132 1967 2156 natura
1991 2124 2058 2166 pas-

1178 2169 1263 2201 sum.
1291 2168 1385 2201 Hinc
1406 2168 1511 2211 plures
1522 2167 1713 2203 Orthodoxi
1737 2170 1963 2206 abstinuerunt
1981 2173 2058 2206 adi-

1174 2219 1226 2251 &a
1250 2218 1474 2261 propositione
1496 2243 1506 2258 ,
1533 2220 1567 2252 δε
1591 2219 1780 2255 maluerunt
1805 2221 1940 2256 dicere:
1969 2223 2059 2255 Chri-

1168 2267 1234 2309 stus
1259 2268 1299 2308 est
1321 2269 1422 2312 passus
1445 2293 1454 2302 ,
1491 2268 1572 2303 Haec
1599 2268 1718 2312 phrasis
1745 2271 1852 2314 palam
1871 2272 2057 2307 incommo-

1175 2317 1275 2352 dabat
1301 2319 1409 2352 Sansti
1436 2318 1557 2361 Cyrilli
1570 2318 1753 2362 Capitulis:
1779 2319 1860 2357 hinc
1882 2322 1973 2370 illam
1986 2334 2058 2366 pro-

1176 2367 1267 2412 bavit
1287 2367 1524 2402 Theodoretus
1542 2393 1554 2409 ,
1583 2369 1620 2402 ὅς
1647 2380 1770 2414 magno
1795 2372 1919 2414 impetu
1947 2372 2058 2407 defen·

1175 2417 1245 2452 dit:
1275 2430 1363 2452 vano
1387 2418 1511 2461 impetu
1534 2443 1540 2449 .
1569 2419 1682 2465 Qam
1702 2420 1795 2454 enim
1815 2432 1966 2466 torqueat
1984 2446 1994 2462 ,
2019 2424 2056 2456 &

1175 2467 1369 2509 detorquere
1380 2479 1447 2501 non
1461 2468 1564 2503 valeat
1578 2469 1679 2502 nostri
1693 2469 1845 2512 Symboli
1863 2472 1977 2512 verba,
2006 2475 2055 2508 est

1177 2518 1270 2561 perse
1282 2517 1507 2554 manifestum.
1537 2518 1648 2553 Etiam
1662 2520 1869 2556 manifestum
1891 2521 1936 2555 est
1964 2521 2056 2564 quod

1178 2568 1332 2611 Apostoli
1355 2567 1474 2607 verba,
1500 2571 1663 2601 Dominum
1684 2572 1793 2615 gloriae
1812 2582 1869 2604 non
1889 2570 2049 2615 crucifixis-

1170 2621 1264 2660 sent,
1290 2617 1562 2662 peffimetrastet.
1590 2618 1748 2652 Notanda
1762 2621 1837 2654 sunt
1858 2621 1925 2663 ejus
1937 2621 2055 2655 verba:

1178 2666 1325 2711 qustolus
1347 2672 1506 2700 Dominum
1534 2669 1638 2711 gloriae
1664 2669 1835 2711 crucifixum
1861 2672 2052 2712 appellavit,

1176 2718 1358 2761 lmpaubilts
1369 2727 1486 2750 naturae
1497 2725 1618 2750 nomina
1638 2720 1806 2752 attribuens
1814 2719 1958 2761 patibili,
1981 2727 2053 2762 qula

1175 2767 1263 2813 ipfius
1283 2776 1388 2810 corpus
1408 2776 1473 2801 erat
1496 2791 1503 2798 .
1532 2768 1695 2801 Evertunt
1729 2769 1821 2803 suum
1851 2768 2049 2804 Auciorem.

1176 2819 1311 2854 Nam&
1333 2817 1478 2854 nostrum
1499 2817 1695 2859 Symbolum
1710 2842 1719 2857 ,
1747 2818 1827 2851 dum
1853 2820 1965 2853 Deum
1989 2831 2055 2855 ver-

1176 2868 1256 2902 bum
1277 2868 1427 2912 praedicat
1452 2866 1574 2910 passum
1588 2892 1598 2907 ‚
1626 2868 1817 2911 impatibilis
1839 2878 1959 2903 naturae
1994 2882 2052 2904 no-

1177 2919 1266 2951 mina
1277 2917 1425 2954 attribuit
1437 2916 1586 2962 patibili,
1612 2917 1662 2952 vel
1674 2918 1783 2960 potius
1802 2918 1950 2960 patibilis
1961 2930 2054 2953 natu-

1178 2980 1216 3000 rae
1228 2967 1392 3003 idiodema
1403 2965 1552 3001 attribuit
1563 2966 1736 3010 impatibili
1750 2991 1760 3007 ,
1787 2968 1861 3010 quia
1874 2968 1928 3002 illa
1942 2969 1987 3003 est
1995 2968 2053 3003 hu-

1175 3018 1223 3061 jus
1233 3028 1368 3059 corpus.
1396 3017 1595 3053 Naturarum
1615 3017 1843 3051 confusionem
1862 3030 1930 3052 non
1946 3019 2053 3062 praedi-

1177 3078 1248 3106 cat,
1274 3066 1327 3101 sed
1350 3066 1534 3101 idomatum
1546 3067 1836 3103 communionem.
1866 3069 1976 3103 Etiam
1988 3081 2053 3103 ma·

1179 3116 1330 3152 nifestum
1351 3116 1397 3150 est
1409 3115 1664 3150 Theodoretum
1679 3140 1689 3157 ,
1715 3117 1794 3151 dum
1812 3118 1994 3153 Paffionem
2016 3120 2051 3153 ὃς

1178 3176 1316 3200 mortem
1327 3167 1464 3202 affirmat
1477 3166 1493 3198 a
1506 3167 1600 3200 sacris
1628 3167 1743 3203 litteris
1770 3168 1927 3212 nusquam
1941 3169 2050 3212 praedi-

1177 3217 1243 3251 cari
1261 3215 1304 3250 de
1325 3216 1400 3251 Deo
1425 3215 1525 3249 verbo
1538 3240 1547 3255 ‚
1573 3216 1741 3261 insigniter
1760 3216 1952 3252 hallucinari
1971 3246 1976 3251 .
2006 3220 2050 3253 Et

1178 3266 1250 3301 sane
1260 3266 1371 3304 Deum
1382 3265 1517 3299 verbum
1527 3265 1545 3299 ὲ
1557 3266 1696 3311 Virgine
1706 3278 1816 3302 natum
1829 3269 1972 3311 profiteri
1985 3294 1995 3310 ,
2014 3269 2049 3302 &

1179 3317 1339 3360 abnegare
1350 3316 1383 3351 in
1397 3315 1505 3352 Carne
1522 3317 1645 3359 passum
1658 3341 1669 3358 ‚
1695 3329 1763 3354 non
1776 3317 1937 3353 cohaerent
1952 3344 1957 3351 .
1985 3318 2050 3352 lsta

1177 3368 1239 3409 jam
1251 3366 1396 3403 &Sansto
1409 3365 1559 3409 Cyrillo,
1583 3367 1618 3401 ⁴&
1642 3368 1731 3410 supra
1741 3368 2052 3405 audivimusaTer-

1180 3417 1318 3450 tulliano
1330 3440 1337 3448 .
1366 3416 1409 3450 Et
1420 3416 1552 3459 quidem
1564 3415 1799 3453 Theodoretus
1808 3419 1945 3453 eandem
1959 3420 2049 3451 suam

1182 3466 1374 3502 sententiam
1383 3466 1602 3504 confirmatin
1623 3468 1740 3505 litteris
1759 3468 1799 3505 ad
1827 3467 2049 3504 Timotheum

1922 3516 1996 3561 Epi-

2066 3447 2223 3488 Epist-mm
