2346 3776
634 97 690 148 D
703 105 1081 147 issum-Ario

181 185 361 247 hendit‚
395 183 497 233 satis
520 179 582 229 est
605 180 659 228 iis
683 181 762 247 qui
797 175 934 227 delati
972 180 1071 244 qui-

180 255 283 306 dem
307 254 403 305 sunt
412 287 427 313 ,
462 253 509 300 in
521 247 848 316 custodiamque
859 251 1068 314 conjecti,

181 338 484 389 tormentaque
507 337 597 369 non
619 317 853 370 sufferenda
879 355 892 380 ‚
937 322 981 367 &
1005 321 1070 367 in-

180 393 425 447 tolerabilia
449 390 620 454 flagella
642 428 656 452 ,
703 395 747 440 &
771 390 929 438 multas
964 389 1078 437 alias

173 456 331 529 graves
353 461 620 512 neceffitates
644 459 924 510 sustinuerunt
941 495 955 519 ‚
990 477 1070 527 po-

179 535 267 584 stea
291 549 439 583 autem
465 530 560 581 sunt
586 530 613 581 a
636 533 776 581 carnis
791 529 1069 579 imbecillita-

179 621 225 654 te
249 602 445 672 proditi:
472 602 652 653 Etiamfi
677 619 765 651 non
790 599 848 648 ab
862 602 992 649 initio
1005 599 1069 648 su-

179 673 318 742 scepti
356 673 452 724 sunt
488 688 667 742 propter
702 688 879 735 gravem
905 669 1067 737 lapsum

175 744 483 794 consecutum:
521 744 714 804 Tamen,
750 743 857 809 quia
882 739 1068 789 multum

175 814 452 865 decertarunt
475 817 519 862 &
542 811 620 861 diu
643 812 887 862 restiterunt
911 831 923 859 ε
962 813 1070 859 Non

176 888 297 935 enim
325 883 477 952 sponte
501 882 559 931 ad
583 900 634 932 ea
658 881 926 932 devenerunt
950 917 963 941 ,
999 878 1071 928 sed

178 951 207 1005 a
231 957 372 1003 carnis
398 953 705 1003 imbecillitate
730 951 921 1021 proditi:
948 953 1070 999 Nam

173 1028 219 1074 &
240 1024 447 1087 stigmata
459 1026 606 1091 JESU
640 1026 687 1072 in
711 1023 795 1072 suis
820 1020 1070 1089 corporibus

172 1094 418 1155 ostentant,
454 1099 498 1144 &
523 1095 721 1144 nonnulli
747 1111 862 1142 anno
885 1097 973 1158 jam
986 1106 1069 1140 ter-

172 1166 242 1215 tio
266 1164 455 1214 deflent:
493 1167 569 1213 Eis
594 1162 657 1212 ab'
676 1163 868 1213 adventu
903 1179 980 1229 per
1005 1177 1069 1210 re-

175 1237 454 1284 vocationem
478 1237 525 1282 in
550 1236 807 1282 memoriam
846 1232 924 1279 alii
961 1245 1070 1296 qua-

173 1303 382 1367 draginta¹
400 1302 492 1351 dies
505 1305 784 1367 injungantur
796 1337 809 1362 ,
845 1316 957 1368 quos
969 1300 1070 1349 cum

172 1371 391 1440 ieiunaffet
416 1374 635 1421 Dominus
662 1376 705 1421 &
718 1376 918 1421 Servator
930 1370 1070 1419 noster

163 1447 338 1510 JESUS
373 1443 662 1492 CHRISTUS
686 1479 699 1502 ,
737 1442 967 1509 postquam
993 1440 1070 1489 ba-

172 1515 367 1581 ptizatus
393 1512 530 1561 fuerat
551 1549 564 1573 ‚
601 1527 795 1562 tentatus
819 1511 880 1561 est
907 1509 1070 1577 abDia-

175 1583 283 1632 bolo
297 1603 308 1631 :
348 1587 398 1631 In
411 1581 569 1651 quibus
583 1582 719 1651 &ipsi
731 1582 832 1631 curn
845 1579 974 1630 valde
997 1599 1070 1630 ex-

172 1654 349 1703 ercitati
386 1652 546 1703 fiierint
569 1690 583 1714 ,
631 1657 675 1703 δε
711 1650 982 1702 constantius
1010 1655 1071 1717 je-

174 1725 419 1788 junaverint
457 1743 469 1771 ε
518 1721 721 1791 deinceps
759 1726 806 1771 in
842 1724 1070 1772 Orationi-

123 1828 136 1842 >
174 1792 254 1842 bus
290 1792 536 1854 vigilabunt
579 1812 591 1840 :
644 1791 911 1842 Meditantes
949 1791 1070 1858 quod

178 1860 343 1911 dicitur
368 1859 396 1909 ὲ
420 1865 620 1911 Domino
645 1861 702 1911 ad
726 1880 826 1912 eum
853 1863 932 1929 qui
947 1863 1071 1910 illurn

177 1946 322 1981 tentat
333 1967 347 1992 ,
360 1944 410 1979 ut
423 1929 560 1998 ipsum
573 1931 723 1987 adoret
737 1951 750 1981 ε
787 1931 861 1981 abi
873 1931 987 1999 pone
1001 1935 1073 1981 Sa-

178 2017 309 2051 tana:
337 1999 543 2069 scriptum
569 2001 629 2051 est
652 2000 795 2062 enim,
827 2003 1070 2051 Dominum

180 2087 305 2121 tuum
330 2069 556 2132 adorabi3‚
591 2077 635 2122 δε
660 2074 725 2122 illi
751 2070 829 2122 soli
854 2069 1022 2122 servies.

327 2194 904 2243 SCHOLION.

288 2277 317 2312 E
342 2277 537 2312 sanaiffimo
549 2278 698 2322 Martyre
712 2290 750 2313 ac
768 2276 957 2320 patriarcha
969 2276 1068 2312 Petro

303 2328 413 2363 scribit
433 2329 468 2362 in
488 2330 548 2363 suo
566 2329 816 2374 Martyrologio
843 2330 970 2364 sanstus
989 2327 1068 2362 Ado

181 2377 484 2422 Archi-Episcopus
496 2378 714 2413 Viennensis:
733 2380 861 2413 sandius
876 2382 987 2413 Petrus
1001 2380 1068 2411 duo-

182 2429 277 2461 decim
285 2440 380 2462 annos
392 2434 424 2461 in
448 2430 662 2463 Alexandrina·
681 2429 770 2463 Urbis
796 2428 981 2472 Episcopatu
1003 2439 1068 2461 exe-

178 2484 248 2522 git,
273 2489 396 2520 quorum
407 2486 467 2511 tres
482 2488 555 2513 ante
559 2477 791 2522 persecutionem
810 2503 821 2519 ‚
847 2480 977 2522 reliquos
996 2480 1066 2512 vero

181 2539 290 2561 novem
321 2526 379 2571 ficb
408 2527 532 2569 diverfis
557 2535 758 2562 tentationum
776 2529 938 2573 generibus
965 2529 1062 2562 duxit.

181 2581 316 2620 Cumque
326 2575 360 2620 se
375 2575 494 2620 semper
512 2584 545 2610 in
564 2585 642 2611 omni
666 2590 756 2622 agone
775 2577 1007 2622 persecutionum
1013 2586 1067 2620 po-

178 2626 252 2669 litus
275 2627 455 2660 Arc‘lioribus
476 2629 605 2662 vinculis
624 2635 815 2662 continentiae
846 2629 1033 2672 distringeret
1054 2652 1064 2668 ‚

181 2679 217 2711 (ν
242 2678 287 2710 ad
309 2679 470 2711 utilitatem
492 2701 503 2718 ‚
528 2687 619 2720 atque
641 2678 853 2718 instruc‘lionem
875 2677 1010 2720 Ecclefiae
1033 2683 1065 2710 in

183 2731 242 2761 Dei
265 2726 356 2760 Verbo
376 2727 510 2760 nobiliter·
543 2726 680 2769 insisteret
701 2752 712 2769 ,
742 2727 875 2772 satisque
900 2730 1063 2773 vigilanter

181 2779 253 2821 erga
276 2788 390 2810 omnem
411 2779 570 2811 Sacerdotii
589 2789 690 2811 curam
709 2779 815 2813 diebus
832 2777 959 2822 sudaret
970 2780 1005 2813 (5
1016 2790 1064 2811 no-

181 2826 278 2860 ‘ribus
290 2851 301 2867 ,
328 2838 401 2859 nono
414 2825 626 2869 persecutionis
646 2840 747 2869 anno,
772 2827 971 2871 Epiftopatus
992 2831 1064 2862 vero

176 2875 227 2920 fici
246 2877 414 2911 duodecimo
437 2899 449 2916 ,
476 2880 610 2916 Martyrii
632 2890 764 2912 coronam
783 2885 892 2920 capitis
911 2879 1064 2912 obtrunca-

181 2933 260 2959 tione
279 2933 452 2968 promeruit.
491 2928 622 2962 Saneius
647 2929 764 2963 Petrus
789 2928 829 2963 ad
857 2929 1062 2974 Imperatoris

181 2975 386 3011 Diocletiani
398 2976 566 3011 decimum
586 2979 759 3021 septimum
771 3003 782 3019 ‚
807 2978 848 3013 ad
859 2978 981 3014 Christi
993 2980 1063 3013 Do-

180 3026 265 3060 mini
287 3026 549 3060 trecentesirnum
570 3038 722 3070 quartum
741 3040 866 3063 annum
888 3029 934 3063 est
963 3030 1062 3063 factus

180 3075 371 3120 Episcopus.
409 3077 458 3110 Ita
479 3076 589 3110 scribit
617 3077 776 3113 Eusebius
803 3079 837 3112 in
862 3078 1033 3114 Chronico
1054 3091 1060 3110 :

183 3126 400 3160 Alexandrina
412 3126 548 3168 Ecclefiae
558 3125 808 3170 sextus-decimus
829 3128 892 3171 post
913 3128 1061 3162 Theonam

184 3174 350 3219 Episcopus
373 3177 534 3210 ordinatur
556 3179 665 3211 Petrus
678 3202 689 3218 ,
714 3184 768 3220 qui
782 3178 882 3220 postea
904 3191 978 3211 nono
992 3187 1061 3220 per-

180 3223 341 3268 secutionis
351 3238 429 3259 anno
433 3228 562 3271 gloriose
574 3230 752 3266 Martyrium
764 3235 966 3270 perpetravit.
987 3227 1061 3263 Per-

182 3274 234 3318 git
244 3275 402 3310 Eusebius
412 3277 452 3311 ad
472 3278 601 3311 sextum
621 3277 763 3321 ejusdem
783 3279 896 3312 Saeculi
914 3289 1056 3312 annum:

182 3327 303 3358 Decimo
312 3337 385 3358 nono
396 3328 577 3360 Diocletiani
602 3340 700 3368 anno,
727 3325 824 3370 menfi’
844 3332 956 3361 Martio
977 3352 988 3369 ,
1026 3337 1059 3362 in

182 3373 289 3406 diebus
310 3374 432 3418 Paschae
445 3401 455 3416 ‚
483 3376 778 3421 Ecclefiaesubversae
786 3376 868 3420 sunt.
897 3377 1059 3421 Persecutio

183 3423 365 3462 Christiana.
403 3426 537 3460 Etenim
566 3437 645 3461 tunc
671 3429 793 3471 prodiit
818 3428 947 3462 crudele
984 3429 1058 3463 Edi-

183 3474 273 3525 dum
293 3498 305 3516 ‚
329 3485 397 3519 quo
417 3475 598 3521 Imperator
618 3478 850 3515 Diocletianus
867 3478 951 3524 juffit
971 3478 1056 3515 dirui

1130 91 1575 147 PRoOEMlAms„
1966 119 2012 159 93

1130 188 1247 212 ornnes
1259 176 1384 218 nostras
1395 175 1552 210 Ecclefias
1563 198 1575 215 ,
1598 173 1693 207 Sacra
1704 170 1792 208 Vasa
1803 174 1906 220 abripi
1924 199 1936 216 ,
1959 186 2015 211 ex-

1132 228 1182 261 uri
1195 226 1314 262 Libros
1323 237 1439 261 omnes
1462 226 1495 259 &
1516 221 1749 259 Bibliothecas.
1786 224 1899 270 Pergit
1916 227 2016 261 Euse-

1132 277 1203 312 bius
1211 277 1253 312 ad
1264 277 1437 321 septimum
1460 275 1552 308 istius
1571 273 1687 308 Saeculi
1706 283 1832 307 annum
1854 287 1861 305 :
1886 277 2017 309 Secundo

1131 339 1211 361 anno
1218 325 1432 371 persecutionis
1444 327 1650 359 Diocletianus
1672 324 1862 357 Nicomedia:
1873 347 1884 364 ,
1911 327 2017 358 Maxi-

1132 373 1254 411 mianus
1274 378 1461 415 Mediolani,
1487 379 1663 417 Purpuram
1689 371 1894 417 deposuerunt.
1931 373 2018 407 Inte-

1131 428 1193 462 rim
1206 439 1276 461 non
1286 427 1418 462 cessavit
1428 425 1624 459 Persecutio.
1652 425 1736 458 Eam
1748 423 1899 458 Galerius
1911 422 2009 456 Maxi

1130 476 1261 512 mianus
1282 488 1320 511 ac
1341 476 1493 511 Galerius
1520 475 1727 510 Maximinus
1753 473 1964 518 pertinaciter
1984 472 2017 507 δε

1131 526 1305 563 crudeliter
1315 526 1561 561 continuarunt.

1181 578 1231 611 lta
1244 575 1341 611 habet
1353 577 1488 620 antiqua
1511 575 1626 609 Editio
1647 574 1826 609 Eusebiani
1844 572 2018 611 Chronici,
2062 598 2064 601 v

1133 626 1258 662 Verum
1282 626 1439 676 Iosephus
1461 626 1606 670 Scaliger
1628 625 1782 659 immutat
1798 625 1922 658 omnia.
1959 623 2017 658 Et-

1131 678 1220 712 enim
1233 678 1331 711 sancti
1343 677 1431 712 Petri
1453 676 1691 720 Episcopatum
1712 674 1754 708 ad
1765 677 1898 708 tertium
1913 699 1923 714 ‚
1949 685 2017 708 cru-

1132 727 1218 761 delia
1229 727 1344 762 Edicta
1355 727 1396 762 ad
1418 736 1593 771 quartum,
1619 724 1827 759 Diocletiani
1847 735 1885 757 ac
1908 724 2015 758 Maxi-

1132 778 1235 811 miani
1257 778 1433 812 ceffionem
1452 779 1550 821 ponit
1572 775 1614 811 ad
1633 775 1787 820 quintum
1812 772 1903 807 istius
1924 772 2018 806 Chri-

1132 826 1228 860 stiani
1241 827 1356 862 Saeculi
1369 838 1515 862 annum.-
1540 827 1585 860 Et
1596 824 1658 860 hos
1667 836 1776 860 annos
1790 824 1860 858 vuit
1879 834 2018 858 concur-

1132 887 1199 911 rere
1220 877 1297 910 cum
1319 878 1477 922 vigefimo
1490 901 1501 918 ,
1526 876 1658 912 decimo
1676 887 1770 910 nono
1789 900 1799 915 ‚
1812 886 1864 909 -ac
1885 873 2018 908 decimo

1132 928 1248 960 octavo
1261 927 1467 961 Diocletiani
1479 941 1490 960 :
1517 927 1562 961 Et
1584 925 1670 961 hanc
1690 925 1928 960 correstionem
1947 935 2019 967 pro·

1176 986 1188 1010 t
1200 977 1380 1019 Dionysius
1391 977 1545 1010 Petavius
1554 1001 1564 1017 ,
1583 977 1616 1010 &
1626 976 1776 1021 adjungit
1787 975 1933 1009 crudelia
1944 973 2020 1008 Edi-

1131 1028 1179 1060 ἂι
1189 1026 1332 1061 secundo
1342 1026 1433 1060 istius
1445 1026 1559 1060 Saeculi
1584 1037 1673 1059 anno
1695 1025 1865 1061 emanasse.
1904 1025 1949 1058 Et
1968 1024 2021 1062 fir,-

1133 1086 1201 1110 mat
1220 1087 1263 1110 ex
1285 1075 1482 1119 quibusdam
1500 1076 1602 1109 sandii
1622 1074 1804 1120 Augustini
1822 1100 1833 1115 ‚
1859 1085 1915 1109 aut
1934 1074 2021 1109 intra

1135 1125 1314 1170 Augustini
1335 1127 1445 1170 Opera
1466 1124 1670 1160 exstantibus
1695 1124 1906 1168 publicorum
1925 1123 2024 1158 Aeto-

1133 1187 1206 1210 rum
1225 1176 1431 1210 testimoniis.
1471 1174 1685 1219 Compendio
1705 1173 1773 1209 haec
1795 1173 1895 1208 habes
1917 1174 1954 1207 in
1976 1174 2021 1208 se-

1133 1225 1240 1260 cunda
1253 1236 1342 1270 parte
1353 1226 1542 1261 Rationarii
1564 1234 1760 1269 temporum.
1788 1224 1846 1258 Est
1866 1224 1969 1269 longa
1986 1224 2023 1258 &

1134 1276 1283 1311 intricata
1293 1275 1427 1320 quaestio
1439 1301 1449 1316 ,
1475 1288 1514 1310 ac
1534 1276 1647 1310 nostro
1666 1276 1767 1320 scopo
1791 1287 1859 1309 non
1883 1275 2022 1309 necessa-

1134 1327 1190 1360 ria.
1208 1325 1449 1361 persecutionis
1459 1326 1666 1361 occasionem
1676 1326 1816 1369 exponit
1826 1327 2020 1361 Romanum

1134 1376 1435 1421 Martyrologium‘:
1448 1378 1636 1410 Nicomedia·
1649 1374 1769 1419 ‚sanat
1779 1375 1952 1410 Eleutheris·
1963 1383 2019 1407 mi-

1133 1428 1200 1460 litis
1212 1428 1246 1460 <5
1256 1430 1401 1465 Martyris
1414 1450 1425 1466 ‚
1451 1437 1516 1459 cum
1527 1427 1600 1459 aliis
1614 1434 1783 1458 innumeris
1807 1438 1821 1475 ᾗ,
1843 1428 1910 1468 ,Qut
1919 1450 1929 1465 ‚
1955 1426 2019 1457 cum

1134 1478 1317 1513 Diocletiani
1326 1480 1424 1519 Regia
1434 1477 1572 1509 incendio
1580 1475 1779 1518 conflagraffi’t
1803 1482 1814 1514 ς
1833 1473 1916 1517 falfi»
1925 1474 2018 1516 hujus

1132 1532 1274 1560 criminis
1286 1524 1414 1569 accufitti
1426 1549 1436 1565 ,
1454 1525 1583 1567 jubente
1602 1526 1702 1558 eodem
1714 1523 1871 1568 saeviffimo
1889 1529 2019 1567 Impera-

1133 1587 1194 1611 tore
1204 1584 1374 1610 acervatim
1385 1582 1485 1609 necati
1491 1573 1581 1619 sunt:
1609 1578 1747 1619 ‚Quorum
1759 1576 1816 1608 alii
1830 1576 1952 1619 gladiis
1974 1575 2020 1608 ob-

1133 1627 1352 1660 truncabantur
1370 1651 1382 1667 ,
1417 1627 1475 1659 alii
1496 1625 1618 1670 ignibus
1637 1625 1848 1659 cremabantur
1870 1650 1880 1665 ‚
1907 1627 1965 1658 alii
1987 1633 2022 1658 in

1133 1675 1507 1720 marepraecipitabantur.
1535 1675 1580 1709 Et
1590 1676 1690 1710 sanffi
1702 1675 1834 1710 Adonis
1857 1676 2022 1719 Martyro-

1135 1728 1264 1772 logium
1284 1739 1291 1758 :
1320 1727 1412 1769 Apud
1428 1727 1641 1760 Nicomediam
1664 1727 1793 1759 Natalis
1805 1724 1908 1769 sanc‘li
1930 1727 2021 1759 Eleu-

1133 1777 1226 1812 therii
1240 1781 1383 1817 Martyris
1395 1801 1406 1818 ,
1419 1775 1477 1820 fi‘b
1490 1777 1680 1810 Diocletiano.
1709 1779 1807 1818 Cujus
1819 1785 1948 1818 tempore
1958 1788 2021 1810 con-

1134 1835 1207 1871 tigit
1227 1830 1364 1870 aliquam
1384 1836 1507 1870 partem
1534 1828 1652 1861 Palatii
1673 1828 1807 1860 incendio
1832 1827 2020 1871 conflagrari.

1136 1882 1195 1910 Hoc
1214 1872 1380 1920 Irltperator
1400 1879 1420 1909 ἂ
1442 1876 1750 1918 christianisfaaium
1762 1876 1849 1920 falsa
1855 1875 2021 1920 suspicione.

1130 1925 1326 1970 praesumpfit.
1364 1930 1418 1960 Ex
1439 1938 1495 1969 quo
1513 1926 1712 1968 inaestimabili
1723 1926 1830 1968 furore
1845 1925 2020 1971 ficccensus,

2040 1369 2064 1387 2.
2075 1356 2143 1388 Ost.

1105 1983 1107 1985 ’
1128 1978 1219 2018 jubet
1235 1989 1335 2011 omnes
1357 1976 1539 2018 Christianos
1562 1982 1730 2010 acervatim
1749 1976 1877 2010 colledios
1896 2003 1907 2018 ‚
1945 1979 2019 2012 alios

1135 2028 1255 2070 quidem
1259 2028 1362 2071 gladio
1381 2026 1551 2060 obtruncari
1574 2051 1585 2066 ‚
1610 2028 1683 2059 alios
1706 2027 1825 2070 ignibus
1837 2028 2019 2071 conflagrari.

1135 2077 1203 2113 Uti
1215 2077 1308 2111 Nero
1319 2077 1478 2110 Romanae
1488 2075 1595 2111 Urbis
1608 2100 1618 2116 ,
1645 2077 1691 2110 ita
1704 2076 1936 2111 Diocletianus
1959 2078 2022 2114 Ni-

1134 2126 1349 2162 comedienfis
1366 2126 1487 2161 Palatii
1504 2126 1698 2160 incendium
1710 2124 1906 2161 Christianis
1918 2128 2022 2171 impo-

1134 2178 1198 2212 suit
1211 2202 1222 2218 ‚
1248 2176 1390 2221 ideoque
1403 2188 1519 2211 omnes
1530 2177 1636 2211 voluit
1647 2175 1782 2211 ablatos.
1811 2176 1925 2211 Aliam
1935 2178 2020 2211 insu-

1134 2240 1189 2272 per
1201 2227 1432 2271 persecutionis
1443 2227 1585 2263 cauffmn
1596 2226 1730 2271 praebuit
1751 2227 1877 2261 sanstus
1899 2227 2020 2262 Anthi-

1133 2290 1205 2312 mus
1216 2278 1478 2313 Nicomedienfis
1498 2278 1680 2321 Episcopus
1692 2300 1702 2317 ‚
1730 2278 1863 2311 summae
1874 2277 2019 2312 Virtutis

1133 2329 1311 2362 Exorcista.
1352 2328 1455 2375 Qod
1480 2327 1542 2361 isto
1568 2326 1762 2362 charismate
1788 2327 2018 2362 Daemoniacos

1132 2379 1293 2413 Gentium
1303 2379 1395 2412 Deos
1406 2402 1417 2419 ,
1443 2376 1586 2421 ideoque
1596 2378 1630 2412 ὅ(
1652 2376 1903 2412 Diocletianum
1914 2378 2019 2412 offen·

1130 2428 1212 2463 derit
1224 2453 1235 2469 ‚
1260 2441 1297 2463 ac
1310 2428 1367 2472 ipfi
1379 2427 1611 2472 persecutionis
1621 2427 1723 2462 bilem
1734 2428 1875 2462 moverit
1886 2451 1898 2468 ,
1924 2427 2018 2463 testa-

1130 2490 1181 2513 tur
1192 2476 1401 2522 Nicephorus
1413 2477 1574 2513 Calixtus.

1177 2529 1261 2574 Qae
1271 2529 1384 2563 omnia
1397 2528 1504 2572 ample
1514 2528 1689 2563 confirmat
1713 2527 1935 2563 Ecclefiastica
1953 2528 2018 2562 Hi-

1129 2579 1226 2613 storia
1250 2578 1384 2613 Eusebii
1407 2579 1618 2613 Caesaraeenfis
1642 2579 1797 2622 Episcopi
1818 2593 1827 2612 :
1856 2581 1915 2612 Per
1935 2580 2015 2612 idem
2033 2584 2091 2615 Lib.
2123 2590 2149 2615 8.

1126 2636 1243 2671 tempus
1255 2628 1484 2672 Antbimus,qui
1496 2639 1566 2662 tunc
1577 2628 1711 2671 Ecclefiae
1726 2627 2014 2670 Nicomedienfiprq-
2029 2635 2093 2663 <3³1³-
2102 2632 2129 2656 ⁶·

1119 2679 1186 2720 fuit
1209 2704 1220 2720 ,
1245 2686 1342 2721 capite
1357 2687 1482 2722 propter
1505 2678 1613 2718 Christi
1634 2678 1828 2718 testimonium
1849 2678 2014 2711 cervicibus

1126 2727 1238 2772 abscisso
1257 2736 1390 2762 moritur.
1430 2734 1506 2762 Huic
1516 2735 1621 2773 ingens
1633 2732 1667 2763 (ς’
1681 2728 1829 2772 frequens
1847 2732 2013 2767 Martyrum

1125 2778 1213 2812 turba
1222 2779 1447 2824 aiijunc‘lafuit.
1475 2781 1568 2822 quue
1578 2780 1659 2821 quod
1681 2777 1729 2822 eis
1723 2780 1790 2812 dem
1802 2777 1873 2821 fere
1884 2777 1989 2812 diebus
1999 2802 2012 2818 ‚

1125 2827 1216 2872 nescio
1227 2841 1283 2871 quo
1288 2830 1378 2871 pac‘lo
1391 2853 1402 2870 ‚
1427 2833 1524 2873 Reg1'a
1544 2827 1774 2870 Nicomedi-ensis
1792 2829 1923 2863 incendio
1946 2839 2013 2860 con-

1120 2879 1289 2923 flagrarat,
1316 2882 1397 2913 &ex
1403 2877 1568 2922 suspicione
1589 2880 1722 2921 quadam
1744 2890 1842 2911 rumor
1863 2878 1929 2921 effer
1937 2878 2011 2918 diffi-

1119 2938 1214 2971 patus
1225 2954 1236 2969 ,
1262 2930 1340 2963 illud
1341 2929 1467 2971 facinus
1478 2931 1498 2962 ἇ
1510 2929 1612 2970 nostris
1624 2928 1783 2970 admissum.
1819 2928 1902 2961 Unde
1914 2932 2010 2970 Impe-

1124 2985 1232 3012 ratoris
1238 2980 1322 3023 jussu
1332 2991 1370 3013 ex
1376 2986 1439 3021 piis
1452 3004 1462 3019 ,
1488 2986 1539 3021 qui
1551 2979 1592 3011 ibi
1603 2976 1804 3019 versabantur
1818 3001 1829 3018 ,
1841 2984 2010 3012 acervatim

1123 3031 1158 3064 (5
1167 3028 1252 3072 quast
1257 3031 1370 3063 cumulo
1380 3054 1390 3070 ‚
1416 3031 1469 3062 alii
1475 3030 1577 3072 gladio
1587 3028 1730 3061 trucidati
1736 3026 1808 3069 sunt
1822 3051 1833 3067 ,
1857 3029 1911 3060 alii
1922 3029 2008 3073 ardo-

1122 3091 1154 3113 re
1170 3078 1361 3120 flammarum
1387 3079 1553 3121 corporibus
1581 3077 1834 3118 circumjeciaram
1861 3076 2005 3111 obierunt.

1123 3132 1191 3172 ,Quo
1201 3137 1329 3171 tempore
1331 3129 1424 3169 fama
1436 3128 1473 3168 est
1489 3151 1499 3167 ,
1525 3133 1607 3160 viros
1620 3129 1655 3161 (θ’
1665 3129 1803 3160 mulieres
1814 3133 1906 3161 etiam
1916 3131 2010 3176 Dm:
2047 3167 2049 3169 v

1123 3192 1163 3212 na
1185 3180 1219 3212 (st
1239 3179 1440 3220 inexplicabili
1459 3178 1637 3218 alacritate,
1657 3175 1717 3220 sua
1733 3175 1839 3221 sponte
1849 3184 1882 3211 in
1898 3173 2025 3222 rogum*

1123 3227 1250 3272 insiliisse.
1278 3230 1405 3270 Reliqua
1418 3237 1521 3260 autem
1531 3229 1688 3261 multitudo
1698 3229 1827 3262 vinculis
1846 3227 1981 3272 colligata
1991 3253 2003 3268 ,

1124 3281 1157 3313 &-
1167 3281 1186 3311 ἃ
1201 3278 1365 3311 Lit‘loribus
1377 3284 1408 3310 in
1417 3276 1548 3320 Scapbas
1569 3277 1700 3320 imposita
1715 3303 1725 3318 ‚
1750 3285 1784 3311 in
1807 3277 1922 3319 vastum
1941 3290 2004 3310 ma-

1122 3335 1165 3361 ris
1177 3335 1329 3372 Gurgitem
1340 3339 1375 3360 ac
1380 3327 1489 3368 fluc‘lus
1495 3336 1632 3370 praeceps
1637 3328 1774 3370 prqiedla
1783 3327 1860 3370 fuit.
1899 3327 2002 3375 Qod

1127 3379 1212 3412 idem
1223 3378 1332 3412 scribit
1351 3378 1450 3412 sanffi
1474 3377 1606 3413 Adonis
1626 3378 1908 3423 Martyrologium
1921 3403 1931 3417 ,
1964 3388 2011 3422 ac,

1123 3429 1220 3462 etiam
1242 3428 1441 3462 Romanum.
1481 3428 1524 3462 Et
1547 3428 1606 3463 ista
1627 3428 1730 3464 ferina
1746 3428 1917 3472 tempestas
1928 3426 2003 3465 hor-

1123 3478 1219 3515 rende
1240 3478 1374 3524 grassata
1394 3478 1439 3515 est
1469 3490 1524 3524 per
1549 3490 1650 3516 omne
1677 3478 1869 3516 Romanum
1898 3477 2001 3532 Impe-

1898 3535 1979 3559 num
1991 3547 2002 3564 ‚

2034 2465 2094 2495 Lib.
2119 2478 2148 2502 7.v

2033 2515 2096 2543 cap.
2105 2512 2131 2536 6.
