2346 3776
215 252 422 308 bare²0ex
454 256 511 297 eo
545 259 697 298 coram
731 243 882 296 audire
914 259 1020 295 vera
1047 251 1159 294 =n0n
1192 238 1278 294 effe
1310 275 1324 302 ,
1358 242 1472 310 Jquae
1518 241 1577 292 de
1626 240 1709 292 illo
1754 240 1900 296 'minus
1946 242 2062 297 ϊεᾶὲ

212 316 527 377 nuntiabantur
562 338 576 378 3
612 334 665 367 ac
699 315 887 385 proinde
921 313 1044 368 bono
1077 315 1228 364 animo
1261 310 1364 362 effet
1399 349 1413 374 ‚
1449 316 1494 362 &
1527 329 1613 381 pro
1647 311 1832 362 arbitrio
1868 316 2022 368 Romae
2047 349 2062 374 ,

213 391 245 440 si
280 392 416 442 vellet
451 404 646 440 maneret
679 423 695 450 ‚
717 412 721 415 ·
742 386 878 438 Urbis
912 385 1208 436 Bibliothecas
1257 385 1426 433 interea
1476 382 1695 436 lustrando
1728 420 1743 445 ‚
1790 400 1889 450 quae
1923 397 2064 432 tunm..

213 462 448 513 Librorum
483 460 611 528 copia
644 494 658 519 ‚
708 476 810 508 cum
844 456 1130 506 Voluminum
1164 455 1346 504 raritate
1391 471 1470 522 per
1505 471 1640 521 quam
1676 453 1863 517 insignes
1897 469 2021 508 erant
2049 490 2064 503 .

212 537 296 587 Per
330 534 444 583 hanc
479 549 587 595 ergo
621 528 894 579 occasionem
928 531 1082 576 Romae
1116 561 1129 587 ‚
1179 527 1226 573 in
1261 523 1354 592 ipso
1390 524 1527 578 Orbis
1561 524 1761 574 Theatro
1796 561 1810 586 ,
1861 527 2023 578 Lu1>u
2047 544 2067 573 s

213 605 355 668 magis
390 603 595 653 inclaruit
627 634 641 661 ‚
690 601 810 650 Viris
844 595 1119 647 ornatiffimis
1155 593 1416 663 profundam
1444 600 1545 661 ejus
1581 598 1844 648 Dofflinam
1878 632 1893 656 ‚
1929 609 2066 662 atque

213 674 425 738 insignem
459 672 597 722 animi
645 668 995 720 moderationem
1029 665 1163 721 effuse
1197 665 1537 733 praedicantibus
1573 686 1587 724 3
1636 663 1708 714 sed
1751 682 1904 734 praeter
1938 682 2067 716 caete„

215 762 287 796 ros
321 748 453 793 Lucas
485 740 696 808 Holstenius
730 741 986 789 interiorum
1023 739 1290 787 Litterarum
1343 741 1387 786 ἅν.
1423 735 1731 789 Ecclesiasticae
1765 739 2067 804 Antiquitatis

213 814 491 883 peritissimus
525 848 539 873 ,
575 815 653 862 Lu
670 827 723 860 1³1
758 809 1007 860 eruditione
1041 845 1055 870 ,
1090 825 1141 857 ac
1175 806 1387 860 modestia
1421 823 1576 876 captus
1612 844 1626 867 ,
1674 806 1821 860 dicere
1856 806 2023 859 solebat
2052 829 2066 858 i

215 888 262 933 In
307 883 568 950 Ecclefiastica
607 879 820 951 praefirtz'm
880 879 1053 944 Historia
1099 881 1278 928 neminem
1338 876 1367 926 ὰ
1404 876 1453 944 J}
1511 882 1589 927 Lu
1603 896 1670 926 1³0
1721 883 1935 948 peritiorem
1972 879 2068 927 ha..

213 954 337 1003 Henus
369 970 555 1024 repertum
589 989 603 1001 .
666 950 800 1020 Qod
849 969 950 1000 cum
998 965 1090 998 non
1138 946 1266 996 semel
1303 983 1318 1007 ,
1364 945 1438 999 sed
1486 949 1738 1016 frequenter
1786 952 1906 1003 Viris
1943 953 2068 1002 Prin,

212 1024 388 1094 cipibus
436 1023 619 1093 ipsisque
671 1021 871 1076 Ecclefiae
906 1025 1111 1074 Romanae
1160 1015 1469 1070 cardinalibus
1519 1019 1758 1071 inculcaret
1793 1041 1807 1079 3
1856 1028 2069 1085 Magnum

214 1093 450 1165 propterea
486 1099 523 1144 L
539 1112 567 1144 u
583 1112 634 1142 ΡΙ
681 1110 844 1146 nomen·
877 1094 924 1140 in
957 1088 1081 1139 Urbe
1116 1086 1196 1138 esse
1226 1090 1369 1156 ‘coepit
1404 1124 1419 1136 .
1469 1094 1539 1138 Ac
1573 1087 1711 1138 rursus
1747 1107 1849 1143 cum
1884 1092 2070 1143 Pontifi-¹

213 1169 259 1216 ci
295 1166 523 1216 testaretur
558 1201 571 1224 ‚
608 1167 822 1212 Romanae
856 1162 1005 1211 Curiae
1036 1175 1218 1227 operam
1255 1162 1406 1208 Lu1³1
1440 1176 1533 1209 non
1568 1157 1706 1210 modo
1742 1160 1896 1211 utilem
1931 1162 2025 1213 sore
2056 1199 2070 1222 ‚

214 1234 291 1288 sed
324 1238 460 1286 etiam
477 1229 800 1291 necessariam,
836 1230 988 1281 statuit
1021 1229 1243 1281 Alexander
1276 1233 1432 1283 Romae
1466 1231 1592 1281 illum
1627 1248 1720 1281 non
1754 1234 1968 1294 retinere,
2004 1248 2072 1283 at*

213 1322 302 1373 que
337 1304 420 1353 hac
454 1301 513 1352 de
561 1299 687 1352 causa
721 1301 888 1365 singulo
922 1318 1107 1370 quoquo
1153 1298 1299 1352 mense
1343 1302 1576 1363 Congiarii
1610 1301 1714 1351 loco
1746 1306 1944 1371 quinque
1979 1310 2071 1355 Au,

212 1392 312 1426 reos
360 1374 442 1443 ipfi
474 1373 591 1441 juffit
638 1374 855 1424 numerari
888 1409 902 1433 ‚
953 1373 1097 1441 plures
1131 1375 1288 1439 utique
1338 1369 1521 1426 daturus
1563 1371 1617 1422 ‘ni
1652 1374 1885 1423 Generalis
1921 1374 2072 1423 mode-

213 1445 298 1498 stia
319 1481 333 1507 ‚
368 1461 521 1513 parum
557 1444 817 1512 tempestiva
841 1479 855 1504 ‚
892 1458 974 1493 tot.
998 1460 1078 1511 pro
1113 1444 1231 1498 illius
1268 1440 1483 1492 Dimenso
1517 1445 1684 1491 Lupo
1720 1441 1908 1493 sufficere
1943 1443 2073 1496 dixis-

214 1514 259 1566 se
290 1553 306 1566 .
356 1520 522 1566 Verum
556 1519 599 1563 F
598 1512 787 1580 rancfius
819 1513 1038 1562 Cardinalis
1085 1515 1314 1563 Darberinus
1346 1549 1360 1573 ‚
1410 1529 1593 1576 magnus
1643 1516 1927 1577 Ingeniorum
1980 1515 2074 1564 fau-

217 1602 292 1637 tor
324 1623 339 1648 ,
388 1585 445 1637 de
479 1584 557 1638 suo
591 1584 782 1638 totidem
833 1583 992 1638 addere
1029 1584 1171 1638 voluit
1207 1621 1220 1645 ‚
1272 1583 1631 1637 silentiotamen
1665 1621 1679 1645 ‚
1714 1588 1758 1635 &
1793 1585 1975 1652 quidem
2013 1585 2076 1634 sa,-

216 1659 394 1726 pienter
428 1659 649 1725 imperato
682 1692 695 1717 ,
731 1673 788 1706 ne
822 1654 990 1706 scilicet
1026 1671 1103 1704 aut
1138 1653 1365 1704 Pontificis
1402 1654 1562 1707 factum
1599 1656 1771 1709 elevare
1804 1693 1818 1716 ‚
1863 1672 1939 1706 aut
1975 1675 2076 1705 cum

217 1729 423 1795 Principe
472 1727 527 1777 de
563 1727 831 1778 liberalitate
868 1724 1138 1776 contendere
1191 1723 1398 1785 voluisse,
1435 1725 1659 1778 videretur
1693 1763 1706 1775 .
1760 1726 1841 1775 Sed
1876 1728 1967 1776 haec
2005 1745 2079 1776 ne7

220 1796 433 1847 cessitudo
469 1833 482 1856 ‚
518 1816 615 1864 quae
651 1814 808 1860 magna
848 1801 1003 1863 utique
1045 1799 1161 1845 inter
1204 1798 1334 1846 Viros
1365 1795 1628 1847 doetiffimos
1672 1798 1908 1847 intercessit
1945 1835 1957 1858 ,
2000 1816 2079 1847 no*

220 1866 292 1921 bis
329 1866 511 1933 quidem
554 1868 727 1915 silentio
767 1864 1065 1934 praetereunda
1106 1883 1195 1914 non
1235 1882 1328 1916 erat
1370 1903 1384 1926 ,
1442 1869 1609 1934 quippe
1652 1885 1740 1916 non
1796 1867 1936 1918 solum
2001 1868 2081 1936 ipsi

220 1941 386 1988 Lupo
428 1973 442 1997 ‚
504 1951 553 1987 ut
601 1935 791 1988 diximus
826 1972 840 1996 ‚
901 1935 1149 2004 proferendi
1211 1952 1371 1988 nomen
1425 1935 1612 2000 Holstenii
1661 1940 1858 1989 amicitia
1917 1957 2081 2002 magno

220 2006 317 2057 usui
357 2006 442 2056 fuit
487 2027 501 2065 3
542 2006 691 2057 verum
739 2008 872 2056 etiam
918 2005 1193 2056 Bibliotheca
1237 2005 1450 2068 Angelica
1494 2042 1508 2066 ,
1552 2009 1623 2054 cui
1665 2025 1781 2056 nunc
1823 2008 2080 2075 praesurnus‚

221 2081 378 2142 ingens
417 2075 520 2128 inde
573 2079 746 2145 accepit
798 2080 1114 2128 incrementum
1153 2112 1167 2126 .
1227 2079 1460 2125 Paraverat
1505 2076 1717 2141 Holstenius
1758 2078 2081 2129 Bibliothecam

222 2165 319 2202 tam
358 2149 649 2198 Voluminum
690 2165 870 2197 numero
909 2184 924 2210 ,
966 2164 1102 2214 quam
1145 2149 1291 2215 pretio
1333 2146 1588 2210 singularem
1619 2184 1632 2196 .
1679 2151 1951 2200 Decreverat
1988 2169 2080 2200 non

222 2235 274 2270 ut
313 2218 512 2286 plerique
551 2218 836 2270 ostentationi
877 2254 891 2279 ‚
926 2222 970 2268 &
1014 2219 1132 2270 luxui
1173 2219 1385 2286 privatim
1426 2216 1551 2267 domi
1597 2220 1719 2269 illam
1760 2220 1917 2271 habere
1951 2259 1965 2282 ,
2006 2218 2081 2271 sed

222 2287 509 2341 studiosorum
547 2288 786 2339 commodo
826 2326 839 2349 ,
895 2305 946 2337 ac
990 2290 1176 2340 utilitati
1218 2288 1445 2356 publicare
1484 2325 1498 2341 2
1553 2292 1664 2341 Viro
1717 2293 1908 2359 Principi
1951 2329 1965 2353 ,
2006 2295 2079 2344 cui

222 2362 272 2409 in
322 2358 445 2410 Urbe
484 2357 648 2408 summa
691 2359 881 2428 potestas
907 2396 921 2419 ‚
960 2358 1143 2424 Holflenii
1179 2358 1430 2410 Confilium
1475 2362 1765 2420 innotuerat3
1811 2361 1922 2428 quid
1959 2365 2079 2411 enim

223 2432 272 2478 in
309 2430 429 2478 Urbe
487 2447 707 2479 rumorum
748 2429 877 2480 avida
916 2466 930 2491 ,
982 2430 1118 2479 latere
1155 2429 1298 2498 potest
1338 2430 1356 2477 ἓ
1409 2434 1566 2497 Itaque
1626 2432 1700 2480 ille
1754 2449 1843 2480 non
1899 2432 2079 2491 obscure

223 2518 326 2550 cum
371 2517 447 2567 per
486 2500 709 2550 Ministros
746 2537 760 2561 ‚
802 2516 897 2549 tum
935 2518 1011 2567 per
1052 2499 1092 2549 se
1130 2500 1363 2566 Holstem'um
1402 2506 1495 2567 J'am
1534 2500 1831 2568 praehensabat
1857 2541 1871 2564 ‚
1917 2519 1965 2552 ut
2006 2507 2079 2553 Bi-

223 2571 459 2620 bliothecae
499 2571 689 2622 Vaticanae
723 2607 737 2631 ‚
775 2587 851 2622 aut
888 2569 1192 2623 Alexandrinae
1228 2608 1241 2632 ,
1284 2570 1402 2623 suam
1443 2588 1626 2639 quoque
1669 2571 1855 2638 adjicere
1902 2575 2036 2624 vellet
2060 2611 2077 2625 .

226 2639 493 2704 Ambigebat
536 2640 752 2690 Holst'enius
787 2678 801 2701 ‚
854 2645 897 2690 &
933 2644 1083 2694 animo
1117 2641 1247 2691 valde
1283 2642 1519 2693 fluctuabat
1556 2679 1569 2703 ‚
1618 2661 1698 2694 nec
1734 2643 1838 2693 satis
1888 2663 1965 2711 per
2001 2644 2077 2700 se„

227 2709 367 2778 ipsum
402 2710 461 2761 ab
494 2728 550 2760 eo
583 2711 684 2764 aestu
730 2711 933 2779 expedire
980 2711 1022 2761 se
1058 2728 1232 2781 poterat
1267 2750 1281 2775 ,
1329 2712 1470 2762 donec
1507 2713 1824 2764 haefitationem
1872 2719 2034 2764 Lupo
2062 2753 2075 2776 ‚

227 2799 311 2849 pro
345 2783 541 2834 amicitia
576 2784 745 2850 aperuit
783 2819 797 2843 ,
846 2785 925 2850 qui
974 2783 1052 2851 ipfi
1102 2788 1265 2832 Auc'tor
1315 2783 1398 2835 fuit
1448 2783 1767 2835 Bibliothecam
1816 2784 1934 2833 suam
1980 2792 2074 2836 An*

227 2852 378 2915 gelicae
424 2851 597 2914 legandi
632 2873 644 2902 :
693 2851 816 2920 quod
849 2853 983 2921 paulo
1031 2854 1127 2921 post
1176 2854 1233 2907 ab
1282 2853 1470 2918 Holstem'o
1493 2891 1507 2915 ,
1559 2854 1719 2903 saetam
1754 2854 1816 2904 est
1852 2892 1866 2916 ,
1915 2873 2077 2919 magno

227 2923 384 2990 utique
432 2920 713 2975 studiosorum
759 2922 996 2975 commodo
1030 2962 1045 2987 ‚
1096 2941 1176 2977 nec
1211 2926 1371 2977 minori
1417 2923 1702 2976 Bibliothecae
1747 2924 1899 2975 nostrae
1934 2929 2076 2979 incre*

228 3008 410 3043 mento,

300 3066 406 3112 Haec
441 3061 550 3112 vero
583 3081 765 3116 eatenus
815 3063 841 3117 ὲ
876 3065 1004 3117 nobis
1040 3082 1338 3117 memorantur
1371 3100 1384 3126 ‚
1433 3082 1652 3132 quatenus
1688 3068 1904 3118 clarorum
1939 3072 2073 3120 Viroq

226 3152 324 3188 rum
359 3135 533 3197 egregia
569 3135 616 3183 in
650 3135 970 3186 Bibliothecam
1005 3137 1195 3187 nostram
1230 3139 1388 3187 merita
1423 3136 1481 3184 ab
1513 3136 1754 3187 oblivionis
1784 3141 1966 3190 interitu
1993 3158 2073 3207 pro

225 3205 346 3254 virili
382 3203 813 3271 parte‘vindicemus
851 3244 864 3255 .
913 3211 1047 3258 Nunc
1083 3207 1141 3257 ad
1190 3212 1391 3257 Lupum
1426 3205 1555 3258 redeo
1592 3245 1604 3258 .
1653 3210 1733 3258 Ille
1779 3207 1805 3260 a
1842 3211 2071 3260 Pontifieis

227 3272 450 3338 congressu
484 3274 595 3327 nihil
630 3277 852 3343 antiquius
887 3277 1043 3330 habuit
1075 3315 1090 3340 ,
1135 3295 1269 3346 quam
1305 3276 1516 3339 infignora
1563 3278 1697 3328 Urbis
1747 3281 1935 3350 Templa
1981 3284 2072 3349 pri*

227 3345 351 3396 mum
386 3344 716 3395 venerabundus
753 3346 875 3396 obire
909 3385 922 3409 ‚
971 3366 1075 3399 mox
1110 3347 1167 3398 ad
1201 3363 1393 3397 veterem
1428 3366 1529 3398 cum
1566 3348 1710 3398 Libris
1745 3353 1961 3401 rationem
1997 3352 2072 3401 de,

230 3414 474 3466 ducendam
510 3415 647 3466 redire
674 3453 686 3466 .
735 3415 815 3464 Sed
852 3417 1030 3467 modum
1065 3456 1079 3480 ,
1115 3436 1247 3485 quem
1283 3422 1435 3468 Romae
1470 3422 1516 3467 in
1552 3419 1704 3470 studiis
1741 3424 1885 3470 tenuit
1919 3458 1933 3482 ‚
1965 3439 2072 3489 pau-

229 3486 296 3532 cis
331 3489 496 3552 aperire
533 3485 647 3538 haud
685 3488 872 3540 alienum
908 3505 1019 3557 puto
1042 3526 1054 3540 .
1090 3495 1133 3541 A
1170 3493 1292 3542 noste
1329 3491 1467 3540 multa
1503 3490 1706 3555 quotidie
1740 3489 1938 3554 surgebat
1976 3528 1990 3552 ‚
2028 3496 2073 3543 aa

1483 3559 1513 3609 b
1589 3579 1615 3608 2
1907 3567 2004 3610 Ma-
