2346 3776
648 77 956 133 Scironis,
995 91 1056 119 ετ
1092 87 1266 120 noris
1301 77 1673 123 utus-rimu.

253 170 286 198 at
296 161 468 206 pacificam
488 169 557 194 non
580 167 759 202 potuerunt
783 161 906 194 facere.
934 157 1071 193 Etenim
1092 158 1126 192 in

249 211 464 247 ordinatione
484 208 621 249 Sabini,
646 209 680 245 &
702 209 837 251 Troili,
863 210 920 253 qui
940 210 975 243 in
1000 209 1125 243 Metro-

250 262 356 307 polim
367 259 655 295 Conslantiensem
666 261 718 293 seu
732 260 988 294 Salaminensem
1007 260 1126 294 succes-

249 314 360 348 serunt
379 311 499 351 Sancto
521 308 711 354 Epiphanio
724 334 735 350 ‚
760 310 924 354 popularis
946 310 1063 344 seditio
1083 309 1132 346 adv

248 373 366 402 manus
376 361 409 394 &
419 360 556 393 effusum
569 361 766 404 sanguinem
776 360 910 395 devenit
920 385 931 401 ,
958 360 1049 404 quod
1063 360 1123 403 Ec·-

246 411 355 446 cle‘fiae‘
374 407 595 445 Antioch‘enae
621 410 787 445 Emiffarii
810 412 934 456 semper
959 410 1124 450 adessent,

244 461 506 504 suscitarentque
516 460 677 504 ejusmodi
691 460 859 506 tragaedias
873 486 880 493 .
908 459 1068 505 Ephesma
1079 461 1124 494 in-

245 511 343 545 terim
365 510 524 545 indicitur
543 511 699 553 synodus
723 536 734 551 ,
761 511 964 555 moriturque
987 510 1125 544 Troilus

245 561 466 605 Metropolita
494 586 501 593 .
528 562 623 596 Hinc
649 560 689 594 ad
717 561 781 594 alia
808 562 943 596 consilia
970 562 1001 595 se
1028 561 1123 595 vertit

246 612 390 655 Ioannes
413 610 601 645 Patriarcha
616 609 871 646 Antiochenus.
900 611 1071 646 Conciliat
1092 611 1126 643 si-

245 662 279 695 bi
308 661 667 706 magnificentissimum
704 662 875 697 Comitem
901 661 1122 704 Dionysium,

245 712 379 746 Ducem
404 712 592 747 Dioeceseos
614 711 797 749 orientalis
811 736 822 751 ‚
849 713 1035 755 persuasum
1057 721 1125 746 om-

245 762 386 801 nesistic
397 761 589 798 Provincias
608 761 722 805 subjici
734 760 927 796 Patriarchae
947 763 982 796 in
1006 762 1100 795 sacris
1114 785 1124 801 ,

243 812 420 855 quomodo
453 811 670 855 subjiciuntur
689 812 780 846 Duci
801 822 857 846 aut
878 811 1025 846 Praetorii
1046 809 1124 844 Prae-

237 864 328 896 ’fec‘to
353 863 389 896 in
410 861 507 896 rebus
527 860 699 898 humanis.
726 861 792 896 Pro
811 861 879 906 jure
901 864 959 897 suo
980 861 1123 905 appellat

242 912 286 946 ad
298 911 471 960 synodum
484 936 495 953 ,
520 911 561 946 ad
585 913 653 955 ejus
665 913 764 956 usque
781 911 942 955 judicium
963 912 1124 945 mandans

241 960 361 997 haerere
379 962 528 1004 suspensa
538 962 673 996 omnia:
701 963 851 997 laudatus
872 962 954 997 item
967 962 1047 995 Dux
1067 961 1122 996 lai-

242 1022 316 1050 cam
327 1010 454 1046 brachii
464 1013 513 1046 sui
526 1023 624 1055 opem
646 1011 820 1055 adjunxit,
847 1013 948 1047 Clero
960 1011 1124 1047 constan.-

241 1061 337 1096 tiensi
360 1063 440 1096 novi
455 1062 679 1105 Metropolitae
697 1062 890 1097 elestionem
911 1064 946 1097 ὅ(
960 1063 1138 1117 consecra-fl

240 1112 372 1146 tionem
391 1106 788 1157 rigidiffimeinterdixit,
816 1113 1028 1147 illustriffimo
1049 1113 1121 1146 viro

240 1160 431 1196 Theodoro
443 1162 624 1196 Provinciae
636 1161 764 1206 Praefidi
776 1162 940 1198 interdisti
951 1163 1119 1197 observan-

236 1212 324 1246 tiam
346 1212 526 1257 delegans,
552 1213 607 1246 cui
629 1212 757 1247 acoeffit
777 1213 811 1247 &
831 1213 979 1246 Ecclesiae
1001 1212 1120 1246 Antio·

239 1261 352 1296 chenae
361 1262 535 1296 Diaconus
545 1264 670 1296 cun&is
688 1263 825 1307 agendis
836 1261 950 1297 sedulo
971 1263 1120 1308 invigila-

237 1320 349 1345 turus.
378 1311 504 1346 Verum
516 1323 578 1347 nec
599 1311 686 1347 hanc
697 1324 834 1347 omnem
844 1323 1028 1357 paraturam
1053 1313 1119 1359 Cy·

238 1362 302 1405 prii
315 1372 511 1397 curaverunt
522 1374 530 1395 :
557 1362 738 1408 Elegerunt
747 1364 782 1398 δε
792 1363 1021 1397 consecrarunt
1031 1362 1119 1397 Rhe-

237 1412 358 1455 ginum
381 1412 636 1456 Metropolitam
660 1437 672 1457 2
698 1414 923 1457 miseruntque
948 1412 991 1446 ad
1016 1414 1121 1456 Syno-

235 1460 318 1495 dum
338 1462 405 1496 una
426 1474 504 1497 cum
515 1463 654 1497 Zenone
672 1463 825 1497 Curienfi
851 1463 1042 1506 &Evagrio
1064 1464 1122 1496 Se-

235 1510 315 1547 lensi
327 1513 517 1555 Episcopo,
544 1512 697 1553 Ecclesia
715 1514 779 1545 suae
792 1510 950 1556 dignitati
972 1509 1123 1546 constan-

231 1560 505 1595 teradfutururn.

286 1607 463 1654 Rheginus
487 1610 599 1652 itaque
619 1609 839 1652 Metropolita
860 1609 1049 1643 constanter
1067 1610 1123 1644 ad-

236 1658 302 1693 fixit
328 1659 467 1702 Synodo
492 1683 504 1699 ‚
530 1658 668 1697 adduxit
703 1660 860 1694 Canones
887 1659 1123 1702 Apostolicos,

233 1709 375 1753 antiqua
387 1708 537 1743 Ecclefiae
557 1710 619 1742 suae
632 1709 803 1756 privilegia
815 1735 826 1751 ,
854 1711 1048 1753 sextumque
1060 1711 1124 1744 Ca-

234 1770 363 1793 nonem
385 1760 560 1793 Nicaenum
575 1785 586 1800 ‚
612 1761 682 1792 Suis
699 1763 862 1804 privilegia
878 1758 1041 1803 serventur
1062 1764 1122 1797 Ec,-

230 1808 342 1850 clefiis.
370 1809 505 1853 Utique
526 1810 583 1844 illa
600 1833 611 1849 ,
637 1810 680 1844 de
701 1810 822 1852 quibus
843 1809 988 1853 ejusdem
1013 1811 1123 1846 Cano.-

233 1860 496 1896 nisexordium:
527 1862 672 1893 servetur
685 1867 817 1903 antiqua
837 1859 1030 1903 consuetudo.
1058 1860 1121 1895 Ec-

231 1908 403 1943 denarum
440 1910 563 1954 quippe
591 1910 766 1955 privilegia
793 1910 906 1954 paffim
928 1909 1019 1944 aliud
1049 1923 1117 1945 non

232 1960 309 1998 sunt
332 1984 342 2001 ,
370 1960 469 2003 quim
492 1960 622 1994 vetustae
642 1961 899 1995 consuetudines
923 1985 934 2001 ‚
961 1960 1003 1994 ab
1027 1960 1119 2005 Ap0e

230 2008 325 2044 stolis
345 2011 520 2054 praesertim
546 2011 698 2055 plantatas
719 2022 818 2055 atque
839 2010 996 2046 inductae.
1022 2011 1118 2050 Hinc

1179 1211 1324 1253 primitus
1344 1210 1539 1246 tras-‘landum
1562 1237 1569 1244 .

1901 94 2012 140 3901

1191 156 1319 192 addidit
1338 157 1458 192 Zenon
1480 155 1662 202 Episcopus
1682 158 1848 202 Curienfis
1868 173 1877 196 ε
1905 167 1931 197 Α
1951 167 1991 199 sa

1193 207 1332 250 Apostolis
1356 208 1511 251 nunquam
1521 207 1638 251 poffunt
1659 209 1804 249 ostendere
1824 220 1838 256 ‘‚
1863 215 1947 257 quod
1968 227 2018 258 aq,

1191 264 1234 291 rit
1255 257 1451 291 Antioc-benus
1471 283 1482 299 ,
1508 259 1544 292 Θ
1563 259 1752 293 ordinaverit
1771 286 1783 302 ‚
1809 265 1864 304 vel
1883 272 2037 299 communit

1193 313 1272 342 verit
1293 320 1427 350 unquam
1446 306 1551 351 insula
1573 311 1772 352 ordinationis
1790 318 1949 357 gratiam,
1976 327 2063 358 nequ.

1191 360 1269 392 altus
1282 356 1456 402 quisquam.
1488 358 1532 393 Et
1552 357 1634 394 infra
1646 373 1658 394 .·
1684 357 1855 404 Nunquam
1874 365 1928 396 vel
1944 365 2080 407 adfuit,-

1191 410 1245 442 vel
1260 411 1441 450 ordinavit,
1467 421 1561 452 neque
1582 415 1614 443 in
1633 413 1811 453 Metropoli,
1838 423 1932 455 neque
1950 420 1983 446 in
2003 416 2079 448 alia*

1185 464 1337 498 civitate,
1359 457 1418 501 sed
1426 461 1554 502 52nodus
1574 459 1678 500 nostrae
1688 464 1861 507 Provinciae
1886 461 2079 506 congregatae‘

1189 508 1380 549 constituebat
1402 502 1648 552 Metropolitam:
1675 511 1747 560 Qi
1771 512 1994 560 constituendi
2012 514 2069 548 seu

1191 559 1415 602 Metropolitae
1440 561 1656 603 promovendi
1682 561 1809 596 modus·
1837 561 1884 598 est
1921 564 2079 606 proprius

1189 608 1350 643 character
1373 609 1640 654 Autocephaliav.
1667 610 1779 646 Etiam
1803 612 1958 647 Sanctum
1988 613 2068 657 Epi·

1188 657 1349 703 phanium
1361 661 1489 694 asseruit
1513 661 1559 694 ita
1571 661 1779 707 ordinatum.
1806 662 1881 705 Effe
1892 662 1976 697 dicit
1995 675 2078 707 per-f

1188 719 1320 753 petuam
1331 710 1365 743 δε
1386 709 1613 754 Apostolicam
1627 710 1743 745 insulae
1768 713 2040 747 consuetudinem
2053 737 2065 754 ,

1189 759 1286 793 instat
1307 759 1443 799 stabiliri
1465 771 1506 794 ex
1520 761 1613 794 sexto
1635 760 1775 798 Nicaeno
1798 762 1959 804 Canone,
1985 764 2066 800 Nul-

1186 810 1305 852 lamque
1329 816 1362 843 in
1383 809 1479 853 insula
1495 809 1563 852 fieri
1584 817 1751 845 novitatem
1759 838 1768 852 ,.
1798 810 1927 846 Eodem
1960 812 2064 853 modo,

1189 858 1357 894 Africanis
1370 861 1562 904 Episcopis‚
1588 861 1629 895 ad
1641 862 1840 904 quintum&
1861 863 1990 896 sextum
2002 862 2065 902 Ni-

1186 921 1290 944 caenos
1311 910 1466 945 Canones
1494 911 1774 954 provocantibus,
1799 911 1887 946 dixit
1913 912 1948 946 in
1975 913 2064 953 sexta.

1187 959 1435 1004 Carthaginens:
1448 961 1587 1003 Synodo
1601 962 1774 996 Faustinus
1785 983 1796 1002 ,
1808 962 1991 1005 Episcopus
2002 962 2066 997 Po-

1186 1010 1333 1044 tentinus
1343 1022 1380 1044 ac
1393 1010 1483 1045 Sedis
1495 1011 1697 1055 Apostolicae
1709 1012 1854 1058 Legatus
1875 1036 1887 1053 ,
1909 1014 1996 1046 aliud
2014 1012 2078 1055 effe>

1186 1061 1328 1093 dic‘lorum
1349 1064 1504 1093 Canonum
1523 1061 1753 1102 constitutionem
1770 1088 1781 1103 ‚
1807 1063 1894 1106 aliud
1914 1061 2065 1105 consuetu-

1185 1112 1285 1144 dinem
1305 1135 1316 1150 ,
1341 1116 1413 1153 quia
1432 1112 1535 1153 aliqua
1557 1113 1661 1146 ordine
1685 1114 1719 1146 (¹5
1754 1116 1877 1146 Canone
1900 1121 2064 1157 tenentur,

1184 1162 1288 1204 aliqua
1309 1159 1515 1204 consuetudine
1533 1160 1659 1203 firmata
1677 1160 1773 1204 sunt,
1801 1162 1944 1206 ideoque
1955 1164 1993 1196 de
2013 1162 2064 1201 his

1598 1212 1690 1258 Qi,
1719 1212 1884 1255 inquam,
1914 1212 2064 1247 Ecclefiae

1183 1262 1244 1295 suae
1266 1261 1436 1305 privilegia
1459 1262 1512 1295 seu
1533 1260 1788 1298 consuetudines
1812 1263 1932 1296 firmari
1958 1262 2065 1306 postu.-

1184 1311 1227 1345 lat
1240 1335 1250 1351 ‚
1261 1322 1343 1354 opus
1356 1312 1400 1345 est
1415 1335 1426 1351 ,
1452 1320 1491 1357 ut·
1501 1322 1554 1345 eas
1565 1312 1716 1356 primitus
1726 1312 1877 1346 ostendar.
1889 1335 1896 1344 .
1923 1312 2063 1356 Synodo

1182 1361 1295 1394 nostrae
1319 1357 1534 1396 ostenderunt
1556 1387 1568 1406 ,
1596 1372 1652 1396 aut
1678 1360 1787 1405 potius
1810 1362 1981 1397 ostendere
2002 1362 2063 1395 visi

1185 1411 1259 1454 sunt
1282 1409 1458 1455 Rheginus
1479 1412 1697 1455 Metropolim
1709 1424 1747 1446 ac
1767 1411 1835 1455 ejus
1862 1412 1985 1446 laudati
2002 1411 2065 1446 suf-

1184 1461 1330 1504 fraganei
1349 1483 1362 1501 ‚
1387 1471 1485 1504 atque
1507 1461 1554 1496 ita
1587 1460 1884 1497 hocce-decretum
1917 1462 2070 1505 impetras

1184 1520 1274 1543 vere.

1232 1559 1344 1599 Dico,
1370 1558 1528 1599 ostendere
1550 1558 1610 1600 vist'
1621 1558 1696 1603 sunt
1710 1586 1717 1593 .
1747 1560 1815 1595 Eos
1838 1560 1931 1595 enim
1959 1561 2064 1605 Syno-

1183 1607 1227 1641 do
1250 1607 1423 1650 obrepsisse
1444 1608 1624 1642 ostendunt
1652 1612 1744 1653 supra
1768 1610 1938 1645 laudatum
1967 1612 2067 1645 lnno·

1182 1657 1284 1701 centii
1316 1657 1412 1700 primi
1446 1657 1613 1694 decretum
1640 1684 1651 1700 ‚
1692 1660 1866 1695 subsecuta
1902 1661 2067 1705 oppositio

1183 1708 1335 1742 Ecclefiae
1358 1706 1606 1750 Antiochense,
1633 1721 1670 1743 ac
1692 1712 1778 1743 inter
1809 1710 1910 1754 ipsam
1934 1712 1969 1749 &
1997 1711 2066 1754 Cy-

1182 1759 1269 1802 prios
1295 1757 1430 1798 tandem
1462 1758 1582 1792 initum
1605 1759 1639 1793 &
1666 1760 1701 1793 in
1725 1759 1925 1794 Canonibus
1951 1761 2069 1795 Arabi÷

1181 1809 1229 1843 cis
1252 1808 1433 1851 expressum
1454 1808 1691 1843 concordatum
1713 1835 1723 1851 ‚
1750 1810 1804 1844 cui
1830 1811 1905 1844 suus
1934 1811 1996 1845 erit
2020 1811 2067 1845 di-

1182 1858 1278 1893 cendi
1292 1858 1403 1892 locus.
1433 1859 1538 1906 Qod
1568 1859 1709 1902 Ioannes
1730 1859 1918 1894 patriarcha
1946 1861 2067 1898 Antio÷

1179 1908 1307 1944 chenus
1344 1908 1502 1942 Nestorio
1530 1910 1651 1944 faveret
1671 1935 1682 1951 ,
1722 1910 1889 1954 turbisque
1915 1911 2067 1954 impleret

1181 1959 1295 1994 omnia
1321 1983 1333 2000 ‚
1359 1958 1516 2005 Synodus
1546 1959 1581 1993 in
1607 1960 1677 2004 ejus
1713 1960 1893 2006 Ecclesiam
1919 1961 1984 1996 fuit
2004 1962 2067 1995 ini-

1182 2019 1299 2054 quior.

268 2267 2055 2423 CANONES‘

325 2516 1964 2658 CONCILIIUEPHEslN-I,

643 2720 1675 2790 PROOEMIUM..

440 2892 529 2940 Um
565 2890 741 2942 essemus
772 2894 929 2960 Ephesi
972 2893 1206 2949 secundum
1249 2896 1344 2962 pias
1388 2898 1705 2962 Imperatorum
1748 2896 1915 2954 litteras
1955 2915 2061 2948 con„

475 2965 646 3024 gregati
689 2999 702 3023 ,
750 2963 1002 3014 defecerunt
1061 2966 1243 3032 quidam
1287 2963 1314 3016 a
1360 2964 1489 3014 nobis
1534 2983 1714 3014 numero
1768 2967 1902 3034 paulo
1961 2968 2061 3035 plus

227 3064 234 3067 -
476 3034 656 3094 triginta
700 3070 714 3093 ‚
761 3033 1014 3087 defectionis
1059 3036 1139 3085 suae
1189 3035 1513 3099 antefignanum
1543 3041 1767 3101 Joannem
1818 3038 2061 3088 Antioche*

474 3119 578 3150 num
624 3103 887 3172 Episcopum
928 3106 1136 3156 habentes
1176 3143 1189 3154 .
1228 3110 1397 3159 Horum
1443 3109 1623 3160 nomina
1667 3107 1758 3155 haec
1796 3106 1892 3158 sunt
1919 3145 1932 3158 .
1967 3112 2060 3157 Pri-

223 3186 317 3217 mus
361 3169 452 3238 ipse
485 3178 683 3238 Joannes
724 3176 975 3225 Antiochiae
1005 3181 1137 3245 Syriae
1168 3175 1408 3244 Episcopus
1434 3213 1447 3237 ‚
1473 3181 1671 3242 Joannes
1714 3177 1918 3227 Damasci
1954 3181 2058 3245 Epi-

223 3236 374 3306 scopus
404 3278 417 3302 ,
452 3243 698 3293 Alexander
733 3251 938 3313 Apameae
967 3283 980 3308 ,
1031 3246 1277 3298 Alexander
1312 3248 1563 3314 Hierapolis
1592 3284 1605 3309 ‚
1657 3250 1879 3303 Himerius
1917 3251 2058 3301 Nico÷

224 3309 375 3359 mediae
404 3349 416 3372 ,
453 3315 625 3362 Fritilas
661 3317 881 3365 Heracleae
909 3353 921 3375 ,
957 3317 1183 3366 Helladius
1221 3316 1339 3365 Tarsi
1368 3354 1382 3378 ,
1421 3319 1638 3373 Maximus
1672 3319 1922 3379 Anazarbi,
1961 3322 2057 3373 Do-

222 3378 400 3454 rotheus
451 3386 793 3454 Marcianopolis
825 3423 838 3446 ‚
885 3390 1035 3435 Petrus
1088 3388 1393 3455 Trajanopolis
1422 3425 1435 3449 ‚
1484 3389 1641 3437 Paulus
1676 3387 1828 3441 Emisae
1856 3425 1892 3492 'h
1922 3389 2058 3455 Poly-

438 3474 445 3483 J
1848 3471 1867 3492 c
1895 3469 2007 3494 ‘onius
