2346 3776
58 893 95 924 A.
107 895 172 929 584.

167 1056 169 1058 ’
231 1058 346 1103 nequit
373 1069 429 1100 per
455 1057 654 1100 Episcopum
682 1081 693 1097 ,

584 127 1005 181 ScHoL11S‚ET
1030 120 1664 174 NoTis'iLLUSTRATi-

225 213 326 247 lenter
350 210 539 245 ordinatum
560 205 670 239 noluit
682 204 777 248 plene
797 205 913 247 punire
925 204 1099 247 Synodus,
1124 210 1126 213 ’

1869 140 1962 187 243

1166 205 1274 247 potuit
1284 213 1348 237 tres
1358 202 1550 246 Episcopos,
1562 201 1619 246 qui
1630 201 1678 234 illi
1691 213 1806 238 manus
1817 204 2037 249 imponerent.-

225 262 365 305 ideoque
376 258 517 301 imponit
528 257 563 289 in
575 255 707 289 alterius
718 254 917 288 ordinatoris
928 255 1039 297 dejeeii
1051 255 1102 288 Se-
1162 255 1217 288 De
1226 254 1293 297 ejus
1306 263 1414 287 tamen
1427 252 1639 287 ordinatione
1657 251 1768 286 nullus
1790 265 1933 296 unquam
1958 259 2037 292 fecit

223 312 311 347 dem:
339 311 391 344 Ex
401 320 468 352 quo
479 307 589 347 claret,
600 305 692 339 illam
702 304 743 339 de
755 304 974 339 ordinationis
991 304 1102 340 valore
1163 304 1390 345 quaestionem.

226 370 295 396 nou
305 358 464 394 dubitasse
476 381 483 389 .

277 410 375 444 Liber
397 406 604 442 Pontificalis
626 405 692 440 haec
702 404 800 439 habet
812 404 854 438 de
881 405 1018 449 Pelagio
1044 404 1104 448 pri-

226 472 284 496 mo
308 483 316 491 .
343 462 424 491 Dum
447 469 504 490 non
524 458 611 500 essent
636 455 800 502 Episcopi,
825 459 878 497 qui
899 467 964 488 eum
986 457 1101 488 ordina-

227 518 295 544 rent
308 533 319 549 ,
345 515 463 541 inventi
470 506 544 551 sunt
566 509 621 540 duo
642 504 800 549 EpisbopI,
818 508 852 549 J
854 517 962 539 oannes
984 506 1021 539 de
1047 508 1103 538 Pe-

228 571 263 594 ru
274 571 320 600 10,
344 559 379 592 (9
402 561 505 595 Bonus
528 559 565 591 de
591 561 749 593 Ferentino
762 579 774 595 ‚
798 555 834 588 &⁵
855 557 992 589 Andreas
1020 553 1104 598 Pres-

228 610 304 648 luter
325 610 363 641 de
373 608 467 649 Ostia
480 633 489 647 ‚
516 609 550 641 (5
574 608 792 640 ordinaverunt
818 616 884 638 cum
911 604 1101 647 Pontificem.

228 662 399 695 Tannetum
419 670 476 693 non
488 667 574 690 erant
584 663 616 700 in
627 657 808 698 Cler0,⁴qui
831 667 896 687 eum
914 656 1026 699 paffent
1035 663 1105 696 pro-

228 721 347 747 movere
359 734 365 740 .
392 712 423 741 E
425 719 438 742 t
448 709 604 747 multitudo
615 704 822 749 Religiosorum
833 729 843 746 ,
856 707 890 738 δ’
898 708 919 738 5
920 705 1084 747 apieniium
1095 730 1105 745 ‚

228 754 459 799 &Nobiliunh
480 756 689 800 subduxerant
705 753 740 798 se
765 757 784 787 ἃ
801 762 996 795 communione
1016 757 1081 795 ejus
1096 778 1105 793 ‚

229 811 394 852 dicmur,
418 814 490 851 quia
511 812 544 840 in
573 815 667 839 morte
702 807 805 848 Vigilii
837 808 932 847 Papae
948 804 981 848 se
1012 810 1106 837 immi-

224 856 364 903 βαφεῖ,
387 867 422 891 ut
439 862 535 892 tantis
550 862 651 898 poenis
665 855 865 898 affligeretur.
893 855 1105 891 Hermannus

230 905 593 943 ContrastusAndream
606 905 699 939 illum
707 905 789 939 dicit
801 904 893 939 fuisse
905 904 1109 939 Archi-Pres-

230 958 384 1001 byterum
395 957 544 991 Ecclefiae
557 955 712 991 Ostienfis
725 958 869 989 vacantis
881 980 891 995 ,
917 967 955 989 ac
966 955 1034 998 ejus
1045 955 1107 989 effe

232 1007 443 1052 privilegium
467 1031 478 1047 ,
503 1017 540 1040 ut
561 1006 753 1046 Romanurn
777 1004 1001 1046 Pontificem,
1026 1005 1105 1044 dum

730 1057 896 1095 consecret
922 1067 978 1099 per
1013 1057 1105 1089 suum

232 1104 598 1150 Archi-Presbyterum.
627 1106 674 1139 At
694 1106 851 1150 figmenta
865 1107 956 1139 sunt.
984 1105 1109 1139 Adver-

231 1158 306 1191 sum
317 1157 541 1192 triaConcilii
554 1155 832 1191 Chalcedonensis
854 1156 1007 1199 capitula
1019 1179 1030 1195 ,
1058 1165 1112 1189 eo·
1127 1156 1129 1200 ζ

232 1218 371 1249 rumque
383 1207 587 1241 defensorem
600 1206 766 1250 vigilium
779 1205 899 1248 Papam
910 1230 922 1246 ,
949 1204 1112 1239 truculen-
1127 1201 1129 1207 '

232 1268 267 1292 ta
281 1258 402 1301 passum
412 1258 430 1290 ὸ,
441 1257 625 1300 Justiniano
634 1253 786 1299 Augusto
797 1280 807 1295 ,
828 1264 937 1299 egerat
951 1256 986 1288 in
998 1255 1111 1298 quinta

234 1307 373 1350 Synodo
384 1306 537 1350 Pelagius
554 1304 662 1338 adhuc
685 1306 856 1338 Diaconus
868 1328 878 1343 ‚
906 1304 1045 1347 ideoque
1070 1303 1111 1338 ab

233 1357 328 1391 omni
353 1355 547 1390 Occidentis
572 1354 718 1388 Ecclesia
735 1364 902 1397 tamquam
929 1353 1113 1388 Chalcedo-

232 1406 338 1440 nensis
353 1406 480 1449 Synodi
493 1405 714 1448 praevaricator
725 1428 735 1444 ‚
762 1404 794 1437 &
808 1403 927 1447 Vigilii
939 1404 1112 1437 Pontificis

1214 352 1416 396 Hujusmodi
1436 351 1586 396 exempla
1611 350 1773 386 adducere
1799 352 1914 395 possim
1940 354 2039 398 longe

1165 403 1274 446 plura.
1302 403 1414 450 Qare
1424 412 1549 436 certum
1561 403 1690 445 penitus
1700 403 1758 443 est,
1786 403 1986 446 Episcopum
2000 402 2040 436 ab

1167 464 1236 486 uno
1248 453 1412 496 Episcopo
1424 451 1529 486 valide
1539 452 1683 487 ordinari
1695 476 1702 484 .
1730 452 1788 486 Est
1805 462 1916 487 tamen
1927 462 2043 487 contra

1166 504 1322 537 Canon‘es
1334 526 1345 542 ,
1371 501 1512 546 ideo‘que
1523 502 1690 536 ordinatio
1702 502 1820 537 vitiosa
1832 527 1843 543 ‚
1870 503 1944 538 licet
1956 502 2013 535 fiat
2025 501 2044 534 a

1168 551 1354 588 Patriarcha
1378 576 1389 592 ,
1414 562 1452 585 ut
1473 551 1564 594 supra
1587 551 1605 584 ὲ
1627 551 1849 587 Theodoreto
1868 554 1901 587 &
1924 553 2043 587 Sansto

1169 602 1344 636 Ambrofio
1356 601 1541 635 audivimus
1550 600 1591 636 de
1610 603 1822 637 ordinatione
1834 602 1967 647 Evagrii
1980 626 1991 642 ‚
2002 603 2047 636 fa-

1169 654 1217 696 sta
1243 664 1298 696 per
1323 652 1501 698 Paulinum
1515 650 1743 691 Patriarcham
1769 651 2042 691 Antiochenum.

1170 704 1310 737 Causam
1321 703 1376 736 dat
1399 700 1539 736 secunda
1562 700 1715 744 synodus
1742 700 1957 736 Arelatenfis.
1984 706 2044 740 Hoc

1170 758 1260 785 etiam
1277 754 1393 795 placuit
1413 751 1545 792 custodiri
1562 775 1574 791 ‚
1600 760 1634 784 ut
1661 750 1739 784 nihil
1759 760 1862 784 contra
1883 764 2043 796 magnam,

1172 803 1341 838 Nicaenam
1353 802 1467 844 utique
1486 801 1658 844 synodum
1671 825 1682 841 ,
1707 802 1925 843 Metropolitum
1949 802 2046 841 exista·-

1171 862 1252 886 ment
1272 853 1502 896 dispensatorie
1512 853 1730 891 vindicandum
1740 877 1747 884 .
1774 851 1936 886 Romanae
1946 851 2048 885 solius

1173 902 1321 936 Ecclesiae
1345 902 1560 947 privilegium
1580 902 1625 936 est
1647 926 1657 942 ‚
1695 902 1736 936 de
1767 913 1833 945 quo
1865 901 2048 936 Ferrandus

1173 952 1368 996 Fulgentius
1391 965 1398 984 :
1426 956 1464 986 Ut
1488 963 1567 988 unus
1594 950 1758 995 Epist-opus
1784 950 1965 995 Episcopum
1990 962 2050 984 non

1172 1004 1308 1044 ordinet,
1332 1010 1459 1045 excepta
1478 1001 1605 1043 Ecclesia
1629 1005 1785 1042 Romana,
1812 1004 1905 1046 supra
1925 1013 2024 1045 quarn
2036 1025 2050 1041 ,

1173 1053 1223 1086 uti
1243 1053 1284 1087 ad
1311 1052 1486 1086 Dardaniae
1512 1052 1693 1095 Episcopos
1721 1051 1831 1086 scribit
1856 1052 2050 1087 Bonifacius

1173 1103 1315 1146 primus,
1336 1114 1396 1135 nec
1419 1102 1485 1144 ipsa
1501 1101 1798 1144 NicaenaSynodus
1826 1103 1900 1135 ausa
1926 1102 1970 1135 est
1993 1101 2051 1135 ali-

1173 1152 1253 1193 quid
1272 1151 1470 1188 constituere
1491 1175 1502 1192 ,
1530 1152 1635 1190 sciens
1655 1152 1704 1184 illi
1725 1151 1840 1187 omnia
1861 1151 2010 1185 concessa
2031 1151 2052 1184 a
2078 1154 2084 1158 '

1173 1203 1326 1245 Domino
1339 1227 1346 1234 .

1223 1253 1298 1286 Scio
1306 1251 1404 1286 nobis
1414 1251 1511 1295 obijci
1523 1251 1646 1285 litteras
1655 1249 1810 1286 Anacleti
1819 1246 2005 1290 pontificis,
2016 1251 2053 1284 &z

1175 1301 1383 1346 Apostolicas
1394 1301 1661 1336 constitutiones
1672 1302 1857 1336 Clementis
1883 1302 2029 1336 Romani
2043 1328 2051 1334 .

1174 1352 1299 1386 Verum
1312 1350 1498 1395 apocrypha
1511 1352 1586 1385 sunt
1600 1352 1675 1392 illa,
1703 1353 1738 1386 &
1757 1352 1894 1393 modicae
1914 1353 2056 1387 ειιιεΐὶοῐί1

1174 1402 1248 1437 tatis
1264 1426 1276 1443 ,
1302 1413 1361 1445 nec
1374 1402 1470 1436 nobis
1483 1401 1704 1436 adversantur.

2063 578 2133 616 Cap.
2149 578 2198 612 270'

227 1457 416 1502 persecutor
427 1479 439 1496 ,
456 1454 624 1489 derelictus
635 1478 647 1494 ‚
673 1454 777 1488 necin
789 1455 854 1506 ipsa
868 1453 962 1490 Italia
973 1454 1110 1502 reperire
1156 1505 1159 1509 ἡ

484 1748 520 1791 Ε
545 1743 611 1790 his
634 1744 712 1808 qui
736 1746 1039 1792 communione
1063 1744 1290 1814 privantur
1311 1779 1325 1803 ,
1363 1741 1432 1791 seu
1456 1760 1508 1791 ex
1532 1744 1665 1793 Clero
1687 1779 1700 1803 ,
1737 1742 1806 1791 seu
1842 1763 1894 1794 ex
1930 1747 2066 1793 Laieo

519 1811 705 1872 ordine,⁴
729 1813 786 1866 ab
810 1813 1034 1880 Episcopis
1059 1831 1135 1880 per
1161 1830 1512 1879 unamquamque
1548 1816 1825 1863 Provinciam
1849 1853 1862 1877 ‚
1898 1814 2066 1865 senten-

520 1887 582 1932 tia
617 1885 819 1945 regularis
854 1883 1051 1932 obtineat
1074 1920 1087 1943 ‚
1124 1898 1171 1931 ut
1207 1883 1289 1943 hi,
1325 1886 1403 1950 qui
1440 1883 1729 1947 abjiciuntur,
1766 1883 1823 1932 ab
1855 1887 1952 1934 aliis
1977 1902 2068 1936 non

518 1955 804 2019 recipiantur.
840 1957 1103 2020 Requiratur
1139 1968 1284 2001 autern
1309 1989 1322 2013 ‚
1358 1971 1412 2002 ne
1447 1954 1826 2020 pusillanimitate,
1863 1973 1938 2005 aut
1962 1973 2067 2005 con-

238 2024 435 2074 tentione
469 2059 483 2083 ,
530 2038 604 2071 aut
640 2024 728 2074 alio
764 2023 964 2089 quolibet
999 2022 1203 2090 Episcopi
1239 2025 1353 2071 vitio
1399 2022 1598 2077 videatur
1634 2023 1660 2072 a
1695 2029 2071 2090 congregation&

239 2091 418 2142 seclusus
443 2129 456 2140 .
494 2097 559 2144 Ut
596 2093 678 2141 hoc
713 2111 815 2156 ergo
850 2092 1073 2143 decentius
1109 2094 1356 2160 inquiratur
1383 2129 1397 2154 ,
1433 2093 1542 2155 bene
1578 2095 1744 2161 placuit
1779 2131 1792 2154 ,
1829 2099 1951 2145 annis
1987 2097 2070 2145 sm-

238 2163 352 2231 gulis
387 2180 464 2229 per
498 2179 860 2229 unamquamque.
894 2165 1170 2217 Provinciam
1206 2161 1273 2211 bis
1321 2165 1367 2217 in
1414 2180 1528 2215 anno
1576 2165 1779 2219 Concilia
1823 2168 2070 2226 celebrari,

238 2248 290 2283 ut
324 2235 613 2282 communiter
646 2232 847 2282 omnibus
882 2234 1003 2283 simul
1039 2231 1261 2300 Episcopis
1297 2236 1570 2297 congregatis
1605 2236 1845 2286 Provinciae
1882 2274 1894 2298 ‚
1930 2236 2073 2294 discu-⁴

238 2305 405 2351 tiantur
440 2301 678 2370 hujusmodi
714 2303 965 2369 quaestiones
1001 2340 1014 2351 .
1076 2307 1133 2351 Et
1169 2303 1225 2352 fic
1249 2339 1262 2364 ‚
1299 2307 1377 2370 qui
1413 2301 1487 2353 suo
1523 2308 1798 2371 peccaverint
1845 2307 2070 2364 evidenter

240 2370 459 2441 Episcopo
495 2410 507 2433 ‚
555 2376 918 2426 excommunicati
954 2372 1268 2424 rationabiliter
1321 2374 1378 2422 ab
1412 2374 1612 2425 omnibus
1649 2375 1907 2429 aestimentur
1942 2415 1955 2438 ‚
2003 2376 2068 2426 us-

243 2460 422 2508 quequo
456 2444 526 2491 vel
563 2446 608 2490 in
643 2447 866 2492 communi
892 2481 905 2503 ,
953 2445 1023 2493 vel
1060 2441 1278 2510 Episcopo
1312 2445 1482 2511 placeat
1519 2444 1817 2495 humaniorem
1853 2466 1934 2514 pro
1969 2449 2069 2496 tali-

243 2511 324 2559 bus
362 2510 468 2561 ferre
502 2511 756 2564 sententiam
781 2550 793 2562 .
831 2515 1033 2563 Concilia
1068 2512 1173 2562 vero
1209 2513 1477 2575 celebrentur
1498 2551 1513 2574 ,
1549 2533 1681 2564 unum
1718 2516 1897 2582 quidem
1934 2524 2072 2574 ante&¹

245 2579 624 2650 Qadragefimam
660 2582 864 2641 Paschae3
901 2599 949 2632 ut
984 2586 1104 2632 omni
1139 2581 1391 2633 dissentione
1426 2583 1592 2632 sublata
1616 2621 1629 2645 ,
1677 2603 1830 2636 munus
1867 2585 2068 2637 offeratur

244 2654 346 2700 Deo
380 2651 668 2719 purissimum3
706 2651 936 2706 secundum
971 2654 1077 2703 vero
1113 2656 1229 2703 circa
1264 2670 1434 2726 tempus
1471 2657 1694 2710 autumni.

471 2796 891 2843 SCHOLION.

1190 2798 1388 2840 fraenumque
1408 2795 1512 2838 injicit
1525 2795 1651 2830 aufibus
1671 2797 1804 2831 futuris.
1834 2797 1887 2831 Eo
1911 2794 2068 2832 Aurelius

1191 2845 1457 2890 Carthaginenfis
1469 2870 1479 2885 ‚
1490 2845 1611 2889 aliique
1625 2845 1774 2880 Africani
1789 2846 1963 2891 Episcopi,
1989 2858 2067 2882 cum

1192 2896 1347 2931 Romana
1369 2895 1513 2931 Ecclesia
1542 2895 1583 2929 de
1616 2895 1904 2939 Appellationibus
1930 2907 2068 2931 conten-

1190 2946 1325 2985 denteS,
1352 2944 1482 2988 pessime
1495 2944 1582 2978 abusi
1608 2947 1702 2985 sunt,
1728 2955 1879 2989 putantes
1905 2946 2068 2981 Nationap

1189 2995 1271 3029 lium
1294 2995 1504 3037 synodorum
1525 2995 1686 3037 judicium
1706 2995 1748 3034 ab
1769 2994 1829 3030 illo
1854 2994 1952 3035 statui
1976 2997 2065 3039 inap‘

1189 3044 1343 3088 pellabile
1358 3069 1366 3077 .

1238 3094 1341 3128 Porro
1370 3106 1436 3128 vox
1461 3100 1618 3127 communio
1649 3096 1797 3130 latiffime
1821 3096 1981 3140 accipitur
2007 3107 2066 3139 pro

1188 3144 1394 3188 omnigradu
1416 3143 1692 3186 Christianitatis,
1721 3146 1826 3180 Laico
1837 3158 1874 3180 ac
1890 3146 2063 3180 Clericali.

1189 3194 1236 3227 lta
1264 3193 1356 3227 illam
1384 3193 1572 3229 intellexere
1594 3195 1671 3228 disti
1701 3193 1854 3232 Africani
1886 3196 2066 3239 Episcopi,

1189 3255 1264 3277 cum
1283 3245 1337 3278 sua
1368 3243 1506 3286 Synodo
1534 3243 1740 3286 Anastafius,
1767 3245 1908 3289 Ancyrae
1933 3246 2067 3288 Episco-

1190 3304 1248 3336 pus
1270 3317 1280 3332 ‚
1308 3293 1416 3335 primae
1448 3292 1585 3329 Galatiae
1609 3294 1826 3340 Metropolita
1847 3319 1859 3336 ‚
1888 3295 1924 3329 in
1950 3294 2065 3330 litteris

1191 3344 1260 3387 post
1279 3342 1452 3385 synodum
1471 3341 1777 3380 chalcedonensem
1802 3344 2003 3383 exstantibus
2023 3342 2064 3380 ad
2081 3340 2217 3381 Epist·57·

1189 3394 1336 3428 Leonem
1363 3392 1575 3437 Augustum,
1595 3394 1724 3436 >aliique
1743 3397 1867 3439 semper
1883 3406 2013 3429 omnes.

1238 3441 1360 3476 Nullos
1371 3442 1449 3476 item
1459 3444 1693 3486 frequentiores
1703 3443 1861 3479 habemus
1884 3446 1932 3478 Ca
1938 3453 2038 3477 nones
2050 3463 2065 3483 ‚

1189 3491 1286 3537 quam
1308 3491 1350 3529 de
1371 3491 1630 3528 Provincialium
1656 3494 1867 3537 synodorum
1898 3492 2066 3534 utilitate,

1535 3543 1573 3580 H
1593 3541 1617 3577 h
1666 3554 1691 3584 2
1886 3539 2016 3579 necesst-

74 2938 104 2970 Ῐ-·
118 2945 141 2965 1·
163 2945 228 2972 ‘³⁰4'
345 2947 489 2979 Lienum
510 2951 836 2979 excommunicatum
858 2946 893 2979 in
921 2950 1128 2979 communio-

372 3005 448 3027 nem
470 2993 570 3037 recipi
596 3003 681 3028 vetat
704 2995 860 3028 omnibus
884 2995 1055 3038 Episcopis
1069 2996 1127 3029 Ca-

251 3056 321 3079 non
331 3042 544 3087 Apostolicus
557 3067 568 3083 ,
593 3044 641 3078 uti
651 3044 738 3087 apud
750 3044 1005 3080 Theodoretum
1019 3045 1127 3079 scribit

251 3094 292 3129 ad
319 3092 545 3127 Alexandrum
562 3093 970 3138 Constantinopolitanum
984 3095 1125 3130 Alexan-

252 3143 309 3185 der
320 3145 499 3187 Episcopus
520 3142 782 3177 Alexandrinus.
810 3144 887 3187 Ejus
908 3145 1123 3188 praevaricatio

253 3193 450 3237 quandoque
461 3193 654 3237 graveslites
665 3193 812 3229 Ecclefiae
830 3195 951 3228 movit.
978 3195 1022 3228 ln.
1042 3193 1126 3228 Ario

254 3253 308 3285 per
319 3243 529 3287 posteriorem
542 3242 768 3277 Alexandrum
780 3243 938 3277 damnato
948 3242 1127 3279 insolentis-

254 3291 331 3326 fime
355 3294 576 3336 praevaticatus
587 3294 648 3328 fuit
674 3292 833 3328 Eusebius
850 3293 1128 3334 Nicomediensis,

256 3340 367 3383 Regiae
389 3342 476 3376 urbis
502 3344 702 3386 Episcopatu
723 3367 733 3383 ‚
759 3343 794 3379 &
819 3343 1032 3379 Constantini
1059 3343 1129 3378 Au-

256 3389 635 3437 gusticonssnguinitate
647 3391 811 3433 tumidus,
838 3392 1000 3437 turbisque
1032 3393 1146 3428 affue-'

258 3449 334 3479 tus,
360 3442 471 3482 utpote
482 3443 609 3477 secutus
622 3453 835 3486 nuperpartes
862 3443 1001 3476 Licinii.
1031 3443 1129 3477 Illum

254 3499 335 3534 ergo
347 3488 390 3522 adr
409 3489 588 3528 Alexandri
615 3504 724 3536 preces
742 3493 818 3527 ferit
841 3491 959 3529 Canon
969 3494 1143 3537 praesenu

356 3541 490 3584 canones
503 3545 659 3578 ConaNic.
673 3545 778 3576 TomJ.
