2346 3776
130 1054 195 1091 1..3.
209 1058 284 1085 τηε.

381 112 478 160 344
548 98 831 145 Canon-es
864 98 1167 142 concuti
1201 87 1943 147 Coueraurruorc'hwaur

299 180 453 227 perillam
466 204 477 221 ,
503 190 562 223 qua
574 180 765 213 Per-nitenti&
782 179 905 221 frullm
920 177 1076 220 perficitur
1088 201 1095 209 .
1124 175 1187 210 Po·
1203 185 1206 190 ·
1233 175 1301 209 'lEt
1326 175 1430 211 Graeci
1443 176 1568 222 igitur-3
1588 179 1629 213 ¹&
1648 179 1741 213 'Galli
1755 204 1765 219 ‚
1787 179 1900 214 ‘immo
1920 166 2136 226 &Hispanffi

303 228 355 262 nit
382 229 552 265 discrimen
578 230 665 270 ,inter
686 229 855 263 haereticos
882 239 978 262 natos
1003 228 1038 261 &
1062 227 1192 270 lapsos.

306 277 369 313 hos
379 279 492 314 dicens
505 292 559 323 per
569 291 686 314 manus
709 278 952 321 impositionem
977 278 1014 311 in
1034 277 1192 321 poeniten-

305 328 387 367 tiam
415 355 426 371 ,
464 330 542 365 istos
563 328 767 372 recipiendos
794 338 850 371 per
872 339 989 362 manus
1012 327 1191 371 impositio-

306 390 382 413 nem
405 380 441 413 in
470 381 612 414 sanctum
635 379 795 421 Spiritum
816 403 824 411 .
853 378 960 426 Qod
981 379 1092 422 ipsum
1114 378 1191 412 San·

306 430 374 463 ssus
415 430 602 473 Cyprianus
625 430 812 471 frequenter
833 453 844 469 ‚
869 429 1005 467 Sanctus
1028 428 1100 462 Leo
1122 438 1190 462 tna-

306 491 391 524 gnus
414 480 448 513 in
471 479 566 511 variis
586 477 743 522 Epistolis
765 502 776 519 ,
799 478 834 512 δε
862 478 997 513 Sanstus
1019 479 1189 526 Hierony-

306 540 379 564 mus
400 530 435 562 in
456 528 592 573 dialogo
614 538 729 562 contra
745 529 975 563 Luciferianos
1000 528 1108 563 lucide
1130 538 1191 562 tra-

305 578 391 613 dunt
412 603 420 609 .
459 578 506 613 Et
530 579 610 612 hinc
632 577 789 621 Stephani
817 579 994 627 Pontificis
1020 578 1189 613 laudatum

305 628 494 670 decretum,
526 627 637 662 uanus
657 630 701 662 illi
713 635 884 671 imponatur
908 635 941 663 in
955 632 1191 669 Panaenum,

306 678 518 721 depravatum
541 680 644 715 credit
672 679 760 714 idem
783 679 940 713 Morinus
963 704 974 719 ,
1002 678 1195 723 legendum·

299 740 371 773 que
384 753 396 770 ‚
421 731 533 763 Manus
553 735 724 772 imponatur
742 736 776 763 in
789 730 933 763 SanHum
945 731 1115 771 Spiritum.

358 781 477 814 Fateor
503 791 639 826 manum
666 779 824 814 haereticis
850 780 935 814 natis
962 779 1090 823 imponi
1118 778 1189 813 soli·

304 839 373 868 tam
400 830 514 873 pamm
539 830 581 864 ab
606 831 756 865 Ecclefiae
783 829 936 864 Patribus
961 829 1028 865 dici
1055 840 1191 863 manum

307 882 342 915 in
366 882 525 926 Spiritum
547 882 691 915 sanetum
712 905 720 912 .
747 879 912 922 Nunquid
935 879 1012 915 ideo
1035 890 1104 914 non
1127 889 1191 923 poe·

308 931 495 966 nitentialis
520 931 533 964 ἕ
566 929 660 964 Absit
686 954 694 962 .
733 930 902 964 Arcanum
930 930 1034 974 aperit
1059 931 1194 964 Sanetus

305 980 516 1025 Augustinus
537 981 677 1014 inlibris
698 980 738 1014 de
750 980 920 1024 Baptismo
948 991 1065 1014 contra
1079 980 1191 1014 Dona-

305 1030 413 1065 tistas:
440 1032 572 1073 spiritus
594 1040 696 1065 autem
711 1029 840 1074 fundus
854 1031 937 1074 quod
954 1036 987 1064 in
1001 1028 1067 1074 fila
1098 1029 1195 1063 catho-

304 1083 362 1115 lica
372 1090 430 1123 per
445 1093 555 1114 manus
577 1080 785 1123 impofitionem
797 1082 868 1114 dari
890 1082 1000 1121 dicitur
1014 1107 1023 1123 ‚
1049 1086 1192 1114 nimirum

308 1130 358 1165 boc
371 1133 497 1176 intelligi
510 1133 643 1172 Majores
661 1131 755 1172 nestri
777 1134 957 1171 voluerum,
983 1132 1063 1174 quod
1083 1130 1193 1172 Aposto-

306 1183 354 1215 Ius
365 1188 413 1215 ait
427 1207 438 1222 ,
463 1181 710 1230 QJONIAM
738 1181 989 1216 CHARlTAS
1007 1181 1195 1216 DE1D1F-

307 1232 436 1267 FUSA
474 1231 563 1265 EST
601 1232 653 1264 ΙΝ
691 1231 940 1266 CORDlBUS
990 1230 1194 1266 NOSTRIS

306 1281 399 1315 PER
428 1278 671 1316 SPIRITUM
695 1281 970 1321 SANCTUM,
996 1281 1094 1330 QUI
1110 1279 1192 1314 DA-

306 1331 410 1366 TUS
437 1331 535 1366 EST
559 1331 700 1366 NOBIS
723 1358 730 1365 .
771 1329 843 1375 Ipsa
866 1331 906 1372 est
931 1338 1010 1365 enim
1036 1331 1193 1370 charitas,

306 1394 398 1425 quam
417 1394 475 1415 non
499 1380 610 1414 habent
623 1407 632 1422 ‚
660 1387 712 1425 qut
733 1382 771 1414 ab
784 1381 918 1423 Ecclefiae
934 1381 1096 1415 Catholtcae
1121 1393 1195 1414 com-

305 1438 446 1466 munione
462 1431 583 1474 praectfi
594 1430 687 1475 sunt.
717 1437 758 1465 Ac
775 1441 832 1473 per
842 1432 893 1465 hoc
913 1432 992 1465 νεᾶδ
1014 1433 1193 1475 intelligitur

306 1484 365 1515 dici
387 1494 444 1515 non
468 1488 562 1524 accipi
575 1506 585 1521 ,
611 1482 662 1521 nist
675 1488 706 1514 in
731 1481 887 1514 Catholzca
909 1484 1039 1523 spiritu:
1047 1479 1191 1523 sanHus.

189 1570 199 1583 “
244 1561 289 1589 23·
308 1534 352 1567 Et
364 1532 398 1565 in
413 1531 480 1566 alio
492 1531 639 1575 ejusdem
649 1531 757 1575 operis
768 1532 863 1564 loco:
893 1534 1017 1574 Propter
1029 1531 1193 1564 charitatis

308 1591 411 1619 autem
421 1583 635 1626 ‘epulationem
646 1606 657 1622 ,
682 1582 764 1624 quod
770 1581 808 1621 est
821 1588 994 1614 maximum
1009 1583 1118 1629 donum
1129 1580 1192 1622 spi?

305 1639 388 1668 ritus
409 1630 509 1676 sanc‘h
520 1655 531 1671 ,
557 1642 666 1663 manus
691 1630 840 1663 baerericis
850 1631 986 1663 correffls
1010 1635 1172 1671 imponitur
1185 1653 1192 1661 .

307 1683 390 1716 Hoc
411 1682 481 1722 est,
508 1691 645 1714 manum
668 1680 786 1720 istam,
813 1679 890 1717 licet
913 1679 1194 1723 paenitentialem,

307 1732 456 1776 Majores
467 1730 567 1766 nostri
581 1730 694 1774 paffim
711 1741 869 1764 vocavere
881 1740 1021 1764 manum·
1041 1730 1076 1763 in
1099 1729 1195 1772 Spiri-

307 1793 380 1817 tum
407 1782 552 1816 sanetum
580 1806 590 1821 ‚
617 1790 653 1814 ut
675 1781 720 1814 ita
740 1791 856 1814 omnes
882 1780 923 1813 ad
946 1779 1122 1813 Ecclesiam
1145 1791 1195 1812 vev

304 1834 438 1872 vientes
472 1831 613 1868 haeretici
635 1831 670 1865 in
705 1831 775 1874 ipso
798 1830 941 1874 ingressu
967 1830 1193 1873 profiterentur

306 1882 448 1922 nullibi,
479 1882 536 1915 nisi
548 1882 582 1914 in
597 1879 771 1915 Catholica
784 1880 846 1914 esse
858 1879 1013 1923 Spiritum
1036 1880 1193 1918 santium,

306 1933 433 1968 &ideo
449 1932 479 1966 se
490 1931 530 1966 ad
546 1930 637 1964 illam
650 1930 760 1965 venire
771 1955 781 1971 ,
809 1940 846 1964 ut
858 1929 898 1963 ab
913 1931 978 1973 ipsa
999 1929 1089 1964 hunc
1113 1930 1195 1964 a'coi·

303 1985 402 2033 piant
416 2007 427 2023 ‚
454 1993 551 2025 quem
564 1981 644 2015 alibi
671 1992 732 2015 nec
743 1992 798 2025 per
810 1981 914 2024 ipsum
930 1981 1087 2026 baptisma
1102 2004 1113 2021 ‚
1137 1989 1194 2014 aut

306 2033 400 2068 aliud
415 2032 557 2076 quodvis
579 2032 825 2067 Sacramentum
846 2041 1035 2074 acceperant
1061 2041 1119 2065 aut
1139 2041 1205 2074 po-¹

313 2093 444 2119 tuerant
456 2082 601 2125 accipere
613 2107 621 2114 .
647 2081 815 2130 roirca
838 2080 931 2124 lapfis
956 2082 990 2115 &
1002 2082 1087 2115 natis
1100 2079 1194 2114 haerev

308 2134 385 2170 sicis
398 2130 626 2176 imponebatur
638 2143 754 2166 manus
765 2132 828 2165 alia
842 2132 876 2165 ἀ
887 2131 950 2164 alia
960 2155 971 2172 ‚
999 2131 1030 2164 id
1043 2132 1087 2165 est
1099 2156 1109 2171 ‚
1121 2131 1195 2164 aliis

316 2183 499 2230 purgativis
513 2182 681 2225 precibus,
707 2182 741 2215 δε
766 2181 882 2220 ritibus
894 2181 1030 2222 vestita,
1057 2191 1193 2224 utraque

310 2245 422 2269 tamen
447 2231 683 2279 poenitentialis
707 2256 715 2264 .
752 2231 827 2266 Nec
847 2231 937 2265 aliud
968 2231 1052 2265 dicit
1073 2230 1194 2275 Vigilii

311 2286 484 2320 decretum
496 2309 503 2316 .
533 2281 638 2316 Porro
649 2279 806 2325 Stephani
817 2281 985 2316 decretum
1000 2306 1011 2322 ,
1037 2282 1071 2314 in
1086 2281 1194 2316 Sansti

312 2334 475 2380 Cypriani
508 2331 781 2368 litterisfidiffime
792 2331 1018 2371 custoditum,
1043 2330 1196 2375 deprava-

311 2385 417 2420 tionis
429 2394 562 2429 arguere
573 2408 584 2424 ,
593 2383 639 2417 est
662 2383 696 2416 in
715 2381 957 2426 probatissimos
969 2381 1117 2416 Ecclesia:
1129 2379 1196 2415 the-

312 2438 423 2470 sauros
446 2460 456 2477 ‚
485 2433 543 2468 sub
571 2432 782 2470 correctionis
802 2434 881 2467 fuco
902 2457 914 2474 ,
946 2431 1125 2466 insolenter
1148 2431 1197 2464 ni-

314 2487 419 2519 mium
440 2484 570 2529 grassari
603 2508 610 2515 .
637 2483 787 2517 Eandem
809 2481 889 2527 ergo
910 2493 1046 2516 manum
1068 2481 1194 2523 antiqui

313 2535 427 2572 Patres
438 2533 636 2577 quandoque
650 2533 684 2566 in
699 2533 925 2576 poenitentiatn
937 2531 1052 2566 dicunt
1064 2555 1075 2572 ,
1098 2542 1199 2576 quan·

314 2585 427 2629 doque
447 2584 482 2616 in
505 2583 663 2626 Spiritum
685 2583 830 2616 sanctum
843 2595 854 2614 i·
868 2581 984 2627 :Qud
1004 2593 1121 2625 nempe
1134 2591 1198 2624 poe·

316 2633 500 2670 nitentialis
510 2634 612 2672 esset=5
636 2631 689 2666 sed
701 2630 809 2675 quain
823 2629 960 2674 simplex
984 2631 1019 2665 &
1037 2631 1174 2664 viduum
1188 2654 1199 2671 ,

318 2694 489 2727 acceptum
510 2683 545 2717 in
569 2680 676 2715 haerefi
704 2678 942 2716 autschismate
957 2705 967 2721 ‚
996 2680 1198 2724 Baptismum

320 2732 590 2775 introducebatur
602 2731 740 2776 Spiritus
754 2733 879 2765 sanetus
891 2756 899 2767 2

370 2786 421 2819 Ex
433 2782 556 2818 eisdem
569 2782 737 2827 principiis
748 2781 935 2816 Grae‘carum
949 2782 984 2816 ὄσ.
997 2780 1199 2815 Gallicarum

320 2835 535 2872 Ecclefiarum
547 2833 659 2867 unitio
674 2843 778 2874 nequa
827 2843 879 2865 am
895 2831 956 2866 fuit
976 2831 1199 2865 confirmatio-

319 2887 372 2924 nis
385 2886 640 2920 Sacramentum.
669 2844 917 2926 Etenirx'fssirima
932 2881 1084 2925 Synodus
1099 2882 1202 2915 Arau-

322 2936 429 2970 ficana
443 2959 453 2975 ,
480 2934 619 2967 secunda
633 2932 831 2967 Arelatensis
841 2956 851 2972 ,
864 2943 902 2966 ac
914 2931 1126 2975 Epaonensis‚
1141 2930 1202 2964 hae-

322 2985 462 3020 reticutn
481 3008 492 3025 ‚
521 2984 555 3017 in
585 2985 650 3017 fine
673 2984 746 3016 vitae
773 2982 992 3027 postulantem
1015 2981 1146 3015 admitti
1167 2981 1201 3014 in

323 3035 502 3069 Ecclesiam
530 3058 541 3076 2
579 3033 775 3077 permittunt
803 3056 813 3073 ,
841 3032 863 3066 si
891 3031 972 3066 desit
998 3032 1202 3075 Episcopus,

325 3086 404 3129 ungi
419 3085 435 3117 a
451 3084 666 3126 Presbyzeroz
696 3081 743 3116 At
764 3081 841 3115 vero
865 3081 1038 3116 Gallicana
1060 3077 1216 3122 Ecclesia}

328 3134 605 3167 confirmationis
616 3134 860 3167 Sacramentum
880 3129 1021 3165 omnino
1034 3123 1215 3175 nunquamf

328 3184 465 3227 permisit
487 3194 540 3227 per
566 3182 775 3226 presbyteros
793 3182 863 3217 dari
890 3207 897 3214 .
939 3182 983 3215 Et
1009 3171 1216 3215 unctionem*

328 3230 415 3266 hanc
427 3243 492 3264 non
506 3232 634 3266 tantum
647 3233 787 3276 permisit
797 3258 808 3273 ,
836 3231 889 3266 sed
916 3232 948 3265 δε
963 3231 1114 3275 probavit
1137 3231 1203 3265 Ro·

1257 237 1418 267 manum,
1443 238 1542 271 quam
1570 228 1656 262 natis
1679 230 1830 264 &valide
1850 230 2020 274 baptizatis
2043 232 2138 268 haere·

1256 275 1330 310 ticis
1341 277 1558 320 imponebant
1570 302 1582 318 ‚
1608 278 1772 315 ornabant
1782 282 1871 315 sacro
1878 279 2055 317 chrismate
2068 307 2079 323 ,
2100 290 2139 320 ut

1255 327 1429 369 expressius
1438 325 1699 363 demonstrarent
1717 340 1774 373 per
1786 330 1887 366 ‘illam
1900 330 1968 367 dari
1979 332 2139 377 Spiritum

1257 378 1423 418 santium,
1448 388 1546 420 quem
1569 377 1621 411 isti
1644 378 1685 412 ad
1699 379 1754 413 sua
1775 379 1920 424 separata
1939 383 2053 418 altaria
2077 394 2141 418 uec
2203 372 2214 385 ⁵

1255 437 1466 471 acceperant,
1494 439 1554 462 nec
1574 437 1751 471 potuerant
1783 432 1959 474 accepisse.
1985 432 2141 468 Chrisma

1254 477 1345 510 enim
1357 477 1403 511 est
1415 478 1564 521 proprius
1593 478 1842 525 typusSpiritus
1865 482 1964 517 saneti
1979 508 1987 517 .
2011 493 2015 495 ·

1306 525 1621 562 Praeterea&Graeci
1636 552 1648 569 ,
1674 528 1836 570 &Galli,
1861 531 2052 577 &Hispani
2080 545 2141 568 un-

1255 575 1378 622 gebant
1399 577 1487 612 solos
1508 577 1676 613 haereticos
1699 589 1795 613 natos
1817 592 1827 622 3
1853 581 2140 624 lapsossnoma-

1256 639 1301 661 no
1320 639 1413 662 more
1435 652 1447 668 ‚
1484 627 1650 673 cogebant
1668 630 1709 662 ad
1732 630 1863 672 plenam
1885 633 2137 674 poenitentiam.

1257 677 1444 722 Ungebant
1457 678 1536 712 item
1549 679 1636 713 solos
1646 679 1771 721 laicos,
1797 692 1835 714 ac
1849 681 2018 717 inferiores
2034 687 2139 728 usque

1255 727 1295 762 ad
1319 728 1566 763 Subdiaconum
1589 729 1737 764 Clericos
1756 754 1768 770 ,
1794 729 1914 775 quibus
1931 733 2034 767 etiam
2059 734 2140 768 solis

1257 778 1486 812 Romanorum
1500 780 1607 813 ritum
1628 781 1800 825 sequentes
1827 780 1979 816 Ecclefiae
2001 793 2140 819 manum

1257 828 1471 872 imponebant
1485 854 1492 862 .
1520 828 1700 864 Rationem
1721 831 1793 865 dixi
1818 831 1910 875 supra
1932 832 1974 867 ad
2002 832 2139 867 undeci-

1256 889 1348 913 mum
1361 879 1538 913 canonem
1549 878 1726 915 Nicaenum
1740 905 1750 922 ,
1778 882 1902 925 suoque
1926 883 2004 918 loco
2023 882 2136 918 dicam

1257 928 1395 974 largius.
1421 928 1512 963 Nam
1524 928 1558 963 ἀ
1569 931 1799 966 υηέἰαόείῑοεα
1818 942 1934 967 manus
1947 943 2015 968 erat
2026 932 2139 968 Poeni'-

1256 979 1400 1013 tentialis
1426 1003 1437 1019 ‚
1474 978 1617 1023 ideoque
1655 992 1769 1015 neutra
1792 982 2003 1017 admovenda
2036 982 2139 1028 capiti

1258 1030 1497 1073 Episcoporum
1520 1054 1531 1070 ‚
1558 1029 1827 1074 Presbyterorum
1847 1055 1858 1071 ,
1883 1032 2139 1074 Diaconorum,

1257 1079 1302 1113 ob
1313 1081 1527 1114 reverentiam
1542 1079 1689 1114 sublimis
1715 1082 1749 1115 in
1764 1081 1987 1118 Ecclesiastica
2007 1084 2141 1118 ordina·

1258 1131 1351 1164 tione
1365 1130 1501 1173 suscepti
1516 1130 1735 1165 Sacramenti.
1764 1132 1809 1166 Et
1833 1129 1914 1166 hinc
1932 1134 2065 1175 octavus
2077 1132 2142 1167 Ni-

1258 1191 1364 1214 caenus
1376 1180 1495 1214 Canon
1509 1204 1520 1220 ‚
1548 1180 1745 1224 recipiendis
1757 1182 2051 1216 Novatianenfium
2060 1182 2140 1216 Cle-

1259 1231 1332 1264 ricis
1354 1231 1459 1275 figens
1481 1229 1616 1266 modurn
1634 1255 1644 1270 ‚
1672 1243 1733 1266 nec
1756 1233 1860 1267 unstae
1880 1243 1941 1266 nec
1962 1233 2051 1267 siccae
2074 1243 2140 1266 ma·

1260 1292 1320 1314 nus
1333 1281 1485 1314 meminit
1496 1294 1509 1314 ·.·
1534 1280 1822 1329 Qodproesertim
1841 1282 1882 1316 de
1896 1281 2070 1327 Episcopis
2080 1281 2140 1316 sta·

1260 1341 1381 1370 rueret,
1410 1331 1443 1364 δε
1474 1330 1613 1365 Clericis
1633 1331 1827 1375 majoribus.
2133 1353 2137 1359 ι

1310 1380 1421 1423 Objici
1446 1381 1540 1423 posfit
1567 1380 1673 1415 brevis
1688 1383 1723 1416 ὅ(
1753 1392 1849 1417 vetus
1862 1382 2025 1427 Epilogus
2035 1385 2141 1427 Syno-

1259 1432 1291 1465 di
1319 1431 1480 1464 Romanae
1517 1431 1576 1464 sub
1602 1433 1725 1466 Sansto
1749 1432 1914 1476 Sylvestro
1951 1431 2136 1467 pontifice.

1259 1480 1417 1520 Constituit
1440 1481 1473 1513 in
1502 1480 1587 1514 dista
1608 1482 1748 1524 Synodo
1771 1482 1942 1528 Sylvester‘
1958 1482 2140 1523 Pontifex,

1259 1541 1292 1564 ut
1318 1530 1524 1569 Presbyterum
1544 1535 1695 1563 Artanum
1715 1531 1928 1574 refipiscemem
1946 1544 2030 1566 nemo
2046 1531 2140 1577 sitsi-t-

1256 1589 1342 1623 peret
1360 1605 1372 1621 ,
1397 1579 1453 1621 m'fi
1468 1579 1635 1623 Episcopus
1654 1579 1786 1622 ejusde'm
1805 1582 1859 1614 loci
1884 1593 1952 1615 eum
1974 1584 2139 1616 reconcilia·

1258 1639 1305 1663 ret
1318 1654 1328 1670 ,
1355 1631 1390 1662 (5
1404 1627 1513 1671 sacros
1508 1629 1593 1661 ando
1615 1629 1774 1672 cbrlfinaete
1785 1639 1844 1671 per
1867 1629 2057 1674 Episcopatu
2075 1644 2139 1665 ma·

1260 1691 1317 1712 nus
1339 1677 1544 1720 impqh‘tionem
1559 1676 1662 1720 sandi
1682 1681 1813 1719 spiritus
1830 1686 1940 1723 gratia
1963 1704 1975 1720 ,
1995 1687 2079 1728 ,με
2095 1681 2138 1714 αὑ

1259 1729 1408 1762 haereticis
1419 1729 1490 1760 dari
1514 1739 1571 1760 non
1579 1727 1693 1769 potest,
1719 1727 1928 1772 confirmarer.
1954 1729 2009 1763 Ex
2020 1728 2138 1774 quibus

1261 1778 1366 1813 verbis
1389 1779 1516 1822 liquent
1537 1778 1597 1811 tria
1621 1777 1715 1814 distis
1735 1778 1854 1814 nostris
1877 1779 2010 1814 adver-sa
2029 1783 2042 1813 ’.
2069 1778 2142 1815 Pn-

1261 1829 1316 1862 mo
1330 1852 1341 1868 ,
1367 1828 1458 1871 quod
1481 1827 1583 1862 etiam
1595 1827 1749 1863 Romana
1769 1827 1913 1863 Ecclesia
1927 1828 2072 1864 Arianos
2093 1841 2141 1866 re·

1258 1880 1398 1913 deuntes
1411 1878 1560 1912 unxerit.
1587 1878 1763 1920 Secundo,
1790 1879 1881 1924 quod
1894 1881 2023 1914 unxerit
2033 1880 2139 1915 etiam

1258 1929 1469 1973 presbyteros
1488 1953 1495 1961 .
1522 1927 1644 1962 Tertio
1664 1954 1674 1969 ,
1710 1929 1800 1973 quod
1825 1929 1885 1964 ista
1907 1930 2021 1965 unctio
2040 1930 2139 1965 fuerit

1259 1981 1364 2024 ipsum
1377 1979 1622 2014 Sacramentum
1634 1978 1908 2014 Confirmatiouis
1920 2005 1927 2012 .

1308 2018 1510 2073 Resssondeo
1523 2029 1705 2074 Epilogum
1728 2028 1818 2064 hunc
1837 2030 1903 2064 effe
1923 2028 2072 2065 hominis
2081 2029 2139 2064 ob-

1260 2081 1338 2115 scuri
1351 2080 1385 2114 &
1397 2079 1534 2123 impuri.
1564 2078 1682 2123 Longe
1693 2079 1788 2113 aliter
1798 2079 1944 2125 loquitur
1955 2079 2039 2115 liber
2050 2079 2139 2114 Pon-

1259 2131 1390 2164 tificalis
1412 2130 1446 2163 in
1474 2129 1540 2162 vita
1556 2129 1663 2163 Saneti
1688 2129 1842 2173 Sylvestri
1861 2156 1868 2163 .
1896 2130 2077 2172 Constituit,
2102 2138 2137 2162 uu

1261 2180 1416 2218 Presbyter
1443 2183 1589 2212 Aricinum
1623 2178 1834 2222 refipiscentem
1861 2192 1919 2214 nm
1950 2178 2137 2224 filimerem

1259 2229 1315 2272 nifi
1330 2227 1495 2272 Episcopus
1524 2229 1577 2261 loci
1600 2229 1762 2272 defignaret
1787 2241 1852 2262 eum
1873 2255 1881 2262 .
1923 2228 2082 2270 Constltun
2101 2230 2137 2262 Θ

1238 2278 1239 2281 “
1258 2278 1385 2324 chrisma
1406 2278 1445 2311 ab
1463 2277 1609 2327 Episcffo
1630 2278 1728 2320 confici
1740 2304 1747 2310 .
1774 2279 1855 2313 Haec
1872 2279 2077 2325 Epilogus&
2089 2279 2138 2312 vi-

1259 2331 1320 2366 tiat
1336 2330 1370 2364 &
1382 2329 1495 2363 miscet
1508 2354 1518 2368 ‚
1540 2339 1638 2373 atque
1650 2329 1694 2362 ita
1708 2330 1886 2363 enormiter
1898 2336 2073 2374 evagatur.

1308 2379 1414 2414 Porro
1436 2378 1504 2412 haec
1525 2379 1656 2423 quosvis
1679 2378 1847 2412 haereticos
1871 2380 2018 2424 ungendi
2039 2379 2138 2413 disci·

1258 2430 1346 2475 plina
1367 2429 1475 2474 viguit
1497 2429 1596 2470 usque
1617 2429 1657 2462 ad
1672 2427 1867 2470 Ephefinam
1880 2427 2080 2472 Synodmu,
2102 2429 2137 2462 δε

1259 2480 1401 2515 haerefim
1414 2478 1648 2512 Nestorianam
1660 2503 1667 2510 .
1697 2477 1742 2515 Et
1768 2479 1873 2521 lapsos
1893 2477 2030 2513 enim&
2042 2486 2137 2512 natos

1260 2530 1476 2565 Nestorianos
1495 2528 1560 2562 sine
1584 2540 1684 2562 manu
1711 2527 1752 2562 ad
1776 2528 1879 2562 solam
1906 2528 2137 2572 profeffionem

1258 2581 1380 2625 recepit
1412 2578 1523 2613 omnis
1551 2578 1693 2613 Ecclesia
1719 2603 1730 2619 ‚
1767 2577 1969 2623 eandemque
1995 2578 2136 2623 gratiam

1260 2632 1337 2665 fecit
1362 2629 1568 2663 Meffalianis
1586 2653 1597 2668 ,
1636 2627 1898 2671 Eutychianistis
1919 2653 1929 2669 ,
1956 2626 2138 2662 Monothe·

1260 2681 1327 2714 liris
1351 2704 1362 2720 ,
1386 2679 1599 2713 Iconoclastis
1625 2702 1636 2719 ‚
1668 2678 1804 2720 aliisque
1826 2679 1951 2712 cunstis
1973 2678 2138 2720 sequenti·

1260 2730 1320 2764 bus
1344 2753 1352 2761 .
1391 2728 1643 2772 Apollinaristas
1664 2753 1674 2768 ,
1711 2728 1870 2762 omnibus
1894 2726 1945 2762 his
1970 2728 2136 2768 seniores,

1261 2779 1378 2814 eodem
1397 2775 1501 2813 modo
1521 2778 1642 2822 recepit
1656 2779 1817 2812 Damasus
1830 2778 2013 2818 Pontifex,
2037 2787 2137 2819 atque
2207 2802 2209 2804 -
2268 2791 2272 2793 ·

1262 2831 1306 2864 ita
1316 2829 1462 2863 initiavit
1472 2828 1559 2863 hanc
1581 2828 1670 2861 viam
1689 2827 1932 2862 misericordiae.
1961 2828 2055 2879 Qin
2079 2829 2137 2861 im·

1263 2881 1319 2914 mo
1341 2880 1442 2914 etiam
1466 2878 1729 2912 Novatianenses
1750 2877 2074 2926 Qartodecimanos
2094 2875 2136 2910 ad

1262 2931 1363 2965 solam
1375 2928 1606 2973 professionem
1619 2929 1739 2972 recepit
1753 2928 1925 2962 Nestorius
1936 2951 1947 2968 ‚
1974 2928 2136 2963 Constan-

1263 2980 1503 3023 tinopolitanus
1529 2978 1711 3022 Episcopus
1732 3002 1743 3018 ,
1782 2989 1888 3021 neque
1913 2977 1947 3012 id
1974 2976 2134 3021 Ephefina

1262 3030 1415 3074 Synodus
1438 3029 1474 3063 in
1498 3029 1569 3072 ipso
1591 3027 1789 3072 improbavit
1812 3052 1819 3060 .
1856 3028 1975 3076 Etiam·
1993 3027 2133 3071 Ioannes

1263 3077 1811 3123 Hierosolymitanus-Episcopus,
1833 3079 1869 3112 dc
1893 3077 2029 3112 Atticus
2043 3071 2135 3107 Con-

1262 3129 1577 3172 stantinopolitanus
1597 3129 1688 3162 fuere
1709 3128 1778 3162 nati
1801 3129 1837 3162 in
1861 3126 1963 3162 haeresi
1973 3121 2130 3158 Macedo·

1263 3181 1380 3214 niana:
1411 3179 1454 3213 Et
1464 3179 1541 3220 quia
1554 3180 1588 3212 in
1601 3177 1777 3213 Catholica
1797 3176 2004 3222 postmodum
2026 3172 2131 3206 eveffl

1264 3232 1337 3264 sunt
1348 3230 1388 3264 ad
1399 3229 1653 3273 Episcopatum,
1679 3239 1805 3263 certum
1818 3229 1863 3262 est
1874 3228 1939 3260 sine
1958 3222 2134 3256 chrismate

329 3292 427 3315 mana
441 3280 580 3314 Ecclesia
594 3306 603 3320 ‚
615 3285 661 3315 uti
676 3283 777 3326 liquet
788 3295 830 3316 ex
844 3282 983 3315 laudatis
999 3282 1113 3315 litteris
1123 3280 1202 3319 Gre-
1260 3281 1294 3315 &
1313 3279 1461 3323 imposita
1482 3290 1583 3315 manu
1604 3279 1639 3313 in
1654 3279 1832 3313 Ecclesiam
1846 3282 2002 3316 receptos
2014 3297 2021 3304 ·
2048 3272 2134 3306 Haee

333 3330 420 3375 gorii
441 3330 553 3372 magni
576 3330 615 3363 ad
638 3332 818 3376 Episcopos
830 3330 992 3365 Hiberiae:
1021 3332 1107 3378 Qils
1126 3330 1218 3364 vero*
1263 3330 1353 3364 enim
1376 3341 1492 3365 manus
1512 3354 1525 3371 ,
1550 3329 1640 3374 quod
1661 3341 1704 3363 ex
1728 3328 1854 3371 Optato
1873 3323 2075 3357 Milevitano
2097 3321 2138 3355 li·

331 3382 413 3415 ferat
434 3378 608 3422 probatum
630 3379 671 3412 ab
694 3381 749 3414 illa
766 3406 777 3420 ,
803 3392 840 3415 ut
862 3381 976 3415 datum
999 3393 1052 3424 per
1074 3380 1206 3426 quosvis
1264 3391 1342 3425 quet
1369 3405 1380 3420 ‚

1417 3379 1558 3414 faciebat
1584 3374 1878 3422 indispensabiliter
1902 3372 2111 3417 irregularem
2125 3395 2136 3406 .

332 3430 500 3466 haereticos
512 3427 787 3463 confirmationis
809 3431 1053 3465 Sacramentum
1074 3431 1207 3465 exuffle·
1263 3432 1335 3466 lstis
1352 3429 1545 3464 crediderim
1560 3430 1674 3462 fastam
1686 3424 1880 3469 singularem
1903 3423 2054 3468 gratiam.

332 3482 413 3523 tur?
438 3479 593 3518 Nimium
613 3479 800 3528 portentosa
823 3480 899 3517 sunt
936 3479 1003 3519 haec
1028 3468 1223 3532 dogmata}

1314 3479 1419 3520 Porro
1445 3479 1566 3518 Canon
1591 3477 1674 3522 dici}
1697 3472 1936 3513 chrismandam
1969 3473 2142 3512 frontem,

2025 3532 2088 3563 os,
