2346 3776
319 79 394 127 ⁷98

813 58 1247 120 D1-ssERTAT10
1296 57 1711 118 PRoazmlAms.

327 151 402 184 dere
425 156 490 179 non·
508 147 643 188 potuerit
675 134 819 187 ampliusss
845 148 940 186 Atque
950 150 995 177 ita
1015 144 1052 176 a'e
1072 141 1124 175 boc
1141 143 1213 183 jam
1275 140 1364 184 quod
1376 139 1512 186 hiLapfi
1526 143 1670 178 triennio
1682 123 1869 185 flevissent,
1892 155 1943 179 res
1954 114 2022 189 ipsa
2030 146 2159 185 clamat.

326 205 461 233 extortus
483 218 494 235 ‚
520 206 586 227 cum
603 194 750 239 fingultus
764 197 797 230 (ν
807 195 909 227 rudius
925 192 1001 238 solos
1014 192 1136 226 baberet
1148 217 1158 233 ,
1180 199 1212 225 in

326 244 392 290 ipsa
413 250 567 291 negatione
588 246 706 289 digeffit.
735 246 853 279 Homo
875 242 1081 290 Montanista
1105 243 1212 285 loqui-

325 307 378 332 tur
388 321 400 337 ‚
424 296 664 339 &improperat
679 294 861 330 Catholicae
873 294 1028 328 Ecclefiae.
1055 292 1158 327 Poffit
1167 302 1211 326 ta-

325 358 403 383 men
415 347 507 380 istius
519 345 674 380 Civitatis
690 346 832 380 Ecclefia
851 344 1033 383 exceffiffe,
1055 353 1153 387 atque
1166 343 1210 376 ita

323 396 384 433 ille
395 408 468 431 vera
479 397 542 430 effe
553 395 692 430 locutus.
720 395 764 430 Et
776 394 856 430 hinc
866 395 972 440 magis
992 402 1081 437 patet
1103 392 1209 426 fidelis

323 446 447 492 Populi
459 447 494 481 in
507 456 684 480 carceratos
692 443 858 490 Martyres
869 445 998 490 profusa
1015 442 1208 478 liberalitas.

323 495 428 546 Qod
439 497 649 542 glomeratim
668 507 785 532 omnes
805 494 1030 530 concurrerint
1054 493 1096 527 ad
1107 503 1211 527 carce-

323 558 412 582 ratos
423 547 631 582 Confeffores
641 571 652 587 ,
661 546 750 582 lucet
761 559 803 582 ex
813 548 928 591 quint-a
939 545 1037 580 sancti
1051 541 1210 586 Cypriani

190 596 278 636 Epist:
325 597 489 641 Epistola.
526 598 571 632 Et
593 597 818 632 nihilominus
839 597 906 641 ipse
935 595 1013 630 exul
1035 592 1146 627 scribit
1169 590 1210 625 ad

190 646 206 675 ³
213 648 237 673 7·
326 649 423 682 suum
435 648 572 683 Clerum
584 660 590 680 :
603 647 899 692 ‚Quamquamfi-iam
912 657 966 678 vos
979 669 989 685 ‚
994 643 1117 685 fratres
1131 641 1212 674 Cha-

324 701 423 741 riffimi
430 725 442 740 ,
457 704 574 734 Litoris
585 706 660 733 meis
664 699 845 744 frequenter
859 697 1026 729 admonitos
1036 692 1101 735 effe,
1111 701 1145 725 ut
1149 692 1211 735 glo-

324 748 403 794 riosa
416 753 575 783 Dominum
586 753 658 783 Voce
669 749 796 790 confeffis
807 772 818 788 ,
839 749 874 780 (ἓν
893 752 926 778 in
937 754 1052 777 carcere
1064 741 1211 784 Constitu-

324 806 368 841 εἰσ
379 825 390 841 ,
415 806 511 834 omnis
537 802 696 844 diligentia
713 798 888 841 praebeatar
898 820 908 837 ,
929 804 1029 828 tamen
1052 793 1210 826 irentidem

323 850 413 885 vobis
425 850 558 886 incumbo
568 876 579 892 ,
591 862 628 884 ne
638 850 714 893 quid
721 850 767 881 ad
776 857 883 880 curam
894 843 966 888 defit
976 851 1019 879 eis
1033 869 1044 885 ,
1054 843 1160 886 quibus
1170 843 1215 874 ad

319 903 448 945 gloriam
461 900 540 934 nibil
548 899 645 939 de-est.
673 900 717 939 Et
729 899 814 936 inter
824 895 993 936 articulos,
1003 893 1049 929 ob
1061 904 1144 937 quos
1157 893 1212 927 Se-

323 950 614 995 cundITigifitani
636 947 791 992 Episcopi
801 946 935 985 faeiiosa
957 943 1111 989 Synodus
1122 942 1212 977 dam-

263 1037 267 1042 ·
324 1001 415 1033 navit
427 999 641 1034 Caecilianum
655 997 949 1043 Carthaginensem
961 994 1213 1038 Archi-Episco-

324 1061 404 1093 pum
416 1074 427 1091 ‚
437 1050 501 1084 fuit
511 1050 546 1084 &
558 1043 613 1085 hic
626 1064 632 1083 :
647 1052 732 1093 ,Qum
746 1048 934 1091 Cecilianus
946 1071 956 1087 ,
980 1057 1046 1079 cum
1057 1046 1122 1089 efflet
1139 1047 1213 1076 Dia-

323 1110 412 1135 conus
425 1124 436 1141 ,
447 1100 512 1134 vill
516 1112 567 1134 um
577 1100 695 1142 afferri
706 1098 889 1139 Mdrtyribus
901 1104 934 1132 in
944 1096 1072 1137 custodia
1082 1093 1212 1134 constitu-

190 1150 271 1184 Coll-
282 1161 310 1190 3-
325 1156 367 1187 m
374 1150 550 1195 prohibuisse
561 1150 728 1186 dicebatur.
756 1150 806 1184 lta
827 1146 927 1184 habes
950 1145 1037 1190 apud
1064 1146 1211 1180 sanc‘tum

194 1200 308 1232 ‘'³P·¹⁴·
325 1199 553 1246 Augustinum
575 1202 610 1235 in
630 1198 804 1239 Breviculo
827 1193 1212 1241 CarthaginenfisColla-

326 1251 439 1286 tionis.
466 1251 512 1285 Et
522 1251 646 1285 ibidem
657 1248 848 1294 adjungitur
858 1246 901 1282 de
911 1243 1054 1290 quadam
1066 1243 1211 1288 Epistola

325 1301 489 1336 Mensurii
499 1299 764 1344 Carthaginenfis
775 1297 930 1341 Episcopi
950 1322 961 1338 ,
988 1296 1104 1339 scripta
1127 1294 1211 1329 circa

192 1359 302 1400 Cap,13
326 1349 367 1386 ha
372 1363 413 1386 nc
424 1351 613 1395 praesentem
622 1349 832 1386 Diocletiani
842 1346 1104 1392 persecutionem
1116 1358 1123 1378 ι
1135 1346 1213 1388 ,Qui-

323 1402 440 1435 damin
451 1402 553 1434 eadem
564 1405 594 1434 E
592 1397 696 1443 pistola
700 1398 861 1442 facinorofi
868 1397 1073 1443 arguebantur
1089 1422 1099 1438 ,
1114 1397 1150 1430 δ’
1160 1398 1222 1428 Εὶ-,

319 1450 366 1496 fii
390 1451 537 1485 debitores
549 1476 559 1492 ‚
582 1457 635 1494 qui
644 1451 782 1493 occasione
788 1447 1002 1493 persecutionis
1015 1473 1026 1489 ,
1052 1450 1104 1481 vel
1112 1456 1213 1480 carere

323 1503 438 1537 vellem
448 1500 576 1545 onerosa,
581 1503 684 1535 multis
697 1501 808 1535 debitis
826 1505 896 1534 vita
923 1524 934 1540 ,
959 1499 1013 1532 vel
1026 1506 1161 1542 purgare
1178 1494 1214 1540 se

319 1560 469 1596 putarent
487 1577 498 1593 ‚
524 1553 559 1586 (α’
580 1550 665 1595 quafi
679 1552 799 1585 abluere
811 1550 953 1592 facinora
958 1544 1017 1592 sula
1030 1573 1041 1588 ,
1067 1548 1121 1582 vol
1135 1547 1213 1580 certe

323 1608 477 1645 acquirere
496 1608 675 1646 pecuniam,
701 1603 736 1635 eb*
756 1608 789 1635 in
808 1599 936 1641 custodia
956 1600 1072 1632 deliciis
1092 1596 1213 1640 perflui

322 1654 363 1686 de
382 1651 515 1697 obsi’quio
539 1651 780 1691 Christianorum.
808 1651 922 1684 Tanta
947 1658 1015 1684 erat
1042 1648 1069 1682 F
1070 1647 1212 1682 idelium

323 1702 503 1739 liberalitas
516 1704 550 1737 in
562 1697 742 1737 carceratos
752 1702 917 1744 Martyres
928 1725 935 1731 .
962 1699 1066 1743 Ipsam
1084 1722 1095 1738 ,
1121 1697 1170 1731 uti
1181 1697 1215 1730 ὅ(

322 1753 516 1796 Martyralis
528 1753 663 1787 carceris
676 1751 897 1798 Disciplinam
909 1749 988 1784 alibi
1011 1748 1107 1783 fusius
1116 1757 1217 1791 expo-

324 1805 384 1837 sui.
411 1804 513 1843 Hanc
535 1802 764 1837 liberalitatem
787 1802 920 1845 praesens
941 1800 1061 1836 Canon
1077 1798 1216 1832 affirmat

322 1854 388 1888 effe
400 1852 516 1888 solatia
530 1877 540 1893 ,
551 1864 622 1896 quae
632 1850 973 1894 carcerissquallorem
987 1860 1025 1884 ac
1037 1847 1133 1884 taedia
1146 1856 1215 1880 non

323 1903 470 1938 levarent
482 1901 707 1942 solummodo,
718 1899 773 1935 sed
784 1898 1084 1942 &compensarem-
1110 1894 1214 1944 Qod

323 1953 465 1989 subinde
489 1953 551 1987 suit
571 1951 714 1986 omnino
736 1961 858 1985 verum.
888 1947 981 1983 Hinc
1003 1948 1125 1983 Canon
1140 1957 1217 1981 con-

325 2004 433 2038 cludit
445 2003 504 2037 ista
517 2002 611 2036 taedia
622 2003 656 2035 &
668 2001 845 2044 squallores
858 2001 892 2033 in
905 1998 1015 2041 Lapfis
1023 1997 1092 2031 istis
1103 1997 1160 2030 vix
1171 1995 1216 2030 es-

323 2055 359 2088 se
368 2053 410 2088 ad
422 2051 610 2087 leniendam
623 2051 852 2094 poenitentiam
865 2047 1081 2082 attendenda.
1108 2045 1215 2080 Sancii

324 2113 437 2138 tamen
456 2102 548 2136 Petri
568 2100 709 2135 Paterna
730 2099 918 2134 Clementia
935 2096 1078 2131 attendit
1090 2120 1100 2136 ,
1128 2095 1217 2129 &le-

325 2154 392 2189 niit
407 2178 413 2185 .
440 2153 499 2186 Eis
510 2151 596 2186 ultra
607 2149 729 2185 decurfi
749 2149 844 2183 fletus
859 2147 1041 2181 triennium
1064 2145 1217 2187 adjunxit

325 2204 466 2238 unicum
477 2201 650 2237 dumtaxat
660 2211 786 2234 annum
797 2223 808 2240 ,
826 2196 1090 2237 distribuendum
1102 2196 1136 2228 in
1151 2194 1218 2228 Au-

326 2254 492 2290 ditionem
513 2254 548 2287 &
569 2251 837 2290 Substrationem,
865 2248 909 2281 Et
931 2246 1015 2281 hanc
1040 2247 1130 2280 suam
1156 2244 1218 2278 cle-

327 2304 490 2340 mentiam
501 2304 627 2337 sanetus
637 2301 752 2335 Petrus
762 2298 914 2333 fundavit
927 2297 961 2330 in
974 2297 1070 2330 Esaia
1076 2293 1218 2339 Prophe-

328 2364 386 2395 ta,
411 2353 608 2398 praedicante
621 2362 746 2386 annum
760 2348 903 2386 Domini
915 2346 1128 2391 placabilem.
1157 2346 1215 2378 Est

329 2406 439 2440 sensus
450 2401 776 2441 accommodatitius.

382 2453 609 2501 Qiaestionem
621 2451 748 2486 faciunt
759 2449 825 2484 haec
835 2448 931 2484 verba
956 2460 964 2480 ε
992 2449 1078 2491 ,Quae
1098 2447 1219 2489 quidem

332 2505 535 2546 multiplicata
546 2503 674 2536 reddent
686 2525 697 2541 ‚
715 2502 772 2534 &a
803 2499 936 2542 Utique
949 2498 1034 2532 intra
1058 2507 1220 2532 carcerem

286 2553 290 2558 ’
333 2562 466 2598 accepta
489 2553 508 2586 a
530 2551 681 2586 fidelibus
693 2550 782 2585 dona
806 2549 841 2583 &
853 2549 976 2583 solatia.
1003 2546 1146 2582 Videtur
1155 2547 1221 2580 san-

335 2607 404 2640 &us
424 2603 539 2638 Petrus
548 2601 706 2646 obligaffe
728 2601 813 2644 ipsos
829 2599 871 2634 ad
894 2598 1029 2632 illorum
1046 2596 1222 2631 restitutio-

336 2665 421 2689 nem.
454 2654 498 2687 Et
509 2651 584 2688 sane
596 2661 754 2695 potuerat.
783 2650 850 2683 Ista:
859 2649 949 2682 enim
962 2647 1186 2688 Eleemosynae
1213 2669 1222 2685 ,

337 2704 508 2749 praeserrim
521 2704 609 2736 sastae
618 2713 660 2735 ex
672 2701 823 2735 Ecclefiae
835 2695 1087 2741 Gazophylacio
1096 2695 1222 2736 ,viden-

337 2766 390 2789 tur
401 2753 546 2788 habuisse
559 2752 719 2786 adnexam
732 2776 742 2791 ,
765 2761 833 2783 non
845 2748 1015 2783 dumtaxat
1025 2746 1224 2780 admonitio-

339 2817 417 2839 nem
430 2829 440 2844 ,
460 2801 623 2846 persi’vera
635 2826 645 2842 ‚
672 2800 725 2835 sed
738 2801 868 2843 insuper
878 2797 1123 2836 conditionem,
1130 2794 1224 2837 siper-

335 2854 542 2897 severaverIs.
567 2853 616 2886 Ita
635 2853 669 2885 ὅ(
681 2850 766 2894 apud
779 2849 864 2885 hanc
877 2847 1136 2882 Univerfitatem
1164 2846 1225 2878 Lo-

343 2905 527 2937 vaniensem
538 2900 765 2936 Praestimoniae
776 2924 786 2940 ,
811 2910 882 2944 quae
903 2898 1022 2932 dantur
1034 2894 1225 2940 pauperibus

342 2954 436 2987 saerae
445 2951 645 2997 Theologiae
657 2951 815 2986 Studiosis
827 2974 838 2989 ,
863 2947 986 2982 habent
997 2947 1099 2980 fimile
1116 2946 1228 2980 vincu-

346 3004 413 3036 lum
426 3017 436 3035 .·
450 3002 483 3036 Si
496 3005 529 3035 in
542 3001 766 3036 Ecclefiastico
778 2999 861 3034 statu
875 2997 1117 3042 permanserint.
1146 2996 1226 3028 Non

346 3061 568 3095 permanentes
599 3051 791 3095 obligantur
816 3048 991 3083 restituere.
1030 3045 1227 3089 Respondeo

347 3111 456 3134 tamen
468 3101 500 3133 &
514 3099 600 3134 hunc
612 3102 699 3142 posse
709 3101 772 3134 esse
794 3100 921 3133 sensum
933 3113 944 3132 .·
971 3097 1065 3141 Lapfi
1086 3096 1135 3129 illi
1162 3094 1228 3128 haec

347 3150 505 3183 solatia&
518 3150 604 3183 dona
614 3149 742 3183 abunde
754 3151 924 3184 restituent
948 3173 958 3189 ,
983 3148 1005 3180 sl
1028 3147 1093 3190 jam
1120 3146 1230 3179 semet-

351 3200 438 3242 ipsos
451 3223 460 3237 ‚
471 3199 519 3231 uti
528 3199 612 3231 male
622 3199 798 3232 liberarunt
809 3200 826 3233 ὲ
836 3199 1024 3243 captivitate
1040 3195 1229 3233 hominum,

352 3246 436 3283 bene
454 3248 520 3291 jam
541 3247 679 3282 liberent
697 3247 716 3280 ὲ
736 3250 923 3291 captivitate
933 3249 1133 3283 Daemonum
1152 3270 1158 3276 .
1185 3245 1230 3278 Et

352 3296 408 3332 hic
417 3297 558 3332 omnino
565 3298 693 3332 videtur
705 3298 798 3331 fuisse
816 3300 924 3333 sensus
934 3298 1032 3332 sancti
1041 3296 1129 3331 Petri
1152 3320 1158 3326 .
1186 3295 1231 3328 Et

354 3346 431 3382 sane
443 3346 560 3391 quibus
570 3347 605 3380 in
617 3347 735 3381 statum
747 3346 916 3390 pristinum
935 3347 1087 3392 reparatis
1107 3345 1232 3379 Divina

353 3398 458 3443 gratia
478 3396 581 3430 donat
602 3396 716 3430 omnia
741 3396 856 3430 deliria
865 3421 875 3438 ,
900 3398 1070 3439 quomodo
1083 3406 1144 3431 nos
1168 3394 1232 3428 illis

353 3448 446 3483 datas
478 3446 710 3490 Eleemosynas
734 3457 808 3481 non
834 3447 1095 3482 confirmemus?
1131 3443 1235 3481 Porro

1277 190 1408 225 Etenim
1421 191 1440 225 a
1457 192 1610 236 judicatis
1626 204 1682 237 per
1698 194 1841 237 priorem
1866 194 2042 231 Canonem
2052 199 2162 242 Lapfis

1276 252 1344 275 non
1354 240 1547 277 differebant
1559 267 1570 283 ,
1597 243 1655 276 nisi
1666 243 1756 287 quod
1765 244 1834 279 fine
1843 247 2016 281 tormentis
2039 258 2081 281 ex
2103 246 2163 283 hu-

1273 302 1370 327 mana
1378 291 1571 326 infirmitate
1580 303 1619 326 ac
1630 302 1721 327 metu
1730 294 1929 331 cecidissent.
1970 297 2004 330 Si
2015 297 2164 334 triennio

1274 352 1341 374 non
1353 341 1508 376 fleverant
1523 367 1534 382 ,
1558 342 1676 386 prioris
1691 342 1840 379 Canonis
1849 346 1942 390 Lapfi
1954 348 2088 382 fuerunt
2109 346 2164 383 his
2199 339 2201 342 ’

1274 389 1384 425 durius
1394 391 1561 437 castigati,
1587 391 1677 435 quod
1688 391 1808 435 justitia
1828 406 1899 430 non
1922 397 2053 441 patitur.
2080 398 2164 433 Hoc

1275 441 1380 484 ipsum
1389 442 1479 476 enim
1491 442 1582 485 ajunt
1598 442 1763 485 sequentis
1774 443 1924 480 Canonis
1934 448 2031 482 verba
2040 462 2051 482 .-
2066 456 2161 484 Nunc

1273 500 1373 525 autem
1395 498 1521 526 veniunt
1530 494 1576 525 ad
1580 497 1798 534 paenitentiam.
1824 495 1906 530 Hoc
1917 497 1962 531 est
1979 521 1991 537 ,
2015 499 2076 542 qui
2086 508 2160 532 nec-

1273 541 1353 575 dum
1361 541 1440 576 ·flere
1450 554 1488 576 ac
1495 542 1602 586 palam
1614 543 1774 586 poenitere
1784 554 1955 587 caeperunt.
1983 548 2035 581 Hi
2049 547 2163 582 Cano·

1274 602 1330 625 nes
1342 591 1522 636 procedunt
1533 592 1552 627 a
1564 591 1685 627 minori
1694 592 1835 627 crimine
1844 593 2003 639 ad-majus
2015 621 2026 637 ‚
2051 598 2071 632 ὲ
2095 609 2162 632 ma-

1273 640 1335 683 jori
1347 642 1542 685 poenitentia
1553 642 1594 678 ad
1605 644 1770 678 minorem
1780 651 1837 676 aut
1849 644 1985 680 nullam.
2013 646 2062 681 At
2083 648 2163 684 vero

1275 691 1413 726 Tertius
1423 691 1542 727 deillis
1550 716 1562 733 ,
1584 694 1644 738 qui
1657 692 1799 727 necdum
1809 704 1991 736 caeperunt:
2014 695 2164 742 adeoque

1274 752 1341 776 non
1355 742 1565 777 solummodo
1576 745 1698 787 primus
1709 767 1720 783 ‚
1741 743 1796 778 sed
1806 744 1907 778 etiam
1918 744 2082 779 secundus
2094 749 2165 791 agit

1273 791 1314 825 de
1322 791 1408 833 illis,
1433 792 1492 837 qui
1507 793 1575 836 jam
1586 795 1730 828 triennio
1742 794 1905 829 fleverunt
1916 820 1923 828 .
1951 791 2059 829 Porro
2067 796 2164 839 quale

1274 841 1397 877 crimen
1410 840 1446 876 hi
1462 854 1579 878 omnes
1589 844 1683 888 Lapfi
1693 845 1927 879 commiserunt
1949 846 1963 878 ?
1988 844 2047 879 An
2070 844 2168 882 Thu-

1274 892 1468 927 rificationis
1477 918 1488 934 ,
1513 905 1556 928 an
1590 894 1751 940 sacrilegae
1785 894 2062 930 Mandu-:ationis
2084 920 2104 936 ,.
2121 907 2165 932 an

1274 940 1396 998 Libelli
1405 944 1418 976 ἓ
1428 943 1511 977 Non
1524 945 1726 987 exprimitur.
1756 944 1923 981 Existimo
1930 945 2093 989 quosdam
2101 943 2164 980 hu·

1273 1003 1323 1035 Jus
1333 1017 1343 1032 ,
1369 992 1626 1037 quosdamillius
1638 995 1733 1029 fuiffe
1742 1006 1814 1029 reos
1825 1020 1836 1037 ‚
1861 1005 1919 1030 aut
1929 995 2021 1030 istius
2033 1020 2042 1028 .

1351 1321 1373 1365 Ι
1388 1319 1414 1365 S
1435 1330 1584 1365 autem
1610 1316 1688 1382 qui
1716 1315 1828 1363 nihil
1841 1312 2049 1381 eJ'usmodi
2065 1299 2172 1383 palii

1376 1385 1496 1446 sunt,
1533 1402 1612 1435 nec
1636 1383 1738 1433 fidei
1764 1384 1947 1433 fructum
1971 1384 2172 1435 ostende·
2194 1398 2197 1401 ’

1277 1473 1376 1506 runt
1401 1493 1414 1518 ,
1451 1454 1523 1505 sed
1548 1454 1606 1504 ad
1629 1457 1789 1505 vitium
1827 1455 1947 1504 ultro
1984 1454 2173 1504 transfu-

1276 1542 1454 1591 gerunt,
1491 1524 1518 1574 a
1544 1540 1663 1575 metu
1689 1530 1732 1574 &
1756 1523 2000 1579 timiditate
2024 1524 2173 1593 prodi-

1277 1600 1340 1656 ti3
1363 1614 1491 1646 nunc
1516 1612 1663 1646 autem
1688 1597 1872 1646 veniunt
1884 1594 1942 1644 ad
1953 1598 2174 1663 poeniten-

1277 1670 1411 1728 tiam,
1447 1665 1613 1716 necesse
1638 1665 1702 1715 estv
1727 1670 1771 1715 δε
1807 1668 2071 1717 conveniens
2106 1668 2178 1715 in-

1280 1736 1491 1801 frugiferae
1501 1735 1607 1785 ficus
1623 1736 1877 1802 parabolam
1902 1751 2173 1803 proponere,

1279 1822 1326 1855 ut
1351 1808 1572 1855 Dominus
1595 1803 1706 1853 dicit
1731 1825 1745 1853 :
1782 1804 1974 1854 habebat
1997 1807 2101 1873 quis
2120 1803 2174 1864 fn-

1273 1894 1381 1926 cum
1403 1877 1648 1945 plantatam
1674 1877 1720 1922 in
1745 1873 1821 1926 suo
1833 1878 2025 1934 vinet03r
2040 1879 2172 1924 &ve-

1280 1950 1348 1997 nit
1370 1956 1564 2014 quaerens
1587 1948 1633 1993 in
1658 1961 1707 1993 ea
1747 1943 1928 1992 frustum
1953 1981 1967 2005 ,
2003 1949 2047 1993 δε
2083 1953 2173 1994 non
2192 1984 2194 1987 ,

1281 2018 1460 2067 invenit.
1496 2017 1626 2064 Dixit
1651 2029 1796 2063 autem
1821 2012 2033 2064 vinitori:
2071 2031 2176 2064 ecce

1281 2104 1366 2136 tres
1391 2099 1552 2146 annos,
1586 2102 1638 2134 ex
1662 2102 1753 2151 quo
1777 2102 1861 2147 ego
1899 2087 2033 2134 venio
2055 2101 2175 2152 qux.-

1281 2175 1374 2206 rens
1402 2156 1583 2204 frunitum
1609 2157 1656 2203 in
1681 2155 1762 2202 hac
1787 2153 1898 2215 ficu,
1934 2159 2082 2204 &non
2105 2157 2174 2205 iu-

1282 2229 1411 2278 venio
1434 2262 1448 2287 ‚
1483 2223 1681 2274 exscinde
1716 2241 1814 2274 eam
1852 2246 1866 2283 3
1901 2242 1976 2274 cur
2013 2240 2175 2274 terram

1282 2299 1469 2346 inaniter
1491 2291 1716 2363 occupat?
1752 2296 1831 2344 Ille
1867 2295 1973 2344 vero
1998 2294 2172 2362 respon-

1280 2367 1385 2417 dens
1397 2365 1507 2422 dicit
1520 2367 1613 2414 illi:
1639 2368 1835 2414 Domine
1858 2363 2037 2414 dimitte
2050 2366 2174 2414 illam

1281 2440 1364 2487 hoc
1390 2454 1566 2504 quoque
1590 2453 1706 2484 anno
1729 2473 1742 2497 ,
1767 2434 1908 2484 donec
1932 2433 2050 2484 circa
2075 2439 2173 2484 eam

1283 2507 1455 2567 fodero,
1492 2507 1744 2555 &laetamen
1755 2508 1943 2570 injecero
1967 2543 1981 2569 ,
2017 2505 2049 2553 fi
2075 2507 2175 2572 quie

1281 2577 1381 2627 dem
1396 2577 1577 2626 frustum
1593 2576 1743 2624 fecerit
1758 2596 1769 2625 :
1786 2575 1848 2624 fin
1860 2575 2004 2624 minus
2017 2592 2115 2624 eam
2127 2578 2174 2623 in

1285 2649 1474 2697 futurum
1499 2645 1694 2696 eirscinde
1722 2666 1733 2694 :
1772 2663 1861 2712 qua
1885 2662 1987 2694 ante
2022 2646 2173 2695 oculos

1285 2732 1464 2785 accepta
1487 2753 1500 2776 ,
1536 2721 1578 2764 &
1591 2713 1756 2764 ostenso
1781 2715 1916 2780 digno
1929 2715 2065 2765 frufflm
2077 2733 2169 2782 poe-

1287 2789 1503 2847 nitentiae,
1530 2788 1576 2834 in
1589 2801 1716 2834 tanto
1737 2789 1945 2854 temporis
1969 2785 2172 2835 interval-

1287 2861 1330 2909 lo
1355 2859 1492 2920 magis·
1517 2855 1804 2921 juvabuntur.

1437 2978 2005 3052 SCHOLION.

1292 3103 1368 3186 C
1382 3095 1602 3133 Onstantinus
1622 3095 1888 3140 Harmen'opulus
1909 3091 2171 3138 praesentiCano-

1399 3148 1434 3181 ni
1455 3147 1511 3182 dat
1531 3146 1596 3181 hoc
1623 3145 1856 3190 compendium
1878 3158 1885 3178 :
1913 3146 1977 3187 ,Qui
1998 3144 2042 3175 ad
2065 3148 2169 3176 interi-

1290 3207 1354 3230 tum
1376 3196 1485 3241 absque
1505 3198 1662 3237 necfftate
1679 3201 1868 3238 perrexerint
1888 3192 1949 3236 sua
1971 3191 2076 3236 [ροητέ
2098 3217 2109 3234 ,
2135 3202 2171 3225 ac

1294 3249 1401 3281 deinde
1414 3252 1630 3290 poenituerint,
1655 3247 1701 3278 ad
1718 3250 1879 3279 triennium
1903 3249 2076 3285 puniuntor.
2109 3241 2173 3275 Ca·

1294 3309 1362 3332 non
1387 3300 1457 3343 agit
1475 3297 1517 3331 de
1538 3296 1604 3332 istis
1625 3296 1681 3339 qui
1698 3305 1758 3328 nec
1770 3304 1931 3328 carcerem
1943 3293 2172 3331 sustinuerant,

1293 3347 1398 3381 immo
1420 3359 1480 3382 nec
1491 3348 1659 3392 fugerant,
1685 3343 1739 3378 sed
1750 3343 1792 3378 ad
1803 3343 1920 3387 primas
1932 3343 2079 3377 Romani
2094 3341 2175 3375 Prae-

1295 3397 1367 3432 fidis
1390 3394 1741 3441 quaestiones&minas
1763 3394 2012 3432 consenserant,
2039 3391 2176 3435 abnega-

1297 3457 1370 3482 rant
1380 3446 1502 3484 Christi
1514 3445 1656 3483 Domini
1667 3443 1838 3486 nomen,&
1849 3443 2042 3478 admiserant
2053 3440 2152 3526 ‘Il'cllxuls
2164 3462 2177 3479 ,

2109 3500 2129 3524 ο
2143 3499 2178 3523 o-
