2346 3776
586 102 891 154 senonis,
919 111 997 147 ET
1023 110 1211 149 tao-ris
1241 104 1663 149 1LLUsTRAT1.

208 187 308 228 siles,
334 195 431 229 atque
450 181 678 222 haere'ticorum
697 178 939 217 conventiculis
948 179 1089 228 praefecit

210 236 408 275 Ant-istites.
603 252 605 254 -
712 238 715 242 “

263 288 394 326 Malum
420 282 553 319 tandem
579 282 689 327 serpsit
713 279 813 315 etiam
833 278 875 314 ad
895 289 973 313 nos.
1002 277 1091 313 Nam

212 337 302 385 apud
320 336 453 375 Graecos
474 334 609 369 Sanstus
620 331 802 377 GregorIus
821 328 1093 374 Thaumaturgus

215 385 445 427 Alexandrum
457 383 697 425 Carbonariurn
711 405 723 422 ,
732 379 902 420 novellum
913 378 931 413 ὲ
942 378 1091 414 philost»-

215 438 287 485 pho.
304 433 530 471 Christianum
552 459 563 476 ‚
603 431 754 471 Ecclefiae
773 430 975 465 Comanenfi
1001 429 1092 467 dedit

214 487 414 532 Episcopum
429 508 440 524 ‚
465 486 515 518 uti
525 485 623 523 refert
633 485 668 522 in
682 481 772 517 illius
788 480 945 518 encomio
959 481 1092 515 Sanstus

212 534 396 583 Gregorius
406 535 573 578 Nyffenus
585 547 595 578 3
620 532 739 572 eodem
748 540 899 574 tempore
908 530 994 574 apud
1005 529 1091 564 Lati-

213 581 538 631 nos'Carthaginenfi
550 583 710 623 Primatui
720 581 892 627 impositus
901 579 946 614 est
958 581 1097 621 Sanitus>

214 637 401 681 Cyprianus
417 634 648 679 Neophytos,
673 632 715 667 de
730 643 798 674 quo
807 630 950 665 Pontius
971 630 1093 665 Diaco-

214 699 277 723 nus
288 701 300 721 .-
326 685 447 728 lllefuit
454 692 574 729 primus
586 709 597 725 ‚
620 685 657 718 (9
663 690 737 726 puto
750 680 832 725 solus
841 681 978 723 exemplo
986 705 997 721 ‚
1017 682 1090 723 plus

212 738 274 782 'fide
288 738 366 781 poffe
378 761 390 777 ,
412 738 506 778 quam
523 737 652 777 tempore
664 737 849 779 promoveri.
877 729 1090 764 Feliciffimus

211 784 362 831 eiusdem
382 786 530 825 Ecclefiae
548 785 720 824 Diaconus
732 806 743 822 ,
768 782 803 816 &
821 792 899 815 cum
920 780 980 813 illo
999 779 1106 824 quin--

211 849 279 881 que
290 836 494 879 Presbyteri,
520 834 765 883 promotionem
775 856 788 873 ‚
798 841 835 865 ut
847 830 982 865 Canoni
995 827 1087 873 Apo·
1103 847 1106 853 ι

212 886 332 922 stolico
351 884 517 920 adversam
530 909 542 924 ‚
567 881 772 922 hostiliffime
793 880 879 924 apud
902 880 1090 918 Romanam

213 936 393 972 Ecclesiam
410 935 666 979 impugnavere,
692 933 726 966 &
745 930 933 971 confirmari
953 929 1093 974 postula-

212 995 292 1022 runt
302 985 520 1020 Fortunatam
531 984 703 1028 Cypriano
715 982 734 1016 ὲ
744 983 776 1016 se
786 979 1069 1025 superordinatum
1080 992 1089 1018 ,ι

211 1035 326 1071 verum
345 1028 573 1078 conjuratione
593 1033 652 1068 illa
674 1032 828 1066 damnata
849 1055 860 1071 ‚
886 1029 1092 1074 Cyprianum

212 1085 352 1130 suscepit
375 1084 511 1124 ,Sanctus
532 1083 709 1122 Cornelius
720 1082 901 1122 PontifeX,
927 1091 1025 1124 atque
1047 1079 1093 1118 ita

210 1136 318 1182 gratia
336 1136 374 1173 jn
386 1133 574 1178 ,exemplum
586 1158 597 1174 ‚
623 1132 814 1180 exemplum
834 1129 1042 1176 degeneravit
1054 1129 1091 1162 in
1131 1172 1134 1175 ψ

210 1188 418 1230 frequentem
431 1184 568 1224 abusum
580 1197 593 1222 ,t
617 1184 720 1217 etiam
739 1182 869 1220 violatis
887 1178 1093 1215 catechume-

211 1246 335 1270 norum
354 1234 502 1279 Jegibus.
526 1233 606 1268 Hac
617 1233 658 1268 de
669 1233 764 1269 causa
775 1232 907 1268 sanstus
925 1231 1093 1272 Hierony-

213 1297 289 1322 mus
307 1282 466 1328 ejusmodi
482 1283 661 1329 Episcopos
671 1284 707 1317 in
718 1280 850 1320 laudata
861 1280 1005 1323 superius
1014 1279 1094 1323 Epi-

210 1335 298 1371 stola
309 1343 405 1368 vocat
428 1340 646 1371 momentaneos
657 1331 827 1368 Sacerdotes
840 1355 847 1362 .
873 1330 1009 1364 Etenim
1025 1328 1091 1362 beri

210 1383 461 1424 catechumenus,
487 1382 572 1416 bodie
592 1380 736 1422 Pontifex
746 1392 760 1422 ;
783 1379 894 1417 herim
904 1378 1091 1422 amphithea-

214 1445 286 1476 m,
311 1433 398 1467 bodie
419 1438 452 1467 in
475 1431 623 1474 Ecclefia;
650 1429 768 1474 vespere
787 1435 820 1462 in
833 1435 928 1470 circo,
953 1440 1042 1463 mane
1061 1434 1094 1461 in

214 1487 347 1527 altari03
370 1481 605 1530 dudumfaum·
622 1480 794 1529 histrionum
806 1504 818 1520 ‚
841 1491 920 1518 nunc
940 1484 1094 1529 virginum

209 1534 409 1579 msecrator.
461 1546 465 1550 ·

265 1582 396 1619 Abusui
417 1581 550 1617 obviare
568 1580 668 1625 coepit
691 1580 963 1626 quartus-Canon
975 1578 1097 1613 Laodi-

210 1634 333 1675 cenfis.
359 1637 407 1668 De
426 1632 474 1667 bis
486 1658 498 1674 ‚
524 1638 575 1675 qui
598 1639 692 1675 nuper
711 1632 873 1671 illuminati
886 1629 963 1679 *sunt
985 1628 1098 1673 baptis—
1123 1621 1140 1681 ’Υ

1863 118 1889 150 2
1899 121 1919 164 3

1156 187 1237 212 mate
1250 202 1260 218 ,
1285 179 1366 221 quod
1381 189 1429 215 eof
1452 184 1486 211 in
1494 180 1677 218 sacerdotali
1696 192 1754 215 non
1774 120 2028 222 conveniatzrdg.

1158 240 1194 263 Μ
1206 234 1374 271 mmm
1386 252 1394 260 ·
1421 227 1574 273 Eumque
1593 253 1604 270 ›
1631 231 1722 273 ‘iu9d
1747 243 1817 268 non
1838 238 2029 280 proficeret,

1156 279 1326 313 innovavit
1336 303 1348 320 ,
1367 279 1402 313 δε
1419 277 1462 312 ad
1472 290 1609 318 omnem
1625 280 1803 320 Ecclesiam
1814 286 1963 323 extendit
1973 287 2029 325 hic

1132 355 1136 357 a
1155 329 1263 363 noster
1275 328 1396 366 Canon
1417 327 1593 366 Nicaenus,.
1617 331 1741 369 Statuit
1753 330 1796 365 de
1816 333 1886 366 solo
1898 335 2032 378 Episco.

1155 390 1198 422 po
1219 378 1317 423 atque'
1338 377 1559 425 Presbytero,
1582 380 1674 424 quod
1694 381 1739 417 de
1756 380 1824 417 illis
1846 382 2031 421 solisetiam

1156 427 1337 474 Apostolus
1346 428 1490 467 statuerit
1500 442 1515 471 ;
1540 431 1696 469 verum&
1704 430 1748 470 ad
1758 431 1934 470 Diaaonos
1944 435 2031 476 post-

1131 520 1133 522 ·
1153 477 1292 515 modum
1311 477 1463 512 extendit
1482 479 1617 518 Siricius
1636 480 1817 522 Pontifex,
1841 482 2032 518 &secunda

1155 528 1351 565 Arelatensis
1366 528 1521 572 Synodus
1532 553 1543 570 ,
1569 529 1657 566 haud
1677 531 1779 566 dubie
1788 543 1829 566 ex
1840 533 2033 567 auetoritate

1154 578 1347 613 Sardicenfis
1369 602 1381 618 ,
1417 578 1510 622 cujus
1537 578 1685 616 decimus
1710 581 1833 622 Canon
1856 582 2033 617 secundam

1154 627 1413 673 Neophyterum
1432 628 1574 678 speciem
1597 631 1681 672 iacit
1697 631 1910 676 irregularem
1932 633 2034 672 etiam

1153 678 1195 715 ad
1220 679 1465 717 Diaconatump
1761 678 1775 682 '⁴

1204 729 1267 764 Sed
1278 740 1384 773 neque
1403 729 1567 777 Nicaenusy
1579 729 1703 769 Canon
1721 730 1848 776 ,ubique
1872 733 2037 781 profecit.

1131 800 1132 803 =
1145 779 1287 814 Omitto
1295 778 1482 818 Eusebianae
1490 779 1819 820 faaioniseffrontem
1825 782 2037 825 proterviam,

1131 873 1133 875 Ι
1155 828 1196 863 de
1208 840 1272 872 qua
1284 828 1444 869 videndus
1454 830 1590 865 Sanstus
1599 829 1796 869 Athanasius
1813 832 1848 864 in
1866 831 1960 875 supra
1982 832 2037 866 ad-

1156 878 1250 913 dusta
1261 878 1430 925 Apologia
1442 892 1452 922 ;
1476 881 1600 918 omitto
1623 881 1704 921 item
1723 882 1881 918 Sanstum
1893 881 2039 917 Ambro-

1156 929 1433 968 fium‚Eusebium
1442 930 1479 967 in
1491 930 1701 975 Cappadocia
1713 930 1963 973 Caesaraeensem,
1973 932 2039 966 Ne-

1156 979 1290 1012 ‹starium
1301 979 1714 1024 Constantinopolitanum
1725 1006 1736 1022 ‚
1754 982 1929 1026 ,Synefium
1939 982 2039 1025 Cyre-

1131 1073 1134 1075 *
1158 1029 1288 1063 nensem
1300 1053 1311 1070 ‚
1334 1029 1482 1073 aliosque
1494 1030 1527 1064 id
1538 1042 1642 1075 genus
1653 1031 1771 1069 divino
1781 1042 1837 1071 aut
1846 1032 2040 1067 Ecclefiasti-

1156 1090 1197 1112 co
1207 1077 1333 1121 judicio
1344 1078 1499 1126 probatos
1509 1091 1550 1118 ex
1561 1079 1752 1124 Neophytis
1760 1082 1942 1126 Episcopos
1953 1095 1960 1114 :
1974 1081 2041 1117 Ad-

1156 1127 1245 1163 duco
1254 1128 1338 1162 solas
1349 1129 1553 1172 Hieronymi
1564 1131 1709 1173 querelas
1734 1131 1770 1167 in
1794 1131 1904 1165 Libris
1924 1143 2041 1167 contra
2061 1128 2217 1163 1ss10·⁶·⁸·

1157 1178 1354 1223 Pelagianos
1375 1203 1382 1211 .
1409 1180 1481 1212 Vult
1507 1179 1653 1222 Apostolus
1681 1204 1692 1220 ,
1716 1188 1752 1213 ut
1782 1192 1840 1214 non
1865 1181 2040 1224 Neophytus

1158 1226 1326 1271 Epiftopus
1336 1229 1489 1262 ordinetur
1499 1253 1510 1270 ‚
1535 1232 1616 1272 quod
1625 1231 1765 1264 videmus
1776 1230 1880 1277 mstris
1902 1238 2042 1274 tempori-

1154 1279 1277 1320 ,buspro
1284 1276 1407 1322 summa
1419 1280 1487 1323 eligi
1491 1279 1630 1320 justitia.
1658 1279 1790 1324 Nempe
1812 1279 1965 1316 humanae
1976 1293 2041 1318 amr

1133 1372 1135 1374 v
1158 1328 1296 1363 bitionis
1330 1328 1489 1374 iniquitas
1513 1329 1608 1365 nullo
1633 1340 1779 1382 unquam
1802 1331 1905 1370 ,fraeno
1926 1332 2040 1376 potuit

1156 1390 1318 1417 coerceri.

1209 1429 1290 1463 Haec
1302 1428 1453 1464 Canonis
1471 1429 1590 1471 verba,
1616 1434 1649 1464 51
1670 1434 1742 1465 verb
1756 1431 1884 1473 processio
1903 1438 2044 1474 temporis

1160 1481 1218 1513 (π.
1244 1477 1310 1513 huc
1330 1480 1432 1521 usque
1452 1489 1623 1523 promotos
1642 1490 1803 1526 tangunt.
1833 1480 1901 1514 Eos
1920 1481 2046 1525 dispen-

1161 1528 1277 1563 satorie
1297 1529 1441 1565 tolerant
1466 1553 1478 1570 ,
1503 1529 1691 1570 dummodo
1727 1530 1807 1566 alias
1832 1531 2047 1577 irregularita-

1159 1579 1203 1621 tis
1212 1578 1300 1615 obex
1320 1590 1391 1616 non
1403 1579 1515 1614 subfit.

706 1842 1259 1897 CANON

303 2071 308 2076 ·
383 2056 542 2124 bytero
574 2092 588 2117 ,
623 2072 703 2104 nec
737 2057 944 2104 Diacono
977 2091 991 2115 ‚
1038 2071 1118 2103 nec
1153 2055 1284 2102 alicui
1318 2053 1501 2103 omnino
1536 2091 1549 2114 ,

1392 1842 1560 1899 ΙΙΙ,

1597 2058 1675 2121 qui
1713 2058 1759 2102 in
1795 2057 1912 2105 clero
1947 2057 2046 2120 est''‚

385 2127 513 2176 licere
550 2123 914 2175 subintroductam
950 2123 1106 2174 habere
1141 2125 1365 2172 mulierem
1401 2144 1414 2182 3
1452 2123 1528 2173 nifi
1565 2123 1677 2173 forte
1714 2141 1790 2173 aut
1825 2142 2009 2176 matrem
2033 2163 2046 2187 ‚

216 1984 576 2218 INterdixit
612 2001 689 2052 per
723 1986 873 2035 omnia
907 2001 1065 2048 magna
1098 1982 1298 2051 ,Synodus
1332 2020 1347 2044 ‚
1383 2001 1471 2033 non
1505 1983 1724 2052 Episcopo
1756 2021 1771 2046 ,
1805 2004 1895 2036 non
1930 1985 2047 2039 Press

385 2211 460 2245 aut
495 2194 680 2245 sororem
702 2233 718 2257 ,
750 2210 828 2244 aut
863 2197 1043 2244 amitam
1068 2231 1081 2255 ‚
1129 2195 1200 2244 vel
1247 2211 1319 2243 eas
1355 2194 1527 2247 tantum
1576 2193 1774 2262 personas
1799 2233 1812 2257 ,
1849 2215 1946 2263 quae
1982 2195 2047 2245 su-

215 2265 453 2334 spicionem
488 2263 699 2330 effugiunt
715 2302 726 2313 .

456 2379 873 2428 SCHOLION.

322 2477 453 2510 Omana
465 2498 475 2514 ,
500 2486 537 2508 ac
550 2474 668 2509 Latina
677 2474 789 2510 omnis
799 2473 942 2510 Ecclefia
970 2474 1101 2518 Episco-

348 2523 397 2568 pis
410 2547 420 2564 ,
439 2523 639 2567 presbyteris
651 2548 663 2565 ,
686 2534 786 2569 atque
795 2524 958 2561 Diacouis
970 2525 1100 2568 plenam

222 2573 599 2616 sempercontinentiam
610 2574 767 2617 imposuit
781 2599 792 2615 ,
816 2575 917 2609 etiam
928 2575 971 2609 ab
993 2575 1100 2609 uxori-

223 2622 286 2656 bus
296 2633 391 2657 antea
404 2622 669 2660 duffisEandem
682 2624 830 2671 AEgypti
845 2634 942 2668 atque
952 2626 1100 2662 Orientis

224 2672 319 2706 fuisse
336 2672 611 2712 consuetudinem
632 2698 645 2715 ,
669 2674 807 2713 testatur
826 2675 959 2709 Sanctus
980 2675 1101 2710 Hiero-

224 2733 346 2766 nymus
365 2723 402 2760 in
422 2723 524 2758 Libro
543 2733 663 2762 veontra
683 2724 909 2769 Vigilantiam
930 2750 939 2756 .
972 2725 1100 2770 Legem

225 2770 312 2806 hanc
322 2772 356 2806 &
365 2772 497 2819 reliquis
508 2773 695 2810 Graecorum
707 2774 856 2814 Ecclefiis
864 2774 983 2811 inferre
1003 2785 1101 2809 cona-

224 2822 253 2856 ti
262 2822 336 2855 sunt
346 2821 383 2855 in
391 2820 453 2857 hac
461 2822 598 2866 Synodo
607 2823 722 2868 Legati
736 2823 922 2868 Apostolici
935 2837 945 2867 3
973 2825 1100 2859 Verum

221 2872 334 2906 Sancti
346 2870 524 2916 Paphnutii
534 2896 546 2913 ,
572 2873 734 2918 AEgyptii
746 2874 899 2918 Episcopi
917 2875 1101 2912 intercessio

225 2921 419 2964 impedivit,
444 2922 587 2966 fecitque
598 2923 755 2967 proscribi
774 2923 877 2959 solam
889 2924 1101 2960 introdustio-

224 2982 304 3006 nem
328 2971 505 3008 mulierum
528 2982 755 3009 extranearum
780 2999 788 3006 .
815 2975 892 3008 Scio
919 2974 1100 3018 paphnutii

224 3019 486 3068 intercessionem
507 3021 731 3065 &quibusdam
751 3022 847 3066 abjici
872 3034 909 3058 ut
934 3025 1099 3069 suppositi-

220 3070 307 3106 tiam
316 3072 351 3107 ἀ
361 3071 536 3116 graeculum
546 3072 741 3116 figmentum
752 3086 760 3106 ι
773 3072 822 3110 At
833 3074 1000 3115 existimo,
1011 3074 1101 3118 quod

224 3120 312 3156 male
321 3145 332 3162 ,
348 3133 391 3156 ex
405 3120 557 3165 gravibus
565 3121 744 3158 rationibus
752 3135 791 3158 ac
802 3123 997 3161 testimoniis
1008 3149 1015 3156 .
1038 3124 1101 3160 Re-

224 3170 394 3206 aetamen
407 3171 585 3218 Gregorius
596 3172 749 3215 septimus
766 3173 923 3208 Pontifex
934 3197 945 3214 ,
972 3175 1006 3208 in
1015 3173 1102 3208 Lati-

225 3230 345 3255 norum
366 3221 570 3256 Clericorum
596 3221 750 3268 sacrilega
769 3223 980 3258 matrimonia
1004 3223 1101 3259 statu»-

224 3278 285 3303 ens
294 3293 306 3310 ,
323 3270 414 3309 illam
419 3271 594 3315 ,damnavit
604 3284 613 3307 .:
629 3271 744 3317 utpote
753 3273 952 3311 contrariam
960 3275 1102 3322 antiquae

224 3319 360 3362 puritati
387 3321 529 3357 Latifiae.

278 3368 341 3403 Sed
350 3371 428 3413 quid
441 3371 487 3405 est
500 3371 701 3407 introductio
712 3395 726 3413 ,
748 3372 830 3418 quid
839 3373 990 3408 mulieres
1000 3374 1100 3410 intro-

226 3416 352 3455 dustae'?
378 3419 530 3456 Ruffinus
539 3420 628 3458 hunc
648 3422 824 3458 Canonem
834 3422 855 3458 ὲ
870 3423 1100 3461 Οιποο,,[.αῐὶ·

227 3477 313 3504 num
321 3466 455 3505 reddens
464 3482 524 3517 pro
528 3470 772 3517 subintroductas
797 3473 894 3519 ponit
910 3482 1074 3509 extraneas
1086 3488 1098 3508 .-

1169 2386 1309 2418 eumque
1325 2375 1430 2419 plures
1443 2374 1616 2410 Gallorum
1640 2375 1740 2420 atque
1750 2378 1978 2421 Hispanorum
1990 2377 2048 2421 Sy·

1169 2426 1273 2465 nodi,
1299 2424 1653 2469 quidamquealiisunt
1670 2428 1792 2461 secuti.
1819 2428 1893 2462 Nec
1916 2427 2047 2471 penitus

1169 2474 1267 2509 male.
1297 2476 1478 2510 Extraneas
1490 2476 1581 2510 enim
1594 2476 1747 2511 mulieres
1758 2476 1879 2511 Canon
1898 2488 1987 2512 vetat
1996 2478 2050 2511 in-

1167 2524 1323 2566 troduci,
1346 2525 1389 2559 de
1409 2536 1476 2567 quo
1499 2526 1690 2569 quaerimus‚
1715 2527 1807 2570 quod
1825 2528 1883 2561 fit?
1907 2527 2047 2562 Exstant

1165 2575 1206 2609 de
1214 2575 1273 2610 illo
1281 2576 1451 2609 numerosa
1459 2577 1672 2623 antiquorum
1683 2576 1872 2616 testimonia
1884 2601 1895 2617 ,
1920 2579 1954 2612 δε
1964 2589 2048 2621 quat·

1166 2625 1243 2659 dam
1252 2635 1383 2669 oportet
1389 2625 1508 2664 adduci
1518 2651 1526 2658 .

1216 2673 1447 2711 Tertullianus
1457 2676 1492 2709 in
1504 2676 1608 2711 Libro
1619 2675 1847 2711 exhortatorio
1865 2677 1907 2712 ad
1919 2677 2049 2712 castita·
2068 2691 2101 2720 c,
2124 2700 2166 2721 η,

1166 2734 1255 2766 tem,
1282 2736 1344 2760 nec
1355 2737 1424 2763 non
1435 2726 1470 2763 in
1491 2726 1646 2761 Librode
1667 2728 1883 2771 monogamia
1898 2751 1908 2767 ,
1936 2729 2047 2762 secun·
2068 2733 2103 2767 C.
2119 2733 2163 2764 16.

1166 2775 1224 2809 das
1234 2776 1366 2819 nuptias
1374 2776 1509 2813 damnat
1522 2800 1532 2816 ‚
1546 2777 1684 2819 virisque
1696 2776 1805 2812 viduis
1816 2777 1927 2821 paffim
1938 2777 2047 2811 dicen-

1167 2825 1272 2859 t'ibus:
1298 2823 1426 2869 Consors
1443 2837 1565 2862 onerum
1587 2826 1625 2866 est
1643 2827 1801 2869 neceffan‘a
1813 2850 1823 2866 ,
1850 2827 2023 2869 respondet
2034 2841 2046 2862 .·

1168 2875 1253 2909 Habe
1264 2876 1397 2918 aliquam
1407 2887 1526 2908 uxorem
1532 2874 1704 2918 spiritalem
1714 2900 1726 2917 ,
1748 2875 1871 2919 adsume
1884 2878 1921 2911 de
1939 2879 2045 2914 viduis

1168 2925 1341 2964 Ecclefiae,
1365 2924 1430 2966 fide
1448 2925 1609 2967 pulchram
1632 2950 1642 2965 ,
1662 2934 1846 2969 paupertate
1871 2928 2010 2960 dotatam
2035 2951 2046 2967 ,

1168 2973 1435 3018 aetatefignatam';
1461 2977 1570 3009 Bonas
1590 2982 1715 3017 nuptias
1726 2975 1839 3017 feceris
1851 3001 1858 3009 .
1886 2976 2047 3021 Hujusmo-

1168 3025 1199 3057 di
1213 3036 1321 3058 uxores
1332 3030 1424 3057 etlam
1430 3026 1536 3066 plures
1555 3024 1662 3063 haberi
1672 3049 1683 3065 ,
1710 3029 1772 3062 Deo
1775 3035 1901 3070 gratum
1910 3027 1969 3068 est,
2019 3025 2033 3042 ‘
2056 3036 2058 3040 ’

1217 3073 1318 3117 Apud
1329 3073 1509 3111 Eusebium
1519 3074 1756 3114 Caesaraeensem
1766 3075 2046 3121 Antiochenasy-

1169 3123 1275 3158 nodus
1299 3124 1336 3162 in
1349 3123 1490 3168 Pauhm
1516 3124 1797 3167 Samosatensem,
1822 3125 2046 3166 patriarcham

1168 3172 1419 3208 Antiochenum
1431 3198 1442 3215 ,
1459 3174 1648 3209 sinodaliter
1659 3174 1819 3219 dejectum
1830 3201 1840 3217 ‚
1866 3177 1978 3211 scribit
2003 3178 2045 3212 ad

1168 3223 1367 3266 Dionysium
1380 3223 1504 3269 Papam
1517 3236 1523 3256 :
1535 3227 1691 3262 Praererea
1701 3228 1779 3267 quid
1786 3226 1834 3269 est,
1845 3229 1925 3270 quod
1931 3229 2044 3261 litteris
2069 3234 2125 3267 1..7.
2134 3242 2157 3264 c.
2166 3244 2219 3271 24·

1165 3275 1330 3316 prodamus
1347 3271 1518 3318 adscititias
1556 3275 1639 3310 illius
1662 3277 1801 3313 mulieres
1814 3301 1824 3317 ,
1849 3290 1927 3319 quas
1942 3277 2044 3321 subin-

1167 3322 1319 3358 troaudus
1329 3323 1503 3361 Antiochen}
1522 3326 1678 3368 appellant
1691 3350 1702 3367 ‚
1726 3327 1764 3363 ,(9
1786 3329 1925 3364 mulieres
1951 3333 2043 3360 etiam

1168 3373 1405 3412 Presbyterorum
1414 3385 1449 3407 ac
1470 3377 1669 3410 macenorum
1682 3374 1823 3420 suorum,
1850 3389 1973 3419 quorum
1983 3388 2042 3409 non

1167 3423 1218 3458 boc
1224 3421 1502 3469 pecsaeumsolffl‚
1518 3423 1581 3468 sed
1585 3427 1648 3459 alla
1654 3428 1750 3469 prop?
1769 3426 1950 3469 insanabilia
1961 3427 2041 3459 calli-

1166 3476 1202 3509 de
1221 3473 1398 3510 occultaut.
1425 3474 1593 3520 aequem
1607 3484 1668 3521 pro
1687 3485 1766 3514 certo
1784 3476 1928 3513 habemus
1948 3479 2040 3516 cogni-

1923 3533 1989 3559 tum
