2346 3776
653 97 1094 149 DrssERTATm

201 180 285 225 faga
309 181 428 224 exivit:
454 179 489 214 ό·
506 177 683 211 miraculum
705 176 757 210 boc
775 176 888 211 cunllls
901 175 1091 221 fignificavit.

207 231 327 266 Ariani
347 255 358 273 ,
384 240 421 264 ut
443 228 565 264 avitam
585 227 715 262 Divinae
735 227 988 272 glorificationis
1014 229 1091 262 For-

201 293 298 317 mam
309 305 321 321 ,
347 280 450 312 Gloria
469 281 582 317 Patri„
607 278 732 311 &Filio
745 302 756 318 ‚
781 278 816 312 δ’
827 279 955 321 Spiritui
967 279 1090 318 Sanc‘lo,

205 331 438 375 depravarunt:
466 328 710 368 &cantat-unt,
735 327 853 363 Gloria
874 326 963 361 Patri
974 339 1028 371 per
1039 329 1090 361 Fi-

204 381 289 416 lium
310 380 345 413 in
365 378 487 421 Spiritu
499 376 638 420 Sanst03
664 378 710 413 ita
720 389 853 422 quoque
870 377 1084 420 depravarunt

203 427 438 474 Evangelicam
450 426 607 470 Baptismi
628 429 768 464 formam
781 451 792 467 ,
816 427 850 461 δε
868 426 928 460 fibi
951 427 1086 462 fabrica-

201 488 280 515 runt
295 477 381 512 hanc
405 489 413 509 ε
441 477 627 522 Baptizatur
649 478 695 512 N.
715 483 748 511 in
766 482 882 510 nomme
900 479 1008 512 Patris
1028 487 1086 520 per

200 529 316 564 Filium
337 534 371 560 in
389 529 506 568 Spiritu
526 528 642 562 SanHo.
669 529 749 562 Hoc
760 527 943 573 gravissime
955 528 1010 562 fibi
1024 528 1086 562 dis-

199 578 320 623 plicere
333 603 344 619 ‚
369 577 404 615 ὃς
416 577 601 613 istiusmodi
613 577 777 622 Baptisma
787 588 857 611 non
870 578 933 611 esse
954 588 1062 612 ratum
1076 601 1086 618 ,

198 628 324 670 Divina
337 626 465 672 Iustitia
475 627 708 663 demonstravit
720 627 783 662 isto
794 626 970 661 Miraculo.
989 629 1032 662 Et
1043 639 1085 662 ex

197 677 342 713 adduffls
353 675 529 714 Theodori
539 677 644 714 verbis
658 702 671 719 ,
695 686 777 712 nota
795 677 1002 715 Orientalem
1023 677 1084 713 Ec-

197 726 307 762 lefiam
319 752 330 769 ,
354 727 436 763 dum
448 727 612 772 baptizat,
636 739 706 763 non
716 726 827 762 dicere
841 751 852 768 ,
877 730 1061 769 Baptizetur
1073 751 1083 767 ,

195 777 253 813 sed
266 776 322 812 hic
342 787 398 814 aut
417 778 476 812 iste
492 780 686 820 Baptizatur.
712 777 823 821 Ipsum
844 777 913 812 alio
933 777 1010 812 loco
1030 776 1083 811 de-

195 827 377 863 monstravi
395 826 528 872 largius.
556 827 705 876 Qiidam
723 836 900 872 opponunt
922 827 1083 862 Florenti-

194 888 276 912 nam
285 876 459 920 synodum
471 901 483 918 ‚
506 887 578 920 quae
596 878 705 921 posuit
728 877 764 912 in
787 879 847 912 suae
868 889 945 912 cum
967 878 1083 911 Arme-

194 927 330 961 niorum
341 924 483 960 Ecclefia
495 927 633 962 unionis
644 927 790 962 Decreto
802 940 809 959 :
836 932 910 960 Non
919 938 1060 971 negamus
1071 950 1082 966 ‚

194 982 270 1020 quin
281 977 378 1018 &per
388 977 443 1010 illa
454 977 550 1011 verba
564 1001 575 1017 ,
600 977 772 1019 baptizetur
781 980 854 1011 talis
872 976 983 1021 servus
994 976 1080 1010 cbri-

187 1025 229 1067 sti
237 1031 275 1061 1n
284 1032 401 1061 nmine
411 1028 518 1060 Patris
526 1051 538 1067 ‚
549 1027 584 1062 o·
597 1028 684 1068 Filii,
695 1030 730 1062 <a
740 1030 871 1070 spiritus
883 1028 1000 1061 sam‘ii:
1013 1028 1080 1065 vei,

191 1072 369 1118 baptizatur
379 1076 519 1110 manibus
531 1083 607 1111 meis
619 1079 693 1111 talis
705 1102 716 1118 ,
727 1084 761 1111 in
771 1084 886 1111 nomine
897 1081 1001 1110 Patris
1012 1101 1023 1118 ,
1046 1077 1080 1111 Θ

189 1127 292 1166 Filii,
318 1128 353 1161 ἐν
363 1129 497 1169 spiritus
508 1127 611 1160 sanein·
623 1151 635 1167 ‚
660 1139 766 1161 verum
770 1128 947 1170 perficiatur
959 1124 1079 1168 Baptis-

190 1187 252 1209 ma.
265 1176 319 1210 Ex
328 1175 382 1209 his
393 1176 499 1209 verbis
509 1175 564 1210 isti
573 1177 708 1211 censent
718 1177 1078 1221 quasdam,Baptizetur,

189 1225 348 1270 quasdam
356 1224 545 1260 Orientaies
558 1226 717 1260 Ecclesias
726 1226 860 1265 dixisse,
883 1228 1076 1267 Baptizatur.

189 1275 393 1318 Respondeo
403 1284 531 1308 textum
542 1274 633 1308 hunc
642 1286 700 1317 per
710 1274 976 1318 nuperam,Pauli
987 1276 1078 1318 quin-

189 1324 219 1360 ti
230 1323 496 1366 Pontificisjussu
506 1323 540 1357 &
550 1334 627 1358 cura
638 1324 756 1358 fastam
768 1348 780 1364 ‚
791 1324 991 1358 Vaticanam
1003 1325 1077 1359 Edi-

187 1373 318 1409 tionem
328 1374 392 1408 effi:
403 1374 594 1408 correctum.
635 1372 719 1407 Haec
737 1374 831 1408 enim
841 1374 883 1408 ad
894 1375 1076 1419 marginem
1099 1393 1101 1396 ·

188 1421 291 1467 priori
301 1423 379 1457 loco
389 1422 514 1467 posuit:
545 1426 742 1464 Baptizatur.
770 1423 834 1459 Per
853 1436 1014 1470 magnum
1033 1423 1077 1459 vi-

187 1484 264 1508 rum
276 1475 417 1509 corresta
427 1472 562 1508 fuit‘ista
575 1472 691 1508 Editio
705 1487 716 1507 .·
733 1473 796 1508 Per
807 1472 978 1519 Angelum
990 1474 1076 1510 Roc-

188 1535 250 1564 ca,
277 1522 415 1559 &nostra
432 1522 667 1568 Augustinenfi
690 1524 818 1558 familia
840 1524 1076 1569 Tagastenscm

187 1573 391 1617 Episcopum
405 1599 417 1615 ,
450 1585 489 1607 ac
511 1571 698 1609 Praefectum
720 1573 907 1618 Apostolici
930 1574 1074 1608 Sacrarii.

142 1638 144 1640 ·
187 1623 278 1658 Rem
290 1623 382 1658 istam
395 1623 488 1658 aliter
498 1625 593 1658 refert
606 1624 723 1659 Victor
744 1625 977 1659 Tonnonensis
1001 1624 1076 1668 Epi·

187 1673 303 1716 scopus
322 1686 330 1705 :
367 1673 491 1707 Barbas
517 1676 643 1715 quidam
665 1678 772 1708 Ariani
790 1681 897 1708 erroris
911 1673 1074 1718 Episcopus

187 1723 262 1756 dum
265 1722 427 1766 proesumit
438 1734 541 1757 contra
553 1726 727 1768 Regaltium
741 1723 839 1767 ficpra
859 1724 1075 1767 baptizandum

186 1774 286 1806 dicere
295 1797 307 1813 ,
329 1775 480 1814 Baptizat
489 1783 519 1806 te
530 1774 653 1807 Barbas
665 1780 698 1807 in
709 1781 826 1808 nomine
840 1778 946 1809 Patris
954 1784 1012 1817 per
1025 1780 1076 1808 Fi-

187 1823 260 1856 lium
271 1828 303 1855 in
313 1824 428 1864 Spiritu
438 1822 547 1856 Sanno
559 1847 570 1863 ,
591 1825 731 1865 protinus
744 1837 825 1867 aqua
837 1848 847 1864 ,
874 1836 912 1858 ex
925 1836 984 1869 qua
987 1825 1077 1866 futu-

186 1884 257 1906 rum
266 1880 331 1905 erat
343 1872 500 1915 baptizare
510 1872 668 1915 bominem,
679 1874 825 1918 nusquam
831 1881 1005 1916 comparuit,
1015 1886 1074 1908 vas

185 1925 260 1956 verti
270 1920 367 1965 ipsum
381 1946 391 1963 ,
417 1929 450 1955 in
460 1935 517 1966 quo
527 1935 608 1965 aqua
614 1933 681 1958 erat
690 1948 701 1964 ,
720 1924 906 1966 eonfraHum
916 1924 961 1965 est.
983 1927 1078 1968 ‚Quod

185 1971 369 2013 considerans
382 1997 392 2013 ,
418 1979 469 2016 qui
480 1972 684 2014 baptizandus
693 1983 762 2007 erat
773 1998 784 2013 ,
805 1975 945 2016 protinus
959 1977 1005 2009 ad
1014 1978 1074 2009 Ca-

183 2021 323 2055 tholicum
332 2028 426 2056 currit
437 2023 472 2056 <it
482 2022 675 2067 Baptismum
687 2025 866 2068 regulariter
871 2023 976 2067 sumit.
1014 2025 1071 2059 Est

182 2071 291 2105 multa
303 2073 338 2107 δε
348 2084 468 2117 magna
479 2072 673 2109 differentia.

234 2120 340 2155 Aliud
352 2121 482 2166 insuper
491 2134 533 2157 ex
543 2123 608 2158 alia
620 2125 715 2159 causa
739 2124 941 2159 Miraculum
961 2124 1070 2159 scribit

183 2170 227 2205 ad
239 2172 385 2206 sanctum
396 2171 521 2216 Papam
533 2174 682 2209 Leonem
694 2176 816 2208 sanstus
837 2173 1048 2209 Paschafinus
1060 2200 1070 2215 ‚

180 2219 333 2264 Lilybeti
345 2222 379 2255 in
392 2222 503 2257 Sicilia
515 2223 695 2268 Episcopus
709 2249 720 2264 ,
746 2237 784 2258 ac
808 2224 876 2267 ejus
887 2225 922 2258 in
934 2223 1072 2259 Chalce-
1092 2236 1096 2241 ·

181 2270 319 2304 donenfi
341 2272 480 2314 Synodo
502 2273 654 2318 Legatus.
694 2273 846 2308 Affirmat
860 2274 917 2308 sub
929 2275 1069 2318 Zozymi

181 2318 386 2355 Pontificatu
400 2322 441 2357 ad
454 2323 603 2357 Honorii
616 2323 760 2370 Augusti
772 2324 988 2359 undecimum
999 2349 1009 2365 ,
1035 2326 1069 2359 &

180 2370 371 2405 Constantii
386 2371 531 2406 Comitis
542 2374 722 2409 secundum
732 2374 963 2415 Consulatum,
976 2374 1069 2409 fuisse

180 2430 322 2454 erratum
335 2421 370 2453 in
382 2421 554 2457 statuendo
575 2423 726 2459 Paschali
748 2424 802 2459 die
811 2449 822 2464 ,
849 2434 946 2467 atque
967 2426 1069 2468 prose-

180 2470 292 2514 quitur
304 2483 314 2502 :
340 2473 423 2503 Tunc
435 2483 500 2504 cum
512 2474 713 2507 declinaretur
736 2499 747 2515 ‚
774 2486 810 2507 ne
832 2475 940 2506 decimo
961 2475 1068 2507 Calen-

179 2522 239 2554 das
251 2521 332 2560 Maejs
343 2521 408 2553 dies
420 2520 544 2564 Pascbae
564 2532 714 2557 teneretur
725 2548 735 2564 ,
762 2524 942 2558 celebratum
964 2524 1068 2558 oc‘iavo

180 2571 229 2603 dle
241 2571 393 2603 Calendas
408 2572 520 2611 Aprilis
533 2596 543 2611 ,
567 2573 650 2612 id-esl
665 2598 674 2614 ‚
690 2582 749 2615 pro
760 2572 938 2616 Embolismo
946 2585 1067 2608 commu-

180 2625 214 2653 ni
223 2618 261 2659 est
271 2631 367 2654 annus
379 2630 485 2652 tentus
501 2645 511 2661 ,
540 2622 574 2655 <9⁶
584 2633 665 2656 error
671 2624 863 2667 graviffimus
872 2622 909 2662 est
919 2633 1002 2656 ortus
1011 2649 1020 2664 ‚
1034 2630 1066 2656 1‘n

180 2678 301 2703 tantum
315 2694 325 2709 ‚
350 2679 383 2702 ut
395 2670 554 2710 Ministerio
562 2682 639 2704 certo
650 2697 661 2712 ,
687 2674 768 2715 quod
777 2675 850 2705 dono
860 2676 881 2706 5
882 2673 963 2706 amqi
974 2675 995 2706 5
992 2681 1065 2715 piri-

180 2729 232 2753 tus
243 2719 424 2759 ministratur
435 2745 445 2760 ,
470 2719 533 2754 baec
545 2727 663 2755 veritas
668 2722 858 2765 probaretur.
900 2725 993 2766 ,Quod
998 2732 1065 2765 pro-

174 2777 285 2812 pterca
303 2771 414 2802 credidi
437 2773 642 2811 exponendum
663 2796 673 2812 ,
710 2779 782 2815 quia
800 2774 877 2806 locus
900 2772 963 2815 ipse
973 2780 1063 2806 etlam

174 2818 279 2862 sancqo
288 2828 378 2861 atque
388 2820 407 2850 ci
418 2831 462 2852 me
472 2823 642 2854 venerando
653 2826 761 2855 Fratri
773 2835 834 2856 meo
847 2823 973 2855 Libanio
993 2827 1064 2856 Dta-

179 2880 248 2902 cono
259 2870 412 2908 notiffimus
423 2868 469 2908 est.
496 2872 593 2910 Cujus
608 2871 730 2911 Mysterii
744 2874 921 2906 Miraculum
944 2874 1004 2906 tale
1016 2873 1061 2912 est.

180 2920 335 2962 ,Quaedam
346 2919 480 2958 viliffima
501 2920 621 2962 Posseffio
643 2922 790 2955 Meltinas
812 2924 983 2963 appellatur
996 2947 1006 2962 ‚
1032 2930 1065 2955 in

180 2969 327 3018 montibus
340 2970 444 3000 arduis
457 2966 588 3010 acffllvis
610 2970 772 3012 denfiffimis
794 2971 947 3013 constituta
958 2997 967 3012 ,
993 2974 1064 3005 illic-

180 3029 236 3060 que
250 3026 419 3060 per-parva
432 3027 522 3060 atque
533 3019 588 3051 vili
599 3027 681 3060 opere
691 3021 852 3062 constructa
862 3022 900 3061 est
913 3021 1039 3063 Ecclesia
1052 3037 1061 3055 .-

180 3071 217 3100 ln
227 3070 312 3109 qu‘us
324 3067 503 3110 Baptisterio
513 3068 592 3102 node
597 3067 795 3112 sacrosanlla
810 3069 956 3113 Pascbali,
967 3072 1062 3114 bapti-

179 3119 272 3150 zandi
283 3117 356 3150 hora
369 3142 379 3158 ,
405 3129 469 3150 cum
481 3119 580 3150 nullus
593 3121 706 3151 canalis
723 3144 733 3159 ,
759 3122 840 3153 nulla
845 3120 884 3162 fit
889 3120 999 3163 fistula,
1012 3134 1063 3155 nec

181 3178 259 3209 aqua
269 3170 383 3200 omnini
394 3173 497 3201 vicina
510 3192 520 3206 ‚
540 3167 615 3209 fons
629 3167 708 3211 exse
727 3172 856 3210 repletur
870 3195 880 3210 ‚
901 3170 1062 3214 paucisque

180 3223 232 3258 qui
235 3216 354 3258 fuerint
364 3215 537 3260 confi’cratis
550 3241 560 3257 ,
587 3229 651 3250 cum
664 3219 864 3252 deduc‘lorium
886 3221 998 3253 nullum
1010 3220 1062 3253 lsa-

132 3310 134 3312 v
181 3265 248 3298 beat
259 3289 269 3305 ,
295 3276 416 3309 utaqua
426 3276 552 3300 venerat
564 3291 574 3307 ‚
601 3279 638 3300 cx
646 3266 710 3311 sese
720 3267 876 3311 descendit.
915 3273 995 3303 Tunc
1015 3283 1058 3303 er·

132 3314 136 3325 ¹
176 3326 215 3359 go
223 3314 407 3358 cumsanllae
415 3323 562 3350 memoriae
575 3320 699 3350 Domino
709 3319 857 3360 quondam
868 3330 928 3351 meo
939 3331 974 3352 ac
985 3322 1061 3354 Bea-

180 3365 279 3404 ttffimo
288 3367 376 3407 Papa
396 3369 520 3412 Zozymo
533 3391 542 3406 ,
568 3379 633 3400 cum
653 3369 738 3409 apud
757 3369 958 3401 occidentales
979 3381 1060 3403 error

179 3423 262 3446 ortus
269 3413 370 3457 fuiffet
383 3439 393 3455 ,
418 3415 559 3459 consuetis
573 3417 759 3460 Lellionibus
774 3423 807 3450 N
810 3418 868 3450 one
890 3421 909 3451 5
912 3429 981 3451 acra
1001 3418 1061 3462 dss-

178 3464 256 3505 cuffis
279 3486 291 3503 ,
315 3475 379 3496 cum
402 3465 555 3505 Presbyter
572 3465 735 3509 setundum
755 3479 863 3502 morem
883 3467 1059 3511 baptizandi

279 3513 395 3559 Differt.
410 3516 532 3550 Prooem.
547 3518 624 3551 Tem.
636 3521 660 3550 1.

1142 92 1562 146 PRoOEMmms.
1962 117 2029 156 137

1133 191 1136 195 >
1157 175 1260 209 horam
1269 181 1453 218 requireret,
1479 172 1568 217 usque
1577 173 1622 206 ad
1629 173 1721 207 lucem
1737 185 1816 217 aqua
1835 187 1893 211 non
1911 180 2033 211 venien-

1155 235 1185 259 te
1197 250 1209 266 ,
1233 237 1291 260 non
1302 224 1457 268 consecrati
1469 249 1479 266 ,
1506 229 1558 267 qui
1568 223 1748 265 baptizandi
1752 224 1902 267 fuerant,
1921 227 2032 271 recesse-

1155 284 1234 309 runt.
1261 280 1301 309 Ut
1309 287 1376 320 ergo
1385 274 1517 309 breviter
1526 285 1670 315 narrem,
1694 273 1749 307 illa
1769 273 1850 306 none
1862 298 1873 314 ,
1900 287 1968 317 quae
1987 278 2034 310 lu-

1153 325 1280 369 cescebat
1301 332 1335 359 in
1356 327 1437 358 diem
1457 327 1663 365 Dominicam‚
1689 324 1798 357 decimo
1814 324 1863 356 die
1874 325 2034 369 Calendasv

1154 377 1232 417 Maji
1246 381 1328 409 Fons
1338 377 1426 408 sacer
1437 374 1509 407 bora
1527 383 1706 416 competente
1725 374 1857 416 repletus
1878 371 1925 412 est.
1954 376 2033 407 Evi-

1150 426 1235 459 denti
1254 427 1322 471 erga
1339 426 1482 458 Miraculo
1502 426 1611 458 claruit
1639 424 1873 458 occidentalium
1894 425 2034 456 Patrium

1142 474 1231 518 fuisse
1252 486 1388 509 errorem.
1416 475 1495 509 Erat
1507 474 1630 518 duplex
1652 473 1864 508 Miraculurn.
1891 471 1954 507 Per
1973 473 2035 516 pri-

1149 536 1239 559 mum
1254 549 1265 565 ,
1291 525 1416 559 Divina
1427 524 1565 559 Bonitas
1575 536 1617 558 ex
1629 524 1756 559 secretis
1767 524 1850 558 locis
1861 534 1960 566 aquas
1981 521 2037 556 de-

1148 574 1287 610 ducebat
1298 573 1333 608 in
1344 575 1507 614 Fontem,
1541 574 1606 608 fine
1628 573 1788 609 meatibus
1810 598 1822 614 ,
1855 573 2036 617 quotannis

1148 625 1241 658 omni
1253 625 1334 660 festo
1345 623 1503 659 Pa'schali.
1530 623 1592 658 Per
1604 622 1783 658 secundum
1798 647 1808 663 ‚
1833 622 1947 657 eadem
1968 623 2036 657 130-

1149 675 1232 709 nitas
1244 675 1427 720 denegebat
1438 674 1512 709 istas
1523 685 1640 718 aquas,
1667 683 1764 717 atque
1776 673 1820 706 ita
1831 671 2033 707 demonstra-

1147 724 1201 758 bat
1214 726 1248 760 &
1259 725 1442 770 corrigebat
1455 717 1606 759 Ecclefiae
1616 724 1653 757 in
1673 722 1873 767 designando
1895 721 2034 757 Pascha·

1145 774 1233 809 lidie
1244 787 1385 810 errorem
1396 800 1408 816 ,
1433 775 1703 819 quotiescumque
1713 772 1789 807 talis
1797 783 1885 806 error
1901 773 2034 806 ‚evenie-

1145 823 1207 858 bat.
1238 825 1281 858 Et
1302 825 1397 860 istam
1419 825 1518 859 saneti
1540 823 1725 859 Paschafini
1747 821 1934 866 Epistolam
1946 822 2035 856 tanti

1143 874 1220 907 fecit
1243 876 1369 910 sanstus
1391 874 1531 909 Isidorus
1555 873 1757 918 Hispalensis
1780 870 2034 916 Archi-Episco-

1142 934 1200 966 pus
1214 948 1225 964 ,
1252 934 1289 958 ut
1311 924 1406 958 illum
1427 934 1557 968 propter
1580 923 1667 959 hanc
1690 922 1857 957 inseruerit
1877 923 1936 956 suo
1958 920 2032 955 illu-

1142 973 1257 1006 strium
1270 973 1427 1008 Virorum
1440 973 1629 1019 Cathalogo
1641 999 1653 1016 ,
1688 974 1723 1008 δι
1741 972 1881 1009 laudarit
1889 971 1957 1016 ejus
1967 971 2036 1016 jam

1141 1022 1277 1057 adducta
1291 1023 1397 1058 verba.
2024 1020 2029 1023 “

1190 1072 1279 1107 Istud
1296 1072 1505 1109 ,Miraculum
1524 1074 1631 1118 viguit
1655 1074 1756 1108 etiam
1783 1075 1819 1107 in
1850 1073 2024 1117 Hispania.

1140 1122 1274 1156 Etenim
1285 1122 1326 1156 ad
1339 1123 1420 1157 sexti
1432 1123 1547 1157 Saeculi
1558 1124 1831 1169 septuagesimum
1847 1123 2028 1165 septimum

1139 1183 1263 1206 annum
1274 1172 1384 1207 scribit
1398 1172 1492 1207 breve
1505 1198 1515 1213 ,
1540 1174 1559 1206 ὲ
1578 1172 1736 1217 Philippo
1758 1171 1901 1207 Labbaeo
1922 1183 2029 1215 nuper

1140 1221 1309 1266 vulgatum
1324 1247 1335 1263 ‚
1361 1223 1528 1257 Remenfis
1541 1223 1690 1258 Ecclefiae
1702 1222 1898 1257 Chronicon
1919 1236 1930 1256 .·
1956 1220 2026 1265 His-

1134 1279 1209 1313 pani
1219 1274 1253 1306 (9⁹
1264 1276 1377 1306 Franci
1388 1274 1425 1308 de
1438 1271 1554 1316 Pascha
1564 1274 1740 1307 celebrando
1752 1274 1933 1316 diffitntiunt.
1958 1270 2025 1315 His-

1134 1328 1226 1363 panis
1250 1324 1416 1356 duodecimo
1437 1324 1591 1359 calendas
1614 1325 1728 1366 Aprilis
1747 1348 1757 1363 ,
1797 1327 1927 1356 Francis
1954 1324 2028 1365 verb

1137 1375 1354 1419 quartodecimo
1374 1375 1529 1407 Calendas
1551 1376 1630 1414 Maji
1656 1372 1774 1416 Pascha
1795 1370 2026 1418 celebrantibus.

1137 1423 1198 1456 sed
1206 1427 1339 1456 Francos
1349 1423 1425 1457 reete
1438 1423 1587 1466 celebs-affe
1596 1448 1606 1463 ‚
1614 1431 1672 1464 per
1682 1423 1733 1455 hoc
1744 1423 1893 1456 divinitus
1904 1421 2027 1460 claruit,

1137 1473 1217 1514 quod
1221 1472 1325 1514 fhntes
1336 1478 1368 1506 in
1380 1471 1527 1515 Hispania
1538 1497 1548 1513 ,
1570 1479 1666 1514 quiin
1674 1475 1694 1504 5
1695 1471 1824 1504 abbatbo
1834 1470 1940 1504 sanna
1953 1469 2028 1513 Pas-

1136 1521 1199 1555 cbae
1211 1523 1255 1554 ad
1266 1524 1494 1564 Baptizandum
1504 1523 1653 1573 divinitjcs
1660 1519 1766 1565 sponte*
1788 1522 1895 1563 repleri
1910 1518 2006 1563 solent
2015 1545 2028 1563 ‚

1137 1578 1236 1604 nonin
1249 1571 1451 1615 Hispanorum
1461 1598 1470 1613 ‚
1491 1571 1551 1616 sed
1566 1579 1598 1605 in
1609 1576 1796 1605 Francorum
1807 1570 1924 1614 Pascha
1936 1572 2027 1613 reple-

1137 1628 1161 1654 ti
1167 1620 1249 1664 sunt.
1278 1623 1450 1657 Consonat
1461 1624 1495 1656 in
1506 1623 1708 1657 Francorum
1730 1621 1878 1656 Historia
1901 1621 2029 1656 sanetus
2044 1625 2106 1657 Lib.
2136 1635 2166 1661 5.

1138 1671 1319 1716 Gregorius
1334 1671 1633 1716 Archi-Episcopus
1643 1669 1847 1706 Turonensis
1859 1686 1869 1705 .·
1888 1674 1937 1704 Eo
1946 1683 2028 1705 anno
2042 1675 2108 1705 cap·
2119 1676 2145 1700 7·

1136 1721 1272 1755 dubietas
1284 1721 1408 1765 PaJchae
1413 1723 1491 1765 fuit.
1517 1727 1554 1756 In
1567 1724 1677 1756 Gallils
1692 1725 1765 1756 veri
1778 1734 1831 1755 nos
1841 1747 1851 1763 ,
1875 1733 1941 1755 cum
1952 1723 2027 1755 mul-

1136 1778 1177 1804 tis
1193 1773 1381 1807 Civitatibus
1393 1798 1404 1814 ‚
1428 1774 1646 1816 quartodecimo
1656 1774 1811 1806 Calendas
1832 1774 1937 1813 Majas
1951 1771 2026 1815 san-

1135 1822 1213 1855 c‘lum
1225 1821 1575 1866 Pafthacelebravimus.
1613 1825 1673 1856 Alii
1695 1825 1768 1856 veto
1786 1833 1853 1855 cum
1875 1820 2024 1865 Hispanis

1135 1873 1299 1906 duodecimo
1308 1875 1463 1907 Calendas
1475 1875 1589 1914 Aprilis
1598 1875 1823 1907 Solemm'tatem
1834 1871 1911 1905 banc
1923 1882 2025 1906 tenue-

1135 1932 1214 1955 runt.
1243 1925 1357 1957 Tamen
1372 1922 1520 1965 utferunt
1531 1948 1541 1964 ‚
1554 1927 1667 1956 Fontes
1677 1924 1722 1956 illi
1734 1947 1744 1962 ,
1758 1929 1810 1965 qui
1822 1929 1854 1955 in
1865 1921 2022 1965 Hispaniis,

1135 1982 1208 2006 nutu
1220 1976 1278 2006 Dei
1287 1974 1467 2015 complentur
1477 1998 1489 2014 ,
1513 1979 1546 2006 in
1569 1972 1659 2013 nostro
1680 1970 1799 2015 Pascha
1816 1974 1923 2014 repleti
1936 1970 2028 2017 sunt..

1136 2022 1178 2055 Et
1189 2022 1272 2057 infra
1285 2024 1321 2057 in
1333 2023 1450 2059 eodem
1461 2025 1570 2067 Opere
1580 2023 1721 2057 affirmat
1735 2023 1813 2056 istos
1826 2023 1934 2056 fontes
1947 2021 2026 2066 fuit}

1133 2073 1164 2105 se
1176 2075 1210 2106 in
1223 2072 1339 2114 Castro
1350 2072 1450 2107 Aster.
1477 2078 1514 2106 In
1525 2075 1612 2114 cujus
1632 2071 1759 2113 Ecclesia
1773 2071 1879 2113 fontes
1903 2070 2023 2110 divinia

1132 2123 1180 2155 tus
1194 2124 1353 2164 replentur.
1381 2123 1426 2158 Et
1436 2123 1562 2157 rursum
1576 2122 1686 2157 scribit
1698 2137 1709 2157 :
1734 2121 1880 2154 Dubietas
1893 2121 2020 2165 Paschae
2041 2144 2091 2175 Lib
2114 2156 2148 2176 ω

1124 2172 1191 2213 fuit
1202 2172 1236 2204 ob
1248 2172 1320 2213 hoc,
1346 2175 1426 2216 quod
1434 2179 1468 2206 in
1481 2175 1561 2211 Cyclo
1568 2173 1665 2218 Villor
1682 2174 1755 2206 luna
1775 2173 1887 2204 decima
1913 2179 2022 2215 quinta
2040 2168 2158 2224 &Pl-35:

1126 2220 1241 2264 scripsit
1255 2221 1456 2265 Pafihafieri.
1484 2225 1505 2256 5
1506 2225 1545 2256 ed
1553 2235 1589 2256 ne
1602 2222 1765 2264 Christiani
1781 2231 1815 2254 ut
1830 2225 1863 2266 J
1865 2222 1947 2255 udaei
1961 2220 2021 2264 sub

1130 2271 1185 2305 hac
1199 2275 1290 2306 Luna
1300 2272 1364 2306 baec
1375 2274 1521 2307 Solemnia
1529 2273 1710 2306 celebrarent
1723 2297 1734 2312 ‚
1759 2273 1881 2304 addidit
1896 2296 1906 2311 ,
1936 2276 2021 2305 Lati-

1130 2328 1162 2354 m'
1170 2331 1271 2355 autem
1282 2326 1373 2356 Luna
1385 2322 1523 2366 vigesima
1529 2322 1670 2366 secunda,
1684 2322 1731 2355 Ob
1743 2321 1793 2354 boc
1803 2322 1891 2354 multi
1902 2328 1935 2354 in
1949 2323 2021 2355 Gal-

1128 2374 1179 2405 liis
1189 2378 1298 2415 quinta
1308 2374 1424 2406 decima
1437 2376 1529 2405 Luna
1538 2372 1731 2405 celebrarunt.
1747 2375 1815 2404 Nos
1828 2381 1928 2405 autem
1939 2378 2021 2416 vige-

1122 2422 1199 2464 sima
1208 2420 1349 2464 fi’cunda.
1377 2421 1588 2465 Inquisivimus
1599 2431 1703 2455 tamen
1706 2422 1837 2462 studiose*
1848 2435 1858 2454 .·
1870 2423 1932 2454 sed
1941 2426 2020 2454 Fon-

1129 2482 1174 2506 tes
1190 2470 1345 2514 Hispaniae
1356 2496 1367 2513 ‚
1392 2479 1444 2514 qui
1454 2473 1605 2505 divinitus
1630 2473 1812 2515 implentur,
1837 2477 1870 2503 in
1891 2470 2018 2512 nostrum

1129 2520 1246 2564 Pascha
1260 2525 1364 2563 repleti
1368 2521 1454 2565 sunt.
1741 2557 1751 2563 ,

1177 2571 1304 2605 Eadem
1331 2572 1457 2606 Divina
1483 2572 1590 2617 gratia
1609 2571 1785 2606 illustravit
1809 2570 2019 2606 Gallicanam

1130 2621 1314 2656 Ecclesiam.
1343 2622 1479 2656 Etenim
1490 2621 1532 2656 de
1544 2623 1652 2656 sancto
1664 2621 1864 2656 Marcellino
1877 2646 1888 2661 ‚
1911 2622 2018 2664 primo

1127 2671 1407 2706 Ebredunensium
1423 2670 1590 2716 Eoiscopo
1602 2698 1612 2713 ‚
1639 2672 1751 2706 scribit
1771 2672 1805 2704 in
1817 2671 2019 2713 Martyrolo-

1125 2723 1182 2767 gio
1204 2723 1328 2755 sanctus
1352 2721 1431 2756 Ado
1457 2721 1761 2765 Archi-Episcopus
1790 2721 1983 2754 Viennensis
2005 2733 2014 2751 z

1125 2771 1250 2805 sancius
1273 2773 1464 2805 Marcellinus
1497 2776 1610 2804 Divino
1628 2772 1710 2814 jussu
1738 2782 1803 2804 cum
1823 2769 1941 2812 sanc‘lis
1966 2772 2016 2802 so-

1123 2827 1177 2855 ciis
1199 2826 1350 2854 Vincentio
1371 2824 1406 2855 (9-
1430 2825 1578 2854 Domnino
1597 2833 1635 2854 ex
1661 2821 1764 2862 Africa
1775 2825 1901 2853 veniens
1914 2844 1925 2859 ‚
1951 2832 2015 2853 rna-

1125 2878 1239 2904 ximam
1256 2879 1378 2913 partem
1404 2873 1522 2913 Alpium
1543 2876 1785 2909 maritimarum,
1816 2869 2015 2903 Verior-sst-

1119 2928 1192 2966 gnis
1217 2922 1432 2962 admirandis,
1458 2921 1567 2963 quibus
1587 2919 1678 2963 usque
1699 2919 1785 2952 bodie
1794 2919 1921 2962 refulget
1933 2943 1944 2960 ,
1971 2920 2016 2951 ad

1125 2973 1234 3004 Fidem
1247 2969 1355 3011 Christi
1366 2977 1513 3004 convertit
1524 2983 1538 3011 ;
1564 2976 1609 3003 ita
1619 2978 1654 3002 ut
1673 2968 1886 3011 Baptisterium
1897 2993 1916 3009 ‚⁴
1934 2970 2016 3011 quod
2030 2980 2147 3016 mppr,

1122 3019 1183 3063 ipse
1203 3021 1288 3061 apud
1303 3020 1473 3062 praefatam
1494 3019 1602 3052 Urbem
1624 3020 1759 3052 condidit
1786 3025 1820 3051 in
1851 3017 2012 3062 Sacrosan-

1122 3071 1178 3103 elis
1202 3068 1357 3112 paschalis
1381 3069 1459 3109 Festi
1481 3070 1598 3112 Vigiliis
1611 3093 1622 3109 ,
1650 3072 1768 3102 Divina
1790 3074 1932 3108 virtute,
1949 3068 2012 3110 fin-

1116 3122 1197 3164 gulis
1217 3125 1306 3151 annis
1319 3143 1328 3158 ,
1354 3126 1444 3161 aquis
1462 3117 1575 3161 subitis
1607 3119 1791 3159 inundetur,
1818 3120 1853 3153 6
1866 3126 1926 3160 per
1942 3117 2010 3162 sep-

1122 3180 1182 3203 tem
1201 3167 1330 3211 iy'usdem
1349 3170 1550 3202 solemnitatis
1569 3170 1637 3201 dies
1660 3192 1671 3208 ,
1691 3170 1798 3212 gratia
1823 3168 2009 3205 exuberante

1116 3227 1306 3262 permaneat.
1337 3218 1470 3260 Utique
1481 3217 1521 3251 ad
1535 3217 1736 3261 probandam
1760 3219 1794 3252 δε
1814 3218 2012 3253 firmandam

1121 3269 1233 3313 magni
1258 3268 1466 3310 Imperatoris
1492 3267 1707 3303 Constantini
1744 3268 1869 3313 Legem
1891 3293 1902 3309 ,
1939 3279 2011 3311 quae

1121 3318 1346 3352 Christianum
1375 3316 1499 3351 Pascha
1528 3317 1657 3360 jusserat
1685 3329 1741 3362 per
1767 3326 1854 3352 totas
1887 3319 2010 3361 septem

1118 3369 1186 3403 dies
1199 3367 1389 3401 solemniter
1399 3366 1562 3402 celebrari.
1590 3368 1725 3402 Etenim
1737 3368 1863 3402 sanctus
1872 3366 2010 3401 Marcel-

1119 3419 1205 3452 linus
1217 3417 1300 3450 vixit
1312 3416 1370 3451 sub
1382 3418 1524 3461 Imperio
1538 3416 1736 3452 Constantii.
1776 3417 1902 3451 Eadem
1914 3416 2009 3450 verba

1121 3469 1154 3503 in
1167 3469 1224 3502 suo
1234 3466 1483 3514 Martyrologio
1494 3465 1592 3503 habet
1606 3466 1790 3550 Igsuardusz
1805 3465 2009 3547 Videfitug-k&
2026 3468 2095 3506 Cap.
2107 3472 2145 3504 69

1902 3525 1943 3548 an
1973 3525 2011 3548 US
