2346 3776
590 104 1069 162 ,D1ssmt‘rA‘1-1o.

167 199 323 229 Unimem
334 188 434 232 divffle
443 212 455 230 ‚
470 190 505 222 Θ
514 187 628 221 Filium
641 189 765 220 Patrem
774 185 950 228 appellavit.
979 191 1050 219 Non

171 250 243 278 item
253 254 287 277 ut
298 248 442 276 meracas
454 241 622 273 Lucernam
632 238 648 271 e*
660 240 798 272 Lucerna
807 260 818 276 ,
845 243 900 270 aut
920 238 1051 278 Lampa-

173 296 285 328 demin
294 294 372 326 duas
377 296 484 331 partes
495 285 635 329 divisam.
664 291 773 329 Neque
792 288 865 320 vero
885 284 1026 328 ejusmodi
1040 310 1050 326 ‚

173 354 209 378 ut
219 354 283 377 cum
286 341 375 383 prius
376 338 481 381 fmffet
492 362 502 378 ,
524 336 622 379 postea
625 335 664 379 fit
670 342 792 380 genitus
804 359 814 377 ,
826 347 861 368 ac
869 336 965 369 denua
975 347 1051 369 crea-

170 403 222 428 tus
243 398 276 425 in
296 391 419 423 Filium.
446 388 710 431 ,Quemadmodum
728 384 835 428 tuipse
847 396 858 424 3
885 387 1051 425 Beatiffime

171 446 261 484 Papa
269 465 280 480 ‚
306 440 408 473 media
417 443 450 470 in
476 436 603 478 Ecclesia
621 438 655 470 Θ·
677 434 810 478 Conseffu
827 433 1030 477 saepenumero
1041 460 1051 476 ‚

170 497 223 534 qul
232 489 295 522 baee
305 487 479 532 adsererent
491 511 502 527 ,
527 485 672 528 rffutasti.
698 486 760 520 Sed
766 509 778 524 ‚
790 493 824 519 ut
837 486 984 525 diximus,
995 489 1053 518 Dei

170 541 326 574 voluntate
336 548 408 573 ante
420 545 551 580 tempora
563 538 598 573 &
606 534 715 580 saecula
726 540 825 567 omnia
840 545 971 569 creatum
982 560 994 575 ‚
1019 544 1053 568 ut

170 596 291 624 viveret
300 598 392 631 atque
403 589 470 630 esset
481 611 492 627 ‚
504 589 524 619 ἃ
537 590 630 620 Patre
641 586 773 628 acceptffl
784 584 960 626 confitemur:
974 587 1053 618 Adeo

170 649 205 673 ut
214 640 318 673 eadem
331 640 385 673 illa
396 644 544 671 creatione
548 638 675 681 gloriam
684 641 712 669 ei
723 637 818 667 Pater
827 633 1052 676 cte-splendorem

169 690 335 724 contulerit.
363 696 472 731 Neque
483 693 562 720 enim
573 684 802 726 existimandum
823 684 859 726 est
868 709 880 726 ,
906 687 1030 718 Patrem
1042 708 1051 723 ‚

170 740 235 773 cum
245 745 374 771 omnium
385 744 412 773 ea*
421 748 520 771 rerum
527 736 714 778 pqffeffionem
735 736 869 767 traderet
881 759 892 774 ‚
909 733 965 775 fibi
983 733 1040 776 ipſs
1045 758 1055 774 ,

170 790 252 832 quod
261 794 395 831 ingenita
407 787 541 829 quadam
552 792 584 818 in
590 784 625 828 fi·
635 791 749 819 ratione
769 783 938 817 continebat
950 807 960 823 ‚
985 785 1056 825 ade-

167 839 256 882 miffe.
285 842 367 870 Fons
381 842 459 870 enim
466 837 514 868 ille
524 834 562 875 cst
571 841 707 867 omnium.
737 837 842 877 ,Quam
863 833 898 866 ob
919 845 982 867 rem
992 843 1055 866 tres

163 887 239 933 Jimt
249 883 417 930 Hypostases
431 898 438 917 :
451 888 544 919 Pater
555 909 565 925 ‚
580 886 680 917 Filius
695 886 847 925 ,spiritus
859 884 995 917 sancius.
1011 886 1057 915 Et

168 939 291 984 quidem
305 939 388 970 Deus
399 959 411 976 ,
436 946 502 968 cum
514 945 613 968 rerum
623 940 752 968 omnium
764 932 895 976 causafit
908 958 918 973 ,
925 932 1007 976 solus
1019 943 1057 966 ex

170 986 305 1029 omnibus
317 985 356 1026 eff
367 988 515 1027 Principii
524 993 641 1026 expers.
670 985 769 1018 Filius
782 982 918 1026 verofine
929 992 1058 1027 tempore

165 1043 288 1083 genitus
300 1038 321 1068 ’ἃ
332 1038 427 1069 Patre
438 1059 449 1075 ‚
473 1036 507 1069 ὦ·
522 1033 711 1077 antesaecula
721 1043 839 1067 creatus
849 1045 884 1066 ac
887 1032 1055 1075 fundatus,

165 1084 343 1131 priusquam
349 1090 525 1130 glgneretur
535 1083 674 1125 nonfuit.
685 1086 705 1117 5
706 1085 746 1117 ed
747 1083 810 1126 fine
823 1091 952 1125 tempore
962 1084 996 1128 (νζ
1005 1093 1057 1115 αη-

166 1146 198 1174 te
209 1142 308 1170 omnia
325 1141 449 1180 genitus
461 1159 472 1174 ,
491 1133 573 1178 solus
597 1135 617 1165 ἂ
633 1132 694 1176 solo
715 1136 809 1167 Patre
826 1133 990 1175 produuus
1008 1130 1054 1171 est.

169 1182 245 1222 Non
254 1191 334 1219 enlm
344 1194 478 1219 aternus
490 1191 545 1216 aut
553 1192 728 1217 co-aeternus
740 1183 778 1223 est
787 1208 799 1224 ,
824 1195 877 1216 nec
889 1193 953 1216 cum
963 1183 1056 1215 Patre

169 1241 331 1280 ingenitus.
359 1238 468 1276 Neque
476 1234 542 1266 cum
553 1234 648 1266 Patre
659 1232 773 1272 eastitit
784 1256 794 1271 ,
821 1240 855 1263 ut
878 1232 1011 1264 nonnulli
1020 1231 1057 1264 de

172 1285 221 1320 ὁὶ]
231 1309 242 1325 ,
267 1296 336 1329 quae
347 1284 394 1316 ad
401 1283 488 1316 aliud
493 1280 668 1325 referuntur
678 1303 691 1320 ‚
713 1280 866 1322 affirmant
875 1304 885 1319 ,
910 1287 962 1322 qui
974 1285 1058 1324 Inge-

173 1340 243 1369 rmae
260 1335 319 1367 duo
339 1335 494 1373 Principia
513 1329 697 1370 constituunt.
734 1325 842 1362 Verum
856 1329 897 1371 fic
913 1340 1060 1373 tanquam

171 1388 283 1419 Unicus
294 1383 329 1416 &³
339 1382 523 1422 Principium
544 1384 674 1412 omnium
695 1387 768 1412 ante
777 1421 779 1423 Ι
787 1386 886 1420 omnia
907 1384 989 1416 Deus
1009 1379 1054 1420 est.

171 1436 278 1478 ‚Quare
290 1437 382 1466 etiam
391 1428 452 1473 ipso
464 1428 671 1470 Christoprior
683 1428 722 1469 est
733 1453 744 1468 ,
769 1438 803 1462 ut
814 1431 834 1462 ἃ
845 1438 874 1462 te
885 1430 1056 1469 didicimus,

168 1495 237 1518 cum
248 1484 284 1516 id
290 1482 390 1515 media
399 1486 431 1513 in
443 1478 771 1520 Ecclefiapraedicares.
801 1482 897 1522 Igitur
908 1480 1056 1521 quatenus

169 1535 193 1567 ἃ
203 1537 266 1567 Deo
275 1557 286 1573 ,
311 1541 347 1567 ut
356 1530 421 1574 ᾔει·
432 1553 444 1570 ,
465 1527 630 1572 consecutus
641 1527 679 1569 est
691 1540 698 1560 :
725 1532 793 1562 Nec
803 1540 860 1561 non
871 1529 906 1563 <⁷5
916 1534 1014 1562 vitam
1023 1530 1057 1562 Θ

166 1581 357 1629 splendorem
377 1604 388 1621 ,
428 1589 593 1621 caeteraque
612 1590 679 1621 quae
702 1584 734 1611 in
755 1575 852 1621 ipsum
860 1579 966 1612 collata
973 1577 1056 1622 sunt.

170 1637 238 1669 Hac
249 1637 364 1666 ratione
375 1634 458 1663 Deus
469 1628 506 1670 est
516 1630 595 1662 illius
609 1630 805 1670 Principium.
833 1627 888 1669 Est
910 1634 989 1662 enim
1010 1629 1058 1662 illo

154 1688 251 1727 „prior
261 1693 296 1717 ac
308 1685 452 1723 Princeps
462 1704 473 1720 ‚
486 1687 585 1720 utpote
597 1682 680 1712 Deus
692 1679 775 1713 illius
789 1702 800 1718 ,
819 1684 948 1721 quiante
961 1676 1058 1722 ipfian

165 1732 265 1776 fuerit
276 1756 287 1772 ‚
313 1733 333 1764 ἃ
345 1742 400 1776 quo
410 1737 502 1764 etiam
514 1730 562 1767 ille
577 1729 733 1770 prodierit.
762 1729 856 1772 ,Quod
867 1724 899 1770 fi
915 1726 1056 1772 ejusmodi

170 1782 309 1825 loquendi
320 1786 450 1814 rationes
463 1791 470 1811 ε
499 1780 553 1812 Ex
565 1788 659 1812 utero
669 1802 680 1818 ‚
707 1778 739 1811 ὅ(
750 1778 768 1811 a
779 1777 877 1813 Patre
885 1779 973 1813 exivi
986 1803 997 1819 ,
1024 1779 1057 1814 &

171 1831 273 1866 venio
282 1856 294 1872 ,
320 1828 405 1873 quafi
413 1826 677 1874 Consubstantialt's
689 1829 814 1864 Partem
824 1853 835 1872 ,
861 1837 915 1864 aut
929 1830 1057 1872 Emiffio-

170 1893 241 1916 nem
249 1881 316 1913 cum
327 1881 479 1913 nonnullis
490 1884 668 1922 accipiamus
680 1903 693 1921 ,
716 1879 884 1924 compositus
897 1886 954 1914 erit
966 1892 1001 1914 ac
1011 1882 1057 1913 di·

162 1929 296 1973 ,vifibilis
307 1932 403 1963 Pater
413 1953 424 1970 ‚
450 1931 485 1963 Θ
505 1929 662 1962 mutabilis
674 1953 684 1969 ‚
709 1933 769 1963 imo
776 1931 904 1964 „illorum
924 1936 1057 1972 opinione

164 1989 277 2023 ‚corpus
286 2004 298 2020 ,
325 1981 359 2014 eb·
371 1979 487 2024 quo-ad
493 1984 526 2012 in
537 1977 605 2020 ipfis
617 1979 655 2019 est
667 2003 679 2019 ,
706 1991 774 2022 quae
783 1987 893 2021 corpori
905 1979 1058 2024 consenta-

163 2041 231 2066 nea
237 2028 312 2074 sunt
322 2053 334 2070 ,
354 2034 491 2073 patietur
500 2036 608 2071 expers
619 2035 745 2070 corporis
757 2032 850 2062 Deus.

221 2081 335 2115 Deum
348 2078 570 2124 Ver-bumeffe
579 2089 621 2112 ex
632 2077 741 2113 nihilo
752 2080 805 2113 seu
817 2091 857 2114 ex
877 2091 945 2114 non
962 2079 1058 2114 Enti-

169 2129 233 2166 bus
242 2138 387 2165 creatum
398 2153 408 2169 ,
419 2129 453 2164 δε
463 2127 644 2172 aliquando
658 2129 764 2169 fuiffe,
774 2129 909 2173 quando
920 2129 978 2164 ille
988 2141 1057 2164 non

170 2180 271 2216 fuerit
282 2204 294 2221 ,
317 2178 500 2214 defendunt
522 2178 770 2222 pertinacissime
779 2204 791 2220 ,
817 2179 850 2213 &
871 2179 997 2215 addunt
1009 2181 1058 2214 so-

171 2230 243 2265 lum
254 2231 366 2264 Deum
379 2230 441 2264 effe
452 2228 643 2274 Ingenitum
654 2253 668 2271 ,
690 2239 845 2263 aeternum
856 2254 866 2270 ‚
893 2239 1057 2264 carentem

163 2279 343 2323 :Principio
354 2305 365 2320 ,
376 2290 488 2313 verum
501 2303 511 2318 ‚
523 2278 748 2313 immortalem
765 2303 776 2318 ,
798 2278 1038 2323 Praepotentem
1049 2305 1059 2320 ‚

170 2328 269 2373 hujus
279 2328 404 2364 Mundi
414 2328 603 2363 Dominum
614 2329 648 2364 ὅ(
660 2329 845 2364 Κεξὲοτεῐη.
855 2329 1059 2376 Qod-nem-

170 2391 213 2424 pe
222 2379 280 2414 ista
289 2380 405 2414 omnia
419 2378 591 2413 Atttibuta
612 2379 699 2414 facto
721 2379 756 2413 δε
766 2389 876 2414 creato
890 2379 965 2413 Deo
978 2380 1058 2413 Ver-

171 2429 218 2464 bo
229 2441 295 2464 con
304 2439 505 2472 competant.
535 2430 578 2463 Et
590 2429 776 2463 adseverare
785 2441 853 2464 non
864 2429 1058 2464 erubescunt

170 2477 261 2513 hanc
272 2479 335 2513 effe
345 2478 513 2522 Majomm
525 2479 642 2513 Fidem
654 2504 664 2519 ,
691 2479 846 2513 traditam
857 2479 914 2513 fibi
926 2503 937 2519 ‚
961 2480 995 2513 &
1004 2491 1058 2523 pu-

172 2528 257 2563 blice
267 2528 302 2563 δε
312 2525 496 2572 frequenter
506 2529 542 2562 in
555 2529 698 2562 Ecclefia
710 2529 915 2572 praedicatam
927 2528 967 2563 ab
987 2530 1057 2573 ipso

172 2579 274 2613 etiam
284 2579 392 2612 saneto
405 2577 598 2612 Alexandro
610 2577 800 2613 patriarcha
815 2578 1056 2613 Alexandrino.

173 2627 273 2663 Adeo
291 2627 499 2671 impudenter
521 2640 590 2661 non
627 2628 820 2663 erubescunt
856 2629 1057 2663 calumniari.

175 2677 280 2724 Qlod
291 2689 410 2721 nempe
421 2678 641 2712 sanctissimus
662 2677 849 2712 Patriarcha
862 2679 1056 2722 praedicaffet

172 2727 307 2762 Patrem
318 2728 379 2762 effe
391 2727 470 2762 Filii
479 2727 684 2770 Principium
699 2752 709 2768 ,
735 2729 911 2773 Originem
924 2753 935 2770 ‚
944 2729 978 2763 ὅ(
991 2729 1058 2763 Au-

174 2787 282 2812 torem
297 2801 308 2817 ,
333 2777 457 2812 Filium
466 2787 575 2812 autem
588 2778 629 2811 ab
640 2778 710 2821 ipso
723 2780 876 2822 genitum
889 2803 898 2818 ,
924 2790 966 2812 ex
986 2779 1057 2822 ipso

174 2827 355 2871 proceffiff'e
364 2852 374 2867 ‚
398 2827 432 2860 ὃ(
442 2827 596 2871 accepisse
607 2828 662 2861 sua
673 2830 795 2862 omnia.
824 2829 927 2863 Porro
938 2828 979 2862 ab
991 2829 1058 2862 istis

174 2877 371 2912 effi-ontibus
379 2900 390 2916 ‚
414 2875 471 2922 qui
492 2877 660 2920 proprium
679 2877 697 2910 ὲ
715 2889 782 2921 quo
803 2878 950 2912 damnati
963 2903 973 2919 ,
999 2877 1058 2912 Pa-

174 2925 350 2961 triarcham
363 2925 486 2960 audent
496 2927 541 2961 ita
552 2927 951 2971 criminari,denigratum
965 2927 1058 2962 fuiffe

173 2978 275 3012 etiam
287 2977 469 3010 Dostorem
478 2974 717 3011 orthodoxum
738 2989 776 3011 ac
794 2978 976 3020 Martyrem
997 2978 1059 3011 Lu-

174 3027 324 3069 cianum,
331 3025 479 3060 Laudata
494 3024 663 3060 Attributa
675 3038 746 3061 non
757 3027 845 3061 Patri
856 3027 1057 3067 adscribunt,

174 3074 229 3110 st'd
246 3077 332 3110 Deo.
372 3076 503 3118 Nempe
527 3076 638 3109 Deum
658 3075 820 3111 credidere
841 3089 912 3111 non
935 3078 1059 3120 semper

176 3126 270 3160 fuiffe
281 3125 415 3160 Patrem
425 3150 434 3165 ‚
446 3125 586 3167 ideoque
596 3123 728 3160 Patrem
741 3138 808 3160 non
822 3128 884 3161 esse
892 3138 1060 3167 aeternum,

177 3175 231 3209 sed
241 3175 361 3219 caepiffe
371 3176 448 3209 cum
458 3174 626 3209 creatione
649 3174 764 3209 Verbi.
790 3177 900 3210 Etiam
924 3188 1061 3218 vocem,

180 3224 431 3268 Consubstantiale
453 3250 463 3265 ‚
498 3224 640 3258 oderunt
662 3248 674 3264 ‚
709 3225 744 3258 δε
765 3226 849 3259 varie
860 3227 1060 3260 accusarunt.

181 3273 307 3315 Primo,
317 3274 408 3318 quod
419 3274 495 3309 effet
507 3274 688 3308 Inventum
699 3274 886 3310 Manichaei.
896 3276 1061 3316 Secundo,

179 3323 271 3366 quod
282 3326 470 3368 importaret
482 3324 626 3367 ejusdem
638 3324 821 3366 Substantie
834 3325 868 3358 in
879 3336 982 3368 partes
993 3327 1064 3360 Dis-

181 3373 357 3408 sectionem
369 3398 379 3414 ,
399 3383 456 3408 aut
467 3374 553 3408 certe
565 3375 663 3416 partis
674 3386 714 3408 ex
726 3385 814 3417 parte
824 3373 982 3410 Emiffion
988 3387 1041 3410 em
1052 3401 1063 3416 ,

179 3421 332 3466 adeoque
341 3422 501 3458 Divinam
512 3424 692 3459 Effentiam
705 3425 823 3458 faceret
832 3426 1046 3468 compositam
1054 3451 1064 3467 ,

183 3471 391 3515 divifibilem,
402 3473 607 3516 mutabilem,
618 3484 715 3520 atque
725 3485 924 3519 corpoream.
932 3476 1000 3524 Qi
1005 3475 1064 3511 bus

1109 98 1537 151 PRoaxM1AL1s.
1948 125 1996 162 77

1109 183 1310 228 argumentis
1320 181 1457 218 eandem
1467 181 1599 216 Vocem
1621 181 1870 224 pertinaciffime
1886 185 1994 229 impu-

1136 234 1225 269 navit
1237 232 1350 268 Fastio
1362 231 1643 267 Eusebiana.Sunt
1654 241 1845 276 argumenta
1855 235 1897 270 ab
1908 235 1996 271 Ario

1111 285 1255 319 inventa.
1281 283 1327 317 Et
1338 280 1403 316 haec
1413 282 1459 316 est
1470 282 1623 325 palmaris
1634 281 1719 315 ratio
1729 304 1740 321 ‚
1751 293 1809 316 cur
1820 282 1915 319 istam
1926 287 1996 320 Vo-

1111 344 1182 368 cem
1203 335 1263 368 suo
1285 331 1445 376 Symbolo
1477 330 1636 370 indiderit
1665 331 1699 364 N
1702 331 1800 365 icaena
1833 331 1996 374 Synodus.

1113 385 1197 418 Eam
1208 384 1275 427 ipsa
1284 394 1354 416 non
1364 382 1566 426 excogitavit
1576 407 1586 422 ‚
1598 380 1652 416 sed
1663 380 1875 415 solummodo
1885 381 1997 419 defen-

1111 433 1161 466 dit
1172 457 1183 474 ,
1194 433 1279 466 acin
1291 431 1387 471 Fidei
1397 431 1574 466 Canonem
1586 431 1712 466 admifit
1725 430 1875 466 adversus
1888 432 1998 475 primi-

1113 481 1299 517 tivamArii
1310 481 1513 516 Fastionem.
1539 482 1643 530 Qiod
1656 483 1722 525 ipsa
1732 482 1888 525 antiquus
1899 482 1934 515 ἀ
1947 492 2001 516 ve-

1114 532 1276 567 nerandus
1296 531 1449 566 Ecclefiae
1470 532 1617 574 Scriptor
1638 530 1879 576 Theognostus
1898 532 2001 566 fuerit

1114 584 1188 617 usus
1199 607 1210 622 ‚
1221 581 1355 617 testatur
1365 581 1401 615 in
1412 580 1516 615 Libro
1528 580 1570 615 de
1582 581 1724 616 Nicaenae
1734 581 1827 616 Fidei
1840 582 2001 621 Decrero,

1114 645 1153 667 ac
1166 633 1200 667 in
1212 632 1369 668 Sermone
1379 630 1422 666 de
1431 642 1501 666 non
1512 630 1651 665 dicenda
1673 632 1708 664 in
1729 632 1883 665 Sane‘cum
1904 631 2001 675 Spiri-

1114 694 1186 717 tum
1207 680 1407 725 blasphemia
1427 682 1554 715 sanstus
1568 679 1772 715 Athanasius.
1801 682 1883 728 Qo
1905 681 2001 715 sensu

1118 734 1277 766 Hieracas
1284 731 1418 771 dixerit,
1429 731 1554 765 Filium
1564 742 1607 765 ex
1618 729 1718 764 Patre
1729 754 1739 769 ,
1752 732 1802 772 uti
1813 731 2001 765 Lucernam

1116 794 1157 815 ex
1170 783 1319 816 Lucerna
1331 805 1342 822 ,
1352 781 1525 825 procedere
1534 805 1544 821 ,
1555 793 1624 815 non
1638 780 1733 824 plene
1743 781 1822 815 scio.
1849 780 1948 815 Certe
1958 780 2002 821 de

1118 833 1187 874 ipso
1198 831 1308 866 scribit
1318 831 1348 866 S.
1362 829 1568 874 Epiphanius
1581 843 1588 863 :
1601 834 1647 864 De
1657 833 1753 865 Patre
1765 856 1776 872 ,
1789 832 1882 870 Filio,
1893 830 2004 872 &Spi-

1116 886 1178 914 ritu
1189 881 1296 914 Sanc‘lo
1306 893 1363 913 non
1373 882 1477 914 eadem
1487 882 1552 914 cum
1573 885 1699 925 origene
1713 879 1818 924 sentit.
1845 883 1933 924 ,Quin
1950 888 2003 922 po-

1117 932 1177 963 tius
1188 932 1222 963 (τ
1235 932 1255 962 ἃ
1268 932 1362 964 Patre
1374 931 1487 964 Filium
1497 942 1606 965 revera
1621 936 1759 976 genitum
1769 956 1780 971 ,
1807 932 1842 965 (⁶5
1854 933 2004 973 spiritum

1117 980 1259 1013 sancium
1268 981 1395 1021 credit,1i
1406 982 1500 1013 Patre
1504 983 1670 1022 procedere.
1698 980 1875 1028 Qidquid
1881 981 1921 1014 fit
1935 979 2005 1020 ,di-

1117 1032 1173 1065 &ae
1183 1040 1279 1076 voges
1292 1041 1299 1061 ε
1329 1033 1465 1063 Lucerna
1477 1041 1515 1063 ex
1528 1034 1666 1065 Lucerna
1675 1054 1686 1071 ‚
1713 1031 1734 1065 fi
1745 1032 1833 1065 resto
1846 1031 1940 1064 sensu
1953 1030 2004 1065 su-

1119 1089 1249 1113 mantur
1262 1103 1272 1118 ,
1298 1079 1373 1112 sunt
1385 1078 1565 1113 admodum
1577 1082 1669 1114 restae
1689 1090 1788 1124 atque
1808 1078 2002 1116 Catholicae.

1119 1129 1208 1162 Nam
1219 1129 1251 1162 N
1256 1129 1355 1163 icae-na
1367 1129 1522 1172 Synodus
1532 1130 1591 1163 suo
1603 1129 1766 1172 Symbolo
1777 1129 1930 1164 inseruit:
1944 1133 2005 1162 Lu-

1117 1190 1184 1212 men
1194 1179 1231 1211 de
1244 1182 1381 1212 Lumine.
1408 1177 1512 1212 Haud
1525 1178 1624 1213 dubie
1642 1178 1812 1214 adversum
1834 1177 1910 1213 haec
1927 1176 2005 1212 Arii

1118 1238 1319 1273 argumenta.
1349 1228 1393 1263 Et
1415 1228 1505 1272 quod
1516 1229 1585 1271 ejus
1605 1229 1806 1264 Succeffores
1828 1239 2006 1272 utramque

1119 1278 1276 1322 loquendi
1289 1278 1467 1313 formulam
1476 1302 1487 1318 ,
1500 1282 1615 1312 Lumen
1626 1290 1664 1311 ex
1676 1283 1825 1325 Lumine,
1838 1283 2006 1313 Lucernam

1119 1340 1156 1362 ex
1168 1332 1304 1362 Lucerna
1316 1352 1326 1367 ‚
1352 1329 1387 1361 in
1401 1329 1478 1362 Deo
1489 1327 1604 1363 Verbo
1627 1328 1835 1370 admiserint,
1863 1329 1951 1363 lucet
1962 1340 2007 1363 ex

1120 1378 1387 1423 quinquagesima
1411 1390 1502 1412 nona
1521 1379 1687 1415 Oratione
1714 1380 1815 1414 saneti
1851 1378 2007 1423 Gregorii

1122 1428 1346 1463 Nanzianzeni
1361 1452 1372 1467 ,
1399 1427 1457 1461 suo
1468 1427 1545 1462 loco
1555 1428 1654 1462 latius
1664 1428 1871 1471 exponenda.
1891 1427 2009 1463 Admi⁴

1119 1479 1229 1513 serunt
1240 1476 1354 1511 dolose
1366 1501 1376 1517 ,
1402 1489 1440 1511 ac
1454 1478 1488 1510 in
1501 1488 1637 1523 pravum
1649 1478 1787 1512 sensum.

1169 1528 1221 1561 Ex
1233 1526 1371 1561 addueia
1383 1526 1541 1562 sceleratae
1558 1527 1726 1562 Fastionis
1747 1527 1896 1571 Epistola
1916 1528 2008 1562 addi-

1120 1578 1237 1612 scimus
1248 1576 1381 1611 istarum
1392 1576 1673 1620 Blasphemiarum
1686 1577 1910 1612 fundamenta.
1939 1579 2009 1619 Pri-

1120 1639 1211 1661 mum
1224 1627 1267 1662 est
1281 1651 1292 1667 ,
1318 1625 1409 1671 quod
1422 1626 1510 1661 solus
1523 1627 1614 1665 Deus
1625 1626 1722 1662 Pater
1734 1628 1772 1662 fit
1784 1630 1954 1673 ingenitus
1967 1640 2007 1663 ac

1120 1688 1255 1711 aeternus
1286 1677 1374 1711 solus
1385 1677 1544 1721 Principii
1556 1689 1670 1721 expers
1685 1702 1695 1718 ,
1716 1678 1864 1722 adeoque
1877 1679 2007 1719 Filius,

1122 1739 1189 1761 non
1202 1727 1283 1772 possi
1307 1727 1364 1771 ipfi
1377 1727 1439 1762 elie
1449 1738 1638 1762 co-aeternus
1649 1752 1660 1769 ‚
1673 1740 1733 1762 nec
1744 1730 1820 1763 curn
1833 1729 1902 1773 ipso
1911 1729 2009 1773 Inge-

1122 1780 1208 1814 nitus
1218 1805 1228 1820 ,
1242 1777 1296 1813 sed
1308 1788 1432 1813 creatus
1442 1779 1476 1813 ὅ(
1487 1777 1643 1815 fundatus
1655 1779 1690 1814 in
1702 1780 1875 1824 perfectam
1886 1791 1923 1813 ac
1936 1790 2008 1814 om-

1121 1831 1213 1865 nium
1226 1829 1361 1865 aliarum
1374 1830 1545 1875 primatem
1558 1832 1761 1867 Creaturam.
1771 1831 1844 1867 Effe
1851 1840 2007 1864 aeternum

1120 1893 1157 1915 ac
1168 1881 1329 1924 Principii
1341 1891 1507 1925 expertem
1530 1881 1576 1915 est
1597 1882 1688 1915 Patri
1709 1881 1792 1915 adeo
1815 1881 1984 1924 proprium
1996 1904 2007 1920 ,

1121 1941 1156 1965 ut
1170 1930 1244 1964 istas
1256 1932 1465 1974 perfestiones
1474 1956 1484 1972 ,
1497 1931 1555 1965 nifi
1567 1930 1626 1965 fibi
1639 1931 1695 1975 ipfi
1706 1930 1831 1966 adimat
1844 1955 1854 1971 ,
1867 1940 2008 1974 nequeat

1120 1981 1669 2015 communicarealreriSecundum
1678 1980 1933 2016 fundamentum
1948 1980 2007 2020 est,

1121 2030 1210 2073 quod
1223 2030 1326 2064 Filius
1336 2042 1476 2074 nequeat
1500 2032 1563 2064 esse
1583 2030 1673 2065 Patri
1694 2031 1896 2072 Co-aetetnus
1907 2055 1918 2070 ,
1946 2030 2006 2064 nisi

1121 2081 1157 2114 fit
1166 2080 1341 2125 Ingenitus
1351 2081 1404 2121 seu
1414 2079 1660 2124 improdustus,
1687 2080 1836 2124 adeoque
1856 2081 1920 2114 smt
1938 2080 2006 2114 duo

1120 2130 1273 2175 ingenita
1283 2129 1539 2173 aclmprodusta
1548 2155 1558 2171 ‚
1585 2129 1650 2165 hoc
1663 2130 1709 2164 est
1723 2154 1735 2171 ,
1746 2130 1814 2165 duo
1826 2130 2008 2173 Principia,

1123 2181 1174 2215 seu
1186 2180 1255 2214 duo
1277 2180 1347 2214 Dii.
1375 2180 1534 2214 Tertium
1555 2180 1809 2215 fundamentum
1821 2180 1867 2215 est
1878 2206 1888 2221 ,
1918 2180 2008 2224 quod

1121 2231 1214 2265 Deus
1226 2230 1325 2264 Pater
1333 2230 1352 2264 ὲ
1362 2231 1418 2264 sua
1429 2229 1617 2265 Substantia
1640 2229 1727 2264 nihil
1749 2230 1899 2265 emittere
1911 2230 2006 2274 possit

1120 2290 1175 2314 aut
1184 2280 1451 2325 germinare3Niss
1459 2280 1596 2324 probare
1604 2280 1743 2315 velimus
1753 2280 1896 2316 carnalia
1910 2279 2010 2324 phan-

1120 2331 1255 2364 tasmata
1268 2330 1415 2364 Hieracae
1426 2354 1437 2370 ,
1449 2329 1628 2365 Manichaei
1638 2355 1648 2371 ,
1660 2343 1698 2365 ac
1707 2330 1893 2365 Valentini.
1908 2330 2010 2364 Radi-

1120 2380 1188 2414 cale
1200 2379 1454 2414 fundamentum
1464 2380 1510 2414 est
1522 2406 1532 2421 ‚
1544 2380 1635 2424 quod
1647 2382 1734 2415 inter
1745 2381 2007 2415 Generationem

1120 2431 1152 2464 δε
1164 2430 1377 2465 Creationem
1389 2455 1399 2470 ,
1420 2430 1507 2464 inter
1518 2431 1683 2466 Genitum
1695 2431 1731 2466 δε
1741 2431 1900 2466 Creatum
1914 2430 2006 2464 nulla

1121 2481 1156 2513 fit
1168 2480 1360 2514 differentia.
1388 2480 1432 2514 Et
1445 2480 1579 2523 quidem
1593 2480 1661 2515 haec
1680 2480 1842 2516 vocabula
1853 2505 1864 2521 ,
1890 2485 2008 2524 Ingeni-

1121 2540 1184 2562 tum
1199 2554 1209 2569 ‚
1235 2535 1378 2564 Genitum
1390 2554 1400 2569 ‚
1427 2532 1591 2564 Procedens
1604 2556 1614 2571 ,
1625 2531 1689 2565 ess‘e
1699 2532 1830 2566 noviter
1840 2530 1875 2565 in
1890 2531 2005 2564 Eccle-

1122 2580 1198 2613 fiam
1210 2579 1365 2623 produsta
1376 2581 1514 2614 affirmat
1526 2581 1560 2613 in
1573 2580 1684 2615 habita
1707 2581 1748 2615 ad
1768 2581 2007 2615 Constantino-

1123 2630 1303 2672 politanam
1316 2629 1488 2671 synodum
1501 2632 1662 2664 Oratione
1685 2632 1714 2664 S.
1736 2631 1916 2675 Gregorius
1940 2630 2009 2663 Na-

1122 2681 1304 2714 zianzenus.
1329 2679 1401 2713 Effe
1411 2680 1451 2713 ab
1464 2680 1546 2713 Ario
1560 2681 1600 2714 ad
1613 2682 1719 2720 suum,
1730 2691 1807 2720 erat,
1821 2680 1938 2722 quando
1951 2690 2008 2715 non

1120 2739 1186 2763 erat
1195 2754 1205 2769 ,
1216 2729 1483 2763 confirmandum
1495 2728 1625 2764 inducta
1636 2731 1775 2764 affirmat
1789 2731 1823 2762 in
1835 2730 1954 2762 Literis
1965 2728 2008 2763 ad

1121 2779 1357 2813 Caesaraeensem
1371 2780 1550 2813 Ecclefiam
1572 2780 1720 2824 Magnus
1744 2779 1885 2813 Basilius.
1913 2778 2008 2813 Hinc
2025 2788 2149 2827 Epist-23

1119 2829 1241 2863 eisdem
1250 2828 1426 2865 Catholica
1437 2830 1537 2867 etiam
1547 2830 1688 2863 Ecclefia
1699 2830 1761 2863 fuit
1770 2828 1935 2871 compulsa
1946 2828 2005 2862 uti.

1121 2880 1163 2912 Et
1177 2877 1255 2913 hinc
1275 2878 1428 2912 distinxit
1451 2880 1535 2913 inter
1559 2880 1720 2913 Genitum
1740 2879 1774 2911 ὅ(
1796 2879 1930 2912 Ρειέὶιιω
1951 2879 2008 2913 seu

1121 2928 1278 2963 Creatum
1290 2953 1300 2968 ‚
1327 2929 1409 2962 acin
1422 2929 1456 2962 N
1460 2929 1562 2962 icaeno
1575 2928 1737 2971 symbolo
1763 2928 1890 2970 posuit:
1920 2931 2009 2971 Geni-

1120 2989 1183 3012 tum
1194 3003 1205 3019 ,
1217 2990 1274 3011 non
1279 2978 1413 3019 sallum.
1441 2979 1485 3011 Et
1496 2978 1582 3012 certe
1593 2977 1682 3021 quod
1695 2977 1783 3012 inter
1793 2977 2009 3012 istavocabu-

1120 3029 1195 3063 bula
1207 3029 1307 3062 etiam
1322 3028 1419 3062 Plato
1432 3026 1662 3062 discretionem
1673 3027 1786 3062 fecerit
1807 3038 1845 3061 ac
1866 3027 2009 3069 viderit,

1121 3078 1253 3113 testatur
1264 3080 1299 3111 in
1312 3078 1415 3111 Libro
1425 3078 1466 3111 de
1476 3078 1587 3111 anima
1600 3077 1845 3112 Tertullianus.

1168 3127 1237 3161 lstae
1247 3126 1452 3170 blasphemiae
1464 3128 1537 3161 sunt
1546 3126 1629 3161 adeo
1643 3125 1809 3162 horrendae
1820 3152 1830 3168 ,
1853 3136 1890 3161 ut
1904 3128 2009 3172 poste-

1122 3179 1219 3211 riores
1232 3176 1348 3209 Ariani
1360 3178 1444 3220 ipsas
1454 3200 1465 3215 ,
1494 3176 1571 3210 licet
1582 3176 1696 3212 dolose
1707 3177 1900 3212 erubuerint
1918 3202 1928 3218 ,
1948 3179 2011 3212 cir-

1122 3227 1378 3269 cumscripserint
1388 3251 1400 3265 ‚
1410 3238 1447 3260 ac
1457 3226 1660 3261 aboleverint
1673 3251 1683 3267 ,
1696 3239 1766 3261 non
1777 3228 1918 3272 ipsarum
1929 3227 2011 3262 blas-

1123 3277 1326 3322 phemiarum
1338 3276 1540 3310 Sententiam
1550 3301 1562 3317 ‚
1576 3276 1631 3319 ¹sed
1643 3276 1712 3320 ejus
1720 3277 1786 3321 jam
1800 3278 1901 3316 distas
1910 3279 2015 3312 voces‘

1123 3326 1324 3362 aboleverint
1339 3325 1373 3360 &
1384 3326 1700 3370 circumscripserint.
1727 3327 1884 3362 Testatur
1897 3327 1960 3361 hoc
1976 3328 2010 3360 in

1124 3376 1345 3420 disputatione
1354 3377 1431 3409 etim
1442 3376 1615 3411 Pulcentio
1628 3378 1752 3411 comite
1765 3376 1894 3411 Ariano
1910 3377 2013 3411 S.Au-

1126 3426 1275 3471 gustinus
1288 3440 1298 3459 :
1324 3427 1419 3459 Audio
1430 3429 1552 3467 eosjam
1564 3428 1729 3471 emendaffi’
1741 3453 1750 3468 ‚
1762 3440 1802 3460 an
1805 3427 1889 3468 forte
1892 3425 2012 3469 falsum

1127 3476 1163 3517 est
1174 3487 1220 3511 eos
1231 3474 1281 3510 hoc
1300 3475 1462 3520 aliquando
1486 3477 1588 3522 dixisse
1599 3501 1610 3519 ‚
1637 3478 1717 3521 quod
1730 3477 1830 3520 fuerit
1852 3477 2015 3519 aliquando

1925 3526 2017 3558 Pater

2025 2599 2148 2632 Omma

1584 3580 1625 3595 N
