2346 3776
50 1650 198 1706 Haeffl'fi
212 1662 318 1697 Filius
338 1673 377 1695 ex
402 1664 498 1695 Patre
518 1661 556 1702 est
576 1687 587 1703 ‚
613 1663 752 1705 quomodo
778 1660 926 1704 descendit
946 1667 979 1694 in
997 1672 1059 1694 car-

31 1695 152 1728 69.c.15

607 82 1056 132 DISSERTATIO

161 170 240 206 istisv
252 170 326 216 ipsis
347 169 547 217 argumentis
566 177 578 208 ¹,
604 177 676 210 quae
693 161 869 208 postmodo
888 161 1048 198 resorbuit

160 222 343 258 Nestorius.
370 222 421 255 lta
451 219 541 254 vides
563 218 599 251 in
618 214 749 251 laudata
769 214 930 249 Oratione
949 214 1048 246 santii

161 270 345 307 Athanasii.
376 291 378 293 -

212 321 340 356 Erroris
361 319 530 364 originem
547 318 675 351 sanstus
698 313 895 350 Athanasius
913 313 1050 357 exponit

159 371 199 406 in
213 371 331 406 Literis
359 369 402 404 ad
414 366 619 412 Adelphium
628 366 827 410 Episcopum
839 379 850 398 .·
877 363 961 397 Unde
973 369 1049 397 enim

159 422 270 455 anulos
281 443 293 460 ‚
319 416 485 459 Arianos,
512 417 563 451 boc
574 416 742 461 abnegatae
751 414 938 449 Dominicae
947 414 1051 447 Incar-

160 469 335 510 nationis,
360 470 473 502 malum
488 466 584 512 subiit
603 468 620 500 ?
647 466 853 509 Autquomodo
865 467 980 497 omnino
992 462 1056 505 ausi

153 519 232 563 sunt
265 518 345 552 banc
366 530 477 553 novam
510 524 702 562 ignominiam
731 524 834 549 contra
862 515 1050 548 salvatorem

160 574 328 614 imaginari
352 570 365 603 ἒ
390 569 544 603 Caeterum
561 583 573 608 ‚>
597 577 632 602 ut
651 574 776 609 apparet
797 589 808 605 ‚
836 567 917 598 mala
935 566 1050 597 omnino

159 631 215 653 res
229 643 240 659 ,
265 623 381 661 Impius
402 631 412 662 3
439 621 474 653 (9
492 624 520 651 is
542 624 595 662 qui
613 624 691 651 circa
706 614 1052 658 fidemimprobusinve-

160 675 256 703 nitur.
301 672 397 703 Antea
429 674 508 703 enim
531 692 544 708 ‚
579 669 651 701 dum
685 666 869 709 abnegarent
899 668 1052 698 Deitatem

165 722 309 763 Unigenti
326 720 403 753 Filii
422 722 500 759 Dei,
520 716 701 759 fimulabant
717 714 783 760 [ιβ’
804 716 924 757 quidem
936 715 988 747 vel
991 711 1053 756 sal·
1083 723 1088 731 ·

164 777 230 803 tem
248 771 315 810 ejus
335 774 369 802 in
390 779 479 802 carne
488 769 654 801 adventum
665 764 837 811 agnoscere;
866 775 944 798 nunc
953 772 1053 796 autem

162 820 364 863 pauxillatim
378 816 562 861 fiabfidentes
574 841 585 857 ,
611 819 646 851 o·
661 814 725 859 sese
740 813 963 859 substrahentes
984 838 994 853 ‚
1022 823 1054 846 ut

167 868 304 902 homines
331 866 456 910 prorsus
473 873 583 908 impii,
605 867 644 900 ab
663 866 718 906 ista
739 871 873 908 opinione
893 863 1032 905 deficiunt
1045 887 1055 903 ,

167 920 247 952 adeo
254 927 289 950 ut
291 919 364 959 jam
383 918 508 950 ulterius
529 927 622 959 neque
640 919 737 950 Deum
747 913 916 959 cognoscant
926 938 938 954 ‚
963 924 1055 955 neque

165 967 317 1006 bominem
338 966 463 1008 fabium
492 977 558 999 eum
588 968 721 999 credant.
758 968 790 998 si
821 972 900 998 enim
919 960 1058 1005 credidis-

165 1017 259 1062 βυτ,
294 1027 450 1059 nunquam
479 1019 556 1050 talia
585 1017 673 1053 locuti
686 1015 812 1059 fuiffent
832 1039 843 1054 ‚
868 1015 971 1058 qualia
1004 1022 1056 1046 tua

166 1066 354 1112 Religifitas
376 1067 542 1101 adversum
561 1078 609 1099 eos
619 1068 734 1107 scripto
737 1066 885 1108 prodidit.
911 1061 1055 1103 Proinde

168 1118 280 1152 filcata
291 1115 474 1151 Arianismi
482 1128 552 1150 non
564 1116 721 1150 correctio
729 1139 740 1155 ‚
767 1114 821 1149 sed
830 1113 997 1148 obvelatio
1006 1112 1055 1145 in-

167 1166 267 1201 duxit
290 1176 538 1210 purum-putum
550 1165 859 1200 Nestorianismum.
887 1161 1000 1197 Primo
1009 1160 1055 1195 di-

166 1226 288 1256 :oerunt
309 1216 346 1249 in
368 1214 504 1250 Christo
521 1216 675 1249 Domino
693 1213 779 1247 nihil
787 1214 881 1247 fuiffe
893 1236 905 1252 ,
930 1213 989 1245 nisi
999 1209 1057 1244 hu-

169 1270 303 1302 manam
312 1276 443 1299 carnem
454 1266 490 1298 &
498 1275 542 1298 ex
552 1265 699 1306 suprema
708 1262 827 1296 Mente
837 1261 1057 1295 voluntariam

166 1316 317 1350 animam
328 1338 339 1354 ‚
363 1323 463 1356 atque
492 1313 538 1346 ita
554 1312 674 1346 Divini
694 1311 774 1345 Filii
792 1311 1058 1345 incarnationem

166 1363 417 1408 profitebantur.
444 1361 626 1396 Postmodo
639 1361 780 1395 Nicaenae
788 1360 916 1404 Synodi
926 1359 1059 1395 anathe-

168 1425 226 1449 ma
237 1413 333 1448 veriti
346 1437 358 1453 ,
375 1411 540 1447 Divinum
549 1411 673 1445 Filium
683 1412 790 1456 magis
799 1410 982 1445 exaltarunt
991 1435 1003 1452 ‚
1015 1421 1060 1445 at-

169 1474 237 1508 que
259 1462 306 1497 ita
324 1462 393 1505 ejus
416 1473 474 1505 pro
489 1461 587 1495 nobis
606 1460 827 1495 humilitatem
839 1461 1058 1502 exufflarunt‚

169 1513 351 1558 garrientes
360 1510 443 1546 adeo
453 1510 627 1545 sublimem
638 1512 799 1545 Naturam
807 1511 898 1545 carni
909 1522 979 1545 non
988 1512 1059 1555 pos-

169 1564 204 1598 se
213 1562 311 1597 uniri.
338 1561 429 1596 Nam
439 1562 473 1595 &
486 1559 551 1596 hoc
561 1561 655 1595 fuisse
666 1560 749 1595 Ario
758 1561 964 1604 Principium
973 1585 985 1601 ‚
1010 1560 1059 1595 di-

170 1613 251 1654 serte
266 1610 378 1646 scribit
396 1610 523 1646 sanstus
547 1609 769 1656 Epiphanius:
791 1610 908 1646 Ariani
920 1610 1057 1651 dicunt,

174 1707 282 1747 neml?
309 1715 369 1746 Aut
400 1723 467 1755 quae
489 1713 572 1745 nulla
591 1724 624 1745 re
644 1718 711 1754 capi
732 1713 926 1746 &contineri
948 1720 1059 1744 natura

167 1762 284 1806 potest,
311 1772 431 1794 carnem
452 1763 573 1802 induit,
593 1761 625 1802 fi
641 1764 820 1796 naturaliter
841 1764 862 1794 a
883 1763 977 1795 Patre
990 1764 1060 1794 Pro-

173 1813 271 1853 ceffit?
297 1810 392 1844 Hinc
410 1810 489 1855 ergo
500 1810 635 1844 illorum
648 1811 781 1854 quidam
793 1835 803 1851 ,
830 1811 911 1856 dum
921 1811 1000 1844 Filii
1012 1822 1062 1844 ve-

173 1873 249 1898 ram
262 1859 482 1894 Divinitatem
503 1861 649 1904 profiteri
665 1860 816 1894 simulant
826 1884 838 1901 ,
864 1859 1062 1896 lukarnatio-

172 1922 253 1946 nem
262 1909 330 1953 ejus
340 1909 525 1943 amiserunt.
555 1910 659 1956 Qod
669 1910 851 1947 simularint
861 1934 873 1950 ‚
900 1909 965 1952 jam
975 1909 1061 1943 dixit

172 1962 302 1996 sanstus
322 1956 529 1994 Athanasius.
558 1960 602 1993 Et
623 1959 669 1993 est
680 1959 1060 2002 omnibusexploratum.

173 2008 282 2046 Porro
299 2009 385 2043 inter
404 2009 560 2043 articulos
572 2036 584 2053 ,
610 2021 694 2053 quos
703 2010 813 2043 sansto
825 2007 1007 2043 Athanasio
1018 2020 1063 2043 re-

174 2060 255 2095 tulit
268 2057 456 2103 Adelphius
467 2083 477 2099 ‚
505 2059 569 2093 fuit
591 2059 626 2093 ὃς
647 2058 721 2093 hic:
740 2063 824 2093 Deus
835 2058 871 2099 est
882 2059 1040 2101 crucifixus
1053 2082 1063 2098 ,

176 2118 313 2144 mortuus
335 2133 346 2149 ‚
367 2107 512 2152 sepultus.
547 2110 651 2143 Hunc
673 2109 759 2143 dixit
780 2109 821 2143 ab
842 2108 908 2143 istis
931 2108 1064 2142 Arianis

174 2159 278 2195 everti
300 2159 335 2193 &
357 2158 523 2204 abnegari.
554 2159 598 2193 Et
620 2158 755 2203 quidem
776 2158 829 2193 isti
847 2158 1065 2202 loquebantur

175 2209 322 2244 consone
333 2208 374 2242 ad
385 2210 439 2242 sua
449 2210 617 2253 principia.
630 2209 766 2243 Etenim
779 2210 801 2242 fi
814 2210 905 2243 Deus
915 2208 1064 2243 Verbum

176 2271 251 2295 non
273 2259 310 2293 sit
323 2259 511 2293 incarnatus
522 2283 533 2299 ,
559 2271 620 2294 nec
631 2259 677 2293 est
687 2260 863 2294 crucifixus
873 2284 883 2300 ,
909 2268 965 2294 aut
978 2270 1066 2293 mor·
1082 2287 1085 2289 ,

177 2319 265 2345 tuus.
294 2308 401 2343 Unde
421 2310 481 2343 ista
501 2310 617 2344 omnia
638 2309 795 2344 docuit&
808 2309 987 2343 Nestorius.
1017 2309 1063 2342 At

174 2360 245 2404 ipsa
255 2358 475 2403 potentissime
482 2360 598 2394 evertit
609 2383 620 2400 ‚
648 2371 685 2394 ac
696 2360 790 2394 istam
802 2358 1064 2403 propositionem

175 2411 241 2444 effe
261 2409 455 2443 veriffimam
466 2409 666 2444 demonstrat
678 2411 806 2444 sandius
817 2408 1016 2443 Athanasius
1028 2409 1063 2442 in

174 2457 308 2493 laudata
321 2458 467 2502 Epistola
479 2484 490 2500 ‚
518 2461 551 2493 in
562 2460 680 2494 Literis
689 2459 733 2494 ad
743 2458 992 2494 Antiochenam
1005 2459 1065 2492 Ec-

176 2508 330 2549 clefiam,
356 2509 392 2541 in
415 2509 533 2543 Literis
556 2509 596 2543 ad
611 2510 798 2552 Epistetum
807 2508 963 2542 Corinthi
976 2508 1064 2552 Epis⁴

177 2569 301 2602 copum
326 2582 338 2598 ‚
362 2569 399 2591 ac
421 2558 455 2591 in
477 2558 580 2592 Libro
590 2559 631 2592 de
643 2558 824 2594 Dominica
834 2559 1066 2593 lucarnatione

180 2609 298 2643 contra
306 2606 562 2651 Apollinarium.

231 2657 348 2692 Alium
368 2659 498 2701 insuper
517 2659 658 2693 aliorum
678 2659 880 2695 Arianorum
889 2660 930 2694 de
944 2660 1064 2694 Domi-

178 2709 256 2742 nica
276 2707 502 2743 Incarnatione
518 2719 661 2743 errorem
683 2710 818 2745 adducit
838 2712 965 2745 sanstus
976 2709 1064 2744 Phae-

179 2757 285 2792 badus
315 2757 492 2801 Episcopus
514 2758 719 2804 Agennensis
748 2774 758 2793 .·
785 2766 811 2794 0
835 2762 925 2794 duces
948 2767 1066 2800 caeci‚o

174 2806 279 2852 saeculi
291 2807 448 2841 ambitione
459 2810 592 2851 decepti,
613 2822 669 2843 non
681 2810 891 2854 distinguentes
904 2814 1066 2843 Dominicae

180 2860 330 2891 Potentiae
364 2858 508 2899 duplicem
533 2858 646 2899 statum
671 2884 681 2899 ,
706 2866 739 2893 in
754 2859 814 2903 sua
832 2871 1066 2903 unumquemque

174 2914 361 2950 proprietate
382 2907 538 2947 distantem
561 2933 572 2948 ‚
597 2911 631 2943 (9·
653 2911 804 2952 quidquid
819 2912 857 2943 de
875 2910 990 2944 homine
1001 2913 1065 2951 eius

179 2957 294 2991 dic‘lum
314 2957 352 3001 eft
374 2981 385 2996 ‚
412 2961 474 2990 Deo
493 2959 651 3000 applicatis
664 2983 674 2999 ,
700 2969 734 2992 ut
755 2958 817 3003 ipse
838 2964 921 2994 Deus
941 2960 1067 2994 bominis

180 3006 384 3040 imbecillitate
411 3006 546 3049 societur.
600 3012 646 3041 Et
674 3011 782 3043 idcirco
814 3011 960 3052 duplicem
992 3010 1068 3043 bunc

175 3056 287 3097 statum
318 3069 376 3090 non
408 3057 594 3097 conjuneium
614 3082 624 3097 ‚
646 3057 704 3100 sed
734 3058 884 3102 confusum
909 3062 1003 3093 vultIs
1025 3066 1069 3093 vi-

183 3107 247 3139 deri
280 3130 291 3146 ,
315 3117 349 3140 ut
381 3113 472 3139 etiam
506 3119 583 3139 unus
605 3107 732 3147 vestrum
753 3133 763 3148 ,
789 3111 824 3141 id
844 3109 882 3150 el}
899 3134 910 3149 ,
937 3109 1069 3151 Epistola

185 3158 313 3189 Potamii
335 3180 346 3197 ,
371 3168 439 3199 quae
467 3156 504 3188 ab
527 3161 647 3190 Oriente
670 3158 703 3191 (θ’
728 3161 880 3192 Occidente
901 3158 1069 3203 transmiffa

186 3204 224 3245 est
246 3230 257 3246 ‚
283 3218 343 3248 qua
368 3205 482 3249 adserit
515 3208 667 3251 Carne&
688 3209 792 3249 spritu
812 3208 921 3249 christi
942 3211 1069 3253 coagula-

187 3260 229 3288 tis
246 3263 303 3298 per
322 3258 503 3300 Sanguinem
520 3260 628 3290 Mariae
651 3281 661 3296 ‚
688 3258 722 3290 (Ὗ
742 3262 773 3290 in
793 3269 882 3291 unum
903 3267 1006 3300 corpus
1027 3271 1071 3293 re-

188 3304 286 3337 dac‘lis
307 3329 318 3345 ‚
337 3306 499 3347 paffibilem
532 3310 628 3339 Deum
649 3306 780 3348 fac‘lum.
818 3312 877 3340 Hoc
906 3310 970 3342 ideo
998 3333 1009 3349 ,
1035 3311 1071 3343 ne

191 3360 260 3395 quis
281 3356 365 3388 illum
385 3367 423 3389 ex
445 3367 476 3389 eo
494 3358 645 3396 crederet,
671 3368 757 3399 quem
778 3357 976 3399 impaffibilem
991 3357 1071 3402 finis

193 3402 308 3442 constat.
335 3405 456 3446 Fecistis
476 3411 567 3449 igitur
590 3407 628 3439 de
648 3408 761 3449 Spiritu
786 3410 842 3440 Dei
865 3410 899 3441 (ἐν
918 3413 1016 3441 Carne
1027 3408 1073 3441 ha

194 3458 285 3487 minis
320 3452 411 3496 nescio
442 3457 516 3499 quid
545 3462 666 3490 tertium
688 3470 695 3489 :
719 3459 803 3502 ,Quia
822 3469 872 3495 nec
894 3460 964 3498 vere*
982 3465 1074 3496 ctiam

295 3503 410 3556 Differt3
421 3506 545 3557 P⁷⁰met
557 3509 637 3558 Tom-
646 3510 670 3541 I.

1105 76 1531 130 PRoOEMersL
1950 91 1997 140 89

1114 161 1264 203 Deusest,
1282 159 1314 202 fi
1327 160 1454 194 Verbum
1470 160 1522 203 effe
1543 154 1649 201 desivit
1673 164 1695 208 (
1711 158 1784 194 taro'
1796 158 1875 195 enim
1883 161 1992 204 facque

1111 212 1148 253 est
1173 214 1186 254 )
1212 213 1306 254 neque*
1326 212 1398 245 vere
1407 209 1511 251 homo,
1537 215 1609 252 quia
1626 220 1683 242 non
1687 213 1888 250 propriecaro.
1917 216 1999 245 Fuit1

1112 268 1191 296 enim
1221 261 1371 301 Verbum,
1396 272 1430 293 ac
1456 260 1496 302 fic
1528 271 1566 293 ex
1597 269 1721 302 utroque
1743 255 1996 299 jamenentrum:

1112 312 1282 346 Potamius
1290 310 1354 344 fuit
1366 309 1630 353 Ulyffiponenfis
1642 309 1833 353 Episcopus,
1843 309 1877 341 &
1889 310 1996 351 ipsum

1112 362 1177 396 una
1200 372 1277 395 cum
1297 360 1405 394 Hosio
1428 359 1629 394 Cordubensi
1652 358 1994 402 Episcopofuisselap-

1114 414 1186 446 sum
1196 411 1231 445 in
1243 410 1416 453 Syrmienfi
1429 409 1566 452 Syuodo
1576 434 1586 449 ,
1612 421 1650 443 ac
1670 408 1712 443 ab
1724 408 1790 442 illis
1800 407 1893 442 fuisse
1905 404 1996 441 com-

1113 462 1251 506 pofitum
1261 460 1447 503 Syrmiense
1457 459 1652 503 Symbolum
1660 483 1671 499 ‚
1698 459 1833 494 affirmat
1845 458 1880 491 in
1892 456 2001 491 Libro'

1114 512 1155 546 de
1174 510 1317 554 Synodis
1334 511 1460 543 sanstus
1471 509 1629 543 Hilarius.
1658 509 1756 543 Illum
1764 509 1857 542 fuisse
1870 507 1999 551 Ulyffi-

1115 562 1293 606 ponensem
1315 560 1515 603 Episcopum
1535 559 1652 593 diserte
1660 560 1821 592 affirmant
1830 557 1863 592 in
1873 556 2000 592 exhibi-

1116 613 1158 645 tis
1167 612 1297 656 Magno
1304 609 1500 644 Theodofio
1507 610 1699 652 Imperatori
1708 608 1855 651 precibus
1862 607 2001 651 Presby-

1116 659 1177 696 teri
1198 661 1344 695 Romani
1354 659 1793 694 Faustinus&Marcellinus
1811 672 1818 690 :
1845 661 2000 691 Potamius

1117 713 1277 753 Ulyfflponae
1307 715 1455 744 Civitatis
1486 708 1650 753 Episcopus
1679 734 1690 750 ‚
1717 709 1850 749 primum
1882 709 2002 750 quidem

1122 763 1230 794 Fidem
1251 760 1436 795 catholicam
1455 762 1618 795 vindicans
1635 785 1646 801 ‚
1670 758 1768 801 postea
1786 761 1857 791 vero
1874 763 2003 799 praems'o

1113 810 1208 853 fundi
1236 809 1364 854 Fiscalis
1386 835 1398 851 ‚
1423 822 1509 854 quem
1539 810 1646 844 babere
1664 815 1850 851 concupierat
1868 832 1895 848 ,v
1907 807 2003 850 fidem

1114 866 1337 903 praevaricatus
1368 860 1414 901 est.
1455 866 1540 894 Hunc
1569 860 1669 902 Hosius
1701 861 1738 892 de
1760 858 1899 891 Corduba
1917 858 2004 900 apud

1120 910 1264 951 Ecclefias
1289 909 1505 953 Hispaniarum
1523 912 1557 945 (θ’
1574 912 1690 945 detexit
1710 911 1745 943 (5
1767 910 1876 950 repulit
1892 918 1927 942 ut
1947 914 2003 941 im-

1113 966 1198 1002 pium
1218 964 1407 993 Haereticum.
1435 962 1496 993 sed
1513 959 1622 1003 &ipse
1646 959 1769 1001 Hosius,
1795 962 1926 992 Potamii
1935 969 2003 1001 que-

1117 1011 1181 1043 rela
1209 1008 1360 1051 accerfitus
1392 1010 1438 1041 ad
1467 1009 1669 1049 Constantium
1690 1013 1799 1053 Regem
1821 1033 1831 1049 ‚
1858 1007 2005 1051 minisque

1112 1065 1294 1101 perterritus
1315 1083 1327 1099 ‚
1352 1060 1387 1092 (9⁴
1408 1067 1541 1092 metuens
1563 1062 1599 1093 ne
1615 1058 1709 1102 senex
1733 1061 1854 1092 exilium
1859 1057 2006 1102 proftrip-

1117 1115 1281 1150 tionemque
1308 1117 1467 1150 pateretur
1488 1132 1500 1148 ,
1525 1110 1581 1140 dat
1611 1121 1719 1141 manus
1753 1114 1932 1150 impietati,
1969 1109 2005 1148 Q

1114 1157 1175 1201 post
1204 1167 1248 1192 tot
1268 1169 1363 1191 annos
1378 1165 1607 1200 praevaricatur
1631 1165 1663 1191 in
1679 1159 1780 1200 fidem.
1809 1157 1910 1201 Apud
1932 1157 2006 1200 Syr-¹

1118 1209 1222 1242 mium
1231 1233 1243 1249 ,
1269 1208 1335 1242 una
1346 1219 1423 1242 cum
1434 1209 1504 1252 ipso
1517 1208 1686 1248 Potamio,
1698 1220 1794 1251 quem
1808 1219 1904 1242 antea
1915 1207 2006 1241 dam-

1120 1268 1258 1292 naverat.
1285 1258 1330 1292 Et
1352 1259 1436 1292 infra
1457 1269 1597 1303 pergunt
1623 1271 1630 1291 :
1657 1260 1718 1292 Sed
1736 1260 1771 1292 (τ
1792 1261 1926 1291 Potamia
1945 1269 2010 1290 non>

1111 1308 1180 1349 ficit
1197 1309 1294 1341 inulta
1309 1306 1405 1351 sacrae
1426 1310 1515 1342 Fidei
1531 1315 1755 1350 praevaricatio.
1784 1313 1920 1351 Denique
1932 1310 2007 1341 dum

1120 1360 1164 1390 ad
1185 1358 1321 1399 fundum
1342 1366 1487 1400 properat
1510 1382 1522 1399 ,
1547 1370 1633 1401 quem
1662 1368 1721 1401 pro
1740 1365 1834 1401 impia
1845 1361 1920 1402 fidei
1933 1357 2007 1401 sub-

1116 1406 1275 1451 scriptione
1295 1408 1336 1440 ab
1360 1413 1540 1449 Imperatore
1558 1419 1708 1442 meruerat
1717 1416 1898 1450 impetrare:
1925 1410 2008 1440 dani·

1121 1470 1217 1491 novas
1231 1466 1341 1499 poenas
1362 1459 1473 1502 linguae
1484 1482 1495 1497 ‚
1515 1466 1573 1499 per
1594 1470 1685 1500 quam
1700 1457 1922 1501 blasphemarat
1936 1483 1947 1498 ,
1973 1464 2012 1490 in>

1121 1515 1175 1542 via
1194 1514 1318 1540 moritur
1340 1531 1351 1546 ‚
1378 1509 1472 1541 nullos
1486 1507 1611 1548 ftudus
1624 1508 1722 1549 fundi
1744 1507 1796 1541 vel
1814 1507 1920 1550 viſsone
1936 1516 2008 1551 per-

1119 1564 1238 1600 cipiens.
1266 1562 1339 1590 Non
1361 1557 1431 1599 fuit
1452 1561 1549 1591 Avari
1572 1557 1623 1591 boc
1645 1568 1823 1592 tormentum
1842 1560 1917 1592 leve.
1946 1562 2009 1590 Μαι

1120 1605 1198 1641 bitur
1219 1613 1271 1650 qui
1286 1606 1691 1650 propter-„concupifientt'am
1700 1609 1797 1651 fiendi
1811 1608 1937 1652 Fiscalis
1954 1613 2014 1641 Fi*

1121 1660 1188 1691 dem
1220 1660 1343 1690 Sacram
1375 1659 1544 1691 violaverat
1565 1682 1576 1698 ‚
1601 1660 1636 1692 (τ
1651 1670 1716 1692 cum
1737 1661 1781 1692 ad
1791 1659 1928 1700 fundum
1939 1667 2010 1700 pro-

1117 1717 1227 1750 perat,
1247 1708 1362 1749 poenali
1394 1717 1487 1742 morte
1510 1715 1702 1750 praevenitur
1725 1734 1736 1749 ,
1762 1711 1798 1742 n&
1821 1710 1872 1742 vel
1889 1707 2009 1751 vifiom's

1115 1756 1222 1802 solatio
1245 1764 1401 1799 potiretur.
1428 1759 1498 1792 Hic
1523 1758 1681 1802 Apostata
1703 1760 1875 1794 Potamius
1896 1760 2010 1793 Deum

1123 1808 1271 1842 Verbum
1282 1832 1293 1848 ,
1319 1808 1396 1841 cum
1407 1807 1541 1842 Arianis
1552 1808 1715 1843 blaterans
1726 1810 1918 1844 Creaturam
1931 1833 1941 1849 ‚
1954 1807 2012 1842 hu-

1124 1869 1224 1891 manae
1236 1867 1357 1891 naturae
1369 1869 1437 1891 non
1451 1858 1659 1893 solummodo
1670 1859 1850 1894 adunatum
1861 1859 2011 1899 credidit,

1125 1907 1179 1941 sed
1200 1909 1299 1941 etiam
1319 1908 1539 1941 commixtum
1560 1909 1594 1942 δε
1616 1910 1789 1942 confusum
1806 1934 1816 1948 ,
1844 1920 1942 1953 atque
1966 1912 2014 1942 ita

1126 1956 1338 2001 Apollinario
1358 1958 1394 1991 &
1411 1956 1579 1991 Euticheti
1600 1958 1731 2001 praebuit
1755 1959 1887 1993 exordia
1909 1960 1943 1992 δε
1965 1960 2014 1992 fo-

1125 2017 1245 2041 menta.
1273 2007 1399 2040 Lucide
1420 2007 1483 2041 hoc
1508 2008 1646 2041 affirmat
1668 2009 1792 2042 sanstus
1810 2009 2009 2043 Phaebadus:

1126 2062 1198 2090 Non
1219 2068 1285 2100 ergo
1297 2057 1336 2098 fit
1357 2058 1488 2097 spiritus
1505 2069 1593 2098 caro,
1621 2069 1671 2090 nec
1682 2069 1749 2090 caro
1757 2057 1886 2101 spiritus
1899 2083 1909 2098 ‚
1935 2060 2019 2101 quod.

1127 2106 1171 2147 isti
1202 2107 1306 2139 volunt
1339 2112 1446 2150 egregii
1475 2107 1611 2140 nociores
1633 2132 1643 2147 ,
1669 2117 1702 2140 ut
1729 2108 1838 2150 fat‘lus
1850 2107 1890 2150 fit
1901 2107 2014 2151 scilicet

1127 2161 1271 2189 Dominus
1292 2157 1325 2190 (Ὺ
1347 2161 1428 2190 Deus
1453 2156 1541 2198 noster
1565 2169 1602 2191 ex
1623 2157 1678 2191 hac
1695 2157 1927 2201 substantiarum
1943 2161 2015 2200 perss

1127 2213 1270 2240 mixtione
1283 2206 1434 2248 paffibilis.
1463 2209 1530 2241 Ideo
1552 2217 1652 2241 autem
1667 2209 1828 2251 paffibilem
1846 2211 1950 2242 volunt
1970 2209 2016 2241 di-

1126 2263 1173 2297 ci,
1199 2259 1235 2290 ηέ
1256 2268 1293 2290 ex
1318 2258 1478 2300 impaffibili
1500 2260 1647 2292 credatur.
1675 2258 1795 2292 Ariani
1824 2260 1927 2303 igitur
1949 2258 2019 2293 hoc.

1128 2308 1163 2341 in
1182 2309 1301 2351 punsto
1313 2317 1405 2341 erant
1417 2307 1563 2342 Cadmaei
1574 2309 1708 2342 Fratres.
1737 2308 1809 2342 Alii
1821 2320 1896 2342 cum
1908 2308 2016 2343 Paulo

1128 2358 1338 2392 Samosatensi
1352 2369 1390 2391 ac
1402 2358 1628 2398 Nestorio‚alii
1638 2358 1818 2393 sentiebant
1829 2370 1904 2393 cum
1916 2357 2019 2402 Apol-

1130 2408 1247 2441 linario
1269 2420 1306 2441 ac
1328 2407 1512 2443 Eutichete.
1966 2410 1970 2414 “

1178 2458 1254 2491 Hac
1274 2457 1315 2491 de
1335 2460 1441 2492 caussa
1460 2459 1556 2493 datus
1575 2459 1609 2492 in
1621 2459 1795 2504 reprobum
1808 2460 1936 2493 sensum
1954 2459 2020 2493 Ne-

1129 2508 1243 2542 storius
1265 2506 1497 2543 orthodoxam
1521 2510 1708 2544 Dominicae
1731 2510 1973 2543 Incarnationis
1983 2509 2020 2541 fi-

1128 2558 1204 2592 dem
1216 2582 1226 2597 ,
1252 2570 1289 2591 ac
1303 2559 1473 2601 praesertim
1485 2561 1583 2593 sand’ti
1593 2560 1713 2603 Cyrilli
1726 2559 1945 2594 Alexandrini
1960 2559 2020 2592 Pa-

1129 2607 1273 2642 trIarchae
1294 2609 1415 2642 famosa
1437 2609 1589 2653 Capitula
1601 2622 1667 2643 non
1680 2609 1850 2644 dumtaxat
1862 2608 1903 2643 de
1916 2608 2018 2651 Apol-

1131 2659 1249 2692 linario
1268 2660 1428 2692 accusavit
1440 2684 1450 2699 ,
1477 2659 1530 2693 sed
1541 2661 1640 2694 etiam
1653 2659 1693 2693 de
1705 2659 1797 2693 Ario.
1826 2659 1935 2692 Prima
1949 2658 2017 2699 ejus

1129 2709 1170 2742 ad
1183 2709 1325 2742 sancium
1336 2708 1534 2744 Pontificem
1547 2710 1748 2744 Celestinum
1762 2709 1893 2743 Relatio
1908 2707 2015 2741 habet:

1129 2758 1183 2798 Est
1203 2760 1350 2802 «egritudo
1366 2770 1422 2791 non
1440 2768 1546 2801 parva
1559 2784 1569 2800 ‚
1589 2758 1647 2802 sed
1655 2760 1753 2800 affinis
1761 2760 1919 2800 putredini
1932 2758 2017 2798 Apol-

1128 2811 1231 2842 linarii·
1263 2811 1297 2843 (9¹
1324 2813 1397 2842 Arii.
1427 2814 1612 2842 Dominicam
1640 2816 1719 2842 enim
1748 2815 1780 2840 in
1803 2808 1916 2840 bomine
1938 2813 2017 2840 unio-

1131 2870 1198 2892 nem
1219 2860 1264 2890 ad
1269 2870 1302 2891 cu
1297 2857 1424 2901 jusdam
1434 2865 1708 2901 contemperationis
1719 2857 1908 2899 confusionem
1913 2858 2016 2898 paffim

1131 2907 1311 2951 commi-sient
1342 2933 1353 2948 ‚
1390 2911 1463 2942 adeo
1495 2919 1529 2943 ut
1561 2910 1684 2951 quidam
1711 2908 1795 2949 apud
1821 2919 1872 2940 nos
1906 2909 2016 2940 Clerici

1131 2969 1276 3001 tanquam
1308 2957 1440 2992 baeretici
1469 2968 1609 3003 aegrotent
1642 2982 1653 2997 ,
1679 2958 1712 2990 (9*
1747 2958 1849 2998 aperte*
1882 2955 2015 2999 blaspbe-

1131 3017 1213 3042 ment
1236 3012 1334 3042 Deum
1357 3009 1484 3041 Verbum
1501 3033 1512 3049 ‚
1538 3011 1625 3040 Patri
1642 3006 1807 3047 Homoufion
1829 3031 1839 3046 ,
1868 3016 2015 3049 tanquam

1132 3064 1264 3101 Originis
1294 3064 1413 3091 initium
1442 3060 1480 3090 de
1510 3057 1679 3097 christicola
1718 3060 1839 3100 Virgine
1862 3055 2012 3099 sumpsisse.

1133 3110 1198 3142 Eos
1209 3120 1288 3141 accu
1294 3109 1351 3147 sat,
1363 3108 1452 3150 quod
1465 3108 1606 3141 Carnem
1616 3108 1651 3140 in
1662 3106 2014 3146 Deiratem,Deitarem

1131 3158 1242 3192 dicant
1266 3158 1416 3190 transiisse
1441 3158 1476 3189 in
1499 3168 1650 3196 carnem,
1676 3157 1827 3200 atqueita
1840 3167 2015 3199 utrumque

1131 3218 1347 3249 corrumpant.
1374 3205 1477 3252 Qiod
1488 3205 1599 3240 dicant
1612 3214 1679 3240 non
1691 3206 1792 3240 solam
1803 3218 1947 3246 carnem,
1958 3205 2015 3239 sed

1131 3259 1165 3292 ὅ(
1186 3255 1286 3300 ipsam
1299 3256 1347 3289 illi
1360 3256 1576 3290 commixtam
1583 3257 1751 3290 Deitatem
1764 3267 1874 3291 natam
1887 3269 1930 3291 ex
1942 3257 1975 3290 V
1977 3257 2015 3288 ir-

1132 3308 1231 3353 gine,
1258 3308 1399 3349 passam,
1425 3315 1609 3347 mortuam,
1635 3306 1652 3339 ὲ
1669 3308 2013 3341 mortuissuscitaram.

1134 3357 1245 3392 Exstat
1264 3355 1410 3398 Epistola
1430 3356 1464 3389 in
1475 3358 1578 3401 prima
1589 3367 1678 3400 parte
1689 3357 1837 3391 Concilii
1853 3356 2015 3399 Ephesini.

1134 3408 1177 3440 Et
1200 3407 1234 3439 in
1257 3406 1321 3439 suis
1343 3415 1456 3440 contra
1467 3407 1610 3441 Arianos
1631 3405 2015 3450 Disputationibusidem

1134 3456 1304 3492 Nestorius
1316 3456 1413 3492 ctiam
1426 3468 1540 3493 vocem
1555 3481 1565 3498 ‚
1588 3460 1723 3498 Deipara
1741 3481 1751 3497 ,
1773 3456 1941 3490 blateravit
1953 3455 2017 3535 eng

1630 3507 1671 3541 M
1975 3517 1992 3536 a
