2346 3776
190 855 317 897 Epist‚47

338 58 385 99 28
794 37 1234 92 Dl'ssERTATm

329 130 407 165 data
431 127 471 162 ad
495 127 647 162 Leonem
667 127 902 171 Imperatorem
925 124 1072 169 Epistola
1083 123 1221 158 affirmet

329 176 510 213 Timothei
521 177 742 213 ordinationi
755 176 886 211 nullum
895 174 1032 209 adfuisse
1044 173 1224 219 AEgyptia-

328 241 375 263 cae
384 227 537 266 Diaecefis
552 228 784 272 Episcopum?
810 224 1014 269 Respondeo
1028 249 1039 266 ‚
1060 224 1150 267 quod
1163 223 1223 258 iste

328 278 492 312 Eusebius
503 278 664 321 jamefl'et
685 277 951 321 Est—Episcopus.
978 275 1019 311 111
1040 272 1222 308 Timothei

329 328 595 363 Consecratione
607 338 756 372 patratos
763 326 910 362 excessus
924 324 1063 370 epistola
1085 334 1225 370 exagge-

326 388 380 415 rat
395 391 402 411 ι
431 378 589 413 Affirmat
601 377 694 412 fuisse
719 375 804 411 adeo
825 375 1041 422 irregularem
1052 399 1063 415 ‚
1089 384 1127 409 ut
1153 386 1223 409 non

330 428 465 463 tantum
477 440 519 463 ex
531 427 716 472 Augustali
728 426 925 468 Provincia,
937 425 992 460 sed
1004 436 1066 460 nec
1077 436 1118 459 ex
1129 423 1223 459 omni

330 479 536 524 AEgyPtiaca
547 478 676 522 Diecefi
684 477 826 514 adfuerit
835 478 921 512 ullus
931 487 1023 511 verus
1033 476 1223 520 Episcopus.

379 531 425 568 Et
435 530 650 573 quantumvis
661 529 827 564 Eusebius
838 529 947 563 fuisset
957 528 1087 572 integer
1098 551 1110 568 ,
1120 525 1225 560 nulla-

331 579 427 617 tenus
440 589 550 613 tamen
563 588 690 624 poterat
702 578 926 616 patriarcham
937 579 1137 614 consecrare.
1149 576 1224 619 Spe-

330 629 438 667 stabat
451 629 486 666 id
499 630 540 665 ad
562 630 659 665 Solos
683 628 861 675 Augustali
885 628 1071 664 Provinciae
1088 625 1224 670 Episco-

330 691 406 722 pos,
419 680 634 716 immediatos
645 678 843 715 Patriarchae
852 679 1089 723 Suffraganeos.
1116 676 1167 710 Ita
1180 676 1224 710 ad

332 729 569 776 Imperatorem
591 733 744 769 Leonem
766 730 889 775 scripsit
900 739 978 763 cum
999 730 1056 761 sua
1081 725 1223 771 synodo

332 780 498 825 Evoptius
510 781 698 825 Cyzicenus
710 780 893 825 Episcopus
902 803 913 819 ,
925 776 1141 820 Hellesponti
1152 777 1223 812 Me-

333 831 496 876 tropolita
508 845 515 864 :
541 830 716 875 Timotheus
729 855 741 873 ‚
751 838 804 874 qui
814 840 893 864 nunc
904 828 1099 862 Alexandria·
1109 826 1148 869 ast
1157 838 1223 862 con-

325 881 454 926 stitutus
467 885 534 924 Epi
531 880 639 924 fiopus
651 906 662 922 ,
685 887 719 915 in
729 893 767 915 ea
775 882 851 914 Sede
855 888 1039 922 permanere
1052 889 1110 912 non
1115 878 1220 922 potest.

333 933 410 965 Cum
423 938 503 966 enim
513 930 677 975 secundum
685 933 707 964 5
706 941 794 964 acras
803 932 940 979 Regulus
951 925 1093 972 Episcopi
1115 929 1223 974 Conse-

331 988 427 1015 cratio
438 982 604 1016 celebretur
616 1006 627 1022 ‚
653 981 906 1015 convenientibus
920 982 1095 1014 Provinciae
1106 981 1220 1014 cunc‘lis
1245 1011 1247 1014 ⁴

329 1029 490 1077 Epifiopis
501 1056 511 1073 ,
538 1030 593 1073 etfi
593 1039 652 1074 per
665 1030 971 1075 aegritudinemforte'
983 1054 994 1070 ‚
1020 1039 1075 1063 aut
1081 1038 1140 1072 pro
1152 1032 1222 1065 aliis

329 1082 499 1124 neceffariis
510 1083 543 1116 ἐν
555 1081 788 1117 inevitabilibus
798 1080 893 1123 caufis
902 1079 1044 1125 absentes
1047 1080 1112 1122 sint
1122 1108 1134 1124 ,
1152 1091 1223 1125 pro-

324 1137 408 1174 priis
417 1141 523 1165 tamen
535 1132 635 1166 literis
645 1133 833 1165 ordinationi
833 1131 935 1173 fac‘lae
946 1130 1201 1175 consentientibus
1211 1157 1221 1172 ,

322 1180 354 1227 fi
360 1183 420 1215 duo
433 1181 569 1216 homines
584 1206 595 1223 ,
620 1183 655 1218 ὀ·
667 1181 700 1215 hi
713 1194 831 1225 quoque
842 1185 1007 1222 damnati,
1035 1182 1222 1217 Timotheum

328 1233 553 1267 ordinaverunt
565 1256 576 1272 ‚
603 1244 799 1275 nequaquam
821 1234 1001 1276 AEgyptiaco
1020 1230 1222 1275 consentiente

330 1282 461 1318 concilio
470 1308 481 1325 ,
506 1281 692 1326 superfluum
703 1282 741 1323 est
751 1280 925 1325 huiusmodi
938 1280 1089 1315 bominem
1097 1288 1130 1316 in
1144 1286 1220 1326 Epi-

325 1330 468 1375 scopatus
491 1334 595 1366 ordine
613 1340 804 1375 permanere.
831 1329 986 1368 Affirmat
1007 1330 1221 1369 Alexandriae

330 1381 558 1421 patriarcham
568 1381 688 1417 debere
699 1382 790 1426 juxta
799 1392 956 1426 quartum
968 1382 1146 1420 Nicaenum
1159 1383 1223 1420 Ca-

328 1442 455 1467 nonem
466 1433 648 1467 consecrari
660 1457 671 1473 ‚
699 1443 770 1467 non
781 1432 800 1466 ὲ
811 1431 1004 1469 Dioeceseos
1017 1456 1028 1473 ‚
1055 1434 1110 1468 sed
1121 1435 1141 1469 ὲ
1151 1445 1222 1478 pro-

327 1483 404 1527 priae
413 1482 600 1517 Provincia
611 1482 798 1527 Episcopis.
824 1481 935 1521 Addit
955 1481 1135 1523 Timothei
1157 1487 1222 1521 Or-

329 1533 544 1568 dinationem
558 1532 653 1568 fuiffe
663 1531 749 1569 adeo
759 1540 1032 1578 extravagantem
1041 1559 1051 1574 ,
1061 1544 1100 1570 ut
1106 1545 1169 1571 nec
1179 1547 1221 1571 ex

329 1584 474 1622 Dioecesi
484 1583 630 1618 adfuerit
641 1584 715 1629 quis
734 1583 930 1628 Episcopus.
958 1583 1004 1620 Et
1023 1584 1125 1622 istum
1150 1596 1221 1620 non

329 1641 462 1671 tanturn
475 1635 511 1669 in
523 1634 731 1669 provinciali
742 1642 799 1669 aut
809 1633 1079 1678 Metropolitano.
1087 1635 1221 1680 Episco-

330 1696 390 1729 po,
403 1684 568 1720 sedetiam
579 1685 616 1720 in
628 1686 699 1730 ipso
711 1683 902 1720 Patriarcha
914 1686 1140 1722 consecrando
1151 1699 1223 1722 rno-

330 1747 399 1771 rem
407 1736 546 1771 NIcaena
568 1735 727 1780 Synodus
747 1747 819 1770 non
842 1736 977 1772 induxit
987 1762 997 1778 ‚
1024 1738 1080 1773 sed
1098 1738 1140 1774 ab
1148 1739 1221 1783 ipfis

330 1785 504 1830 Apostolis
525 1794 701 1831 acceptum
720 1785 893 1822 dumtaxat
913 1788 1134 1824 confirmavit.
1163 1783 1223 1824 Et*-

331 1837 424 1871 enim
433 1836 478 1871 de
487 1837 637 1872 Romani
658 1837 838 1873 pontificis
857 1849 896 1872 ac
918 1837 1024 1873 etiarn
1044 1837 1222 1884 Carthagi-

332 1886 437 1922 nenfis
449 1885 605 1924 Primatis
615 1887 880 1921 Consecutione
891 1887 1005 1923 scribit
1030 1887 1067 1921 in
1084 1887 1221 1924 Cartha-

331 1937 475 1983 ginenfis
487 1935 694 1972 Collationis
716 1936 895 1973 Breviculo
916 1939 1045 1975 sanctus
1063 1937 1222 1984 Augusti-

197 2002 258 2034 Lib,
273 2011 316 2039 13·
333 1994 396 2022 nus
408 2001 420 2021 .·
446 1987 612 2029 Donatista
621 1987 776 2031 agebant3
800 1996 836 2020 ut
847 1988 1074 2030 confirmaretur
1084 1991 1221 2022 Caecilia-

198 2051 262 2081 cap.
273 2046 316 2073 16.
334 2044 366 2071 ni
376 2038 535 2070 damnatio
546 2062 557 2078 ‚
583 2037 667 2079 quod
674 2047 732 2080 non
741 2035 961 2078 expedamat
971 2046 1006 2070 ut
1026 2041 1177 2080 Princeps
1200 2041 1221 2071 ἃ

333 2090 480 2128 Principe
491 2111 502 2127 ,
529 2087 645 2131 utique
657 2085 676 2118 a
699 2084 927 2121 Numidarum
947 2085 1096 2122 Primate
1107 2113 1118 2128 ‚
1143 2089 1222 2122 ordi·

333 2143 459 2170 narretur
475 2161 485 2177 ‚
512 2148 578 2170 cum
590 2136 679 2170 aliud
687 2135 803 2170 habeat
813 2138 844 2169 E
848 2138 889 2171 ccl
892 2135 955 2179 efiae
963 2135 1139 2180 consuetudo
1150 2164 1161 2180 ,
1186 2147 1221 2172 ut

334 2199 392 2221 non
403 2188 566 2223 Numidia
578 2211 589 2227 ,
609 2185 671 2230 sed
684 2191 916 2229 propinquiores
937 2186 1079 2231 Episcopi
1100 2187 1220 2232 Episco-

329 2245 407 2280 pum
419 2235 554 2280 Ecclefiae
568 2233 771 2280 carthaginis
781 2239 930 2271 ordinent.
956 2240 1040 2272 sicut
1052 2250 1104 2272 nec
1114 2242 1220 2271 Roma-

335 2299 385 2321 nae
398 2290 427 2319 E
430 2286 534 2328 cclefiae
556 2289 678 2320 ordinat
696 2289 809 2330 aliquis
830 2287 997 2331 Episcopus
1018 2291 1222 2331 Metropolita-

335 2349 395 2373 nus
407 2363 417 2378 ,
437 2336 498 2381 sed
507 2339 545 2371 de
547 2343 685 2379 proximo
697 2336 833 2379 Ostienfis
850 2336 1028 2381 Epiftopus.
1055 2340 1105 2374 Ita
1118 2340 1220 2373 etiam

335 2387 419 2422 olim
429 2388 553 2423 fastum
565 2388 628 2421 fuit
639 2386 829 2422 Antiochiae
843 2413 854 2428 ‚
875 2389 1041 2425 Heracliae
1052 2414 1063 2430 ,
1082 2387 1199 2433 Ephesi
1209 2413 1221 2428 ,

337 2437 542 2473 &Caesaraeae
563 2437 810 2481 Cappadocum.
838 2439 883 2472 Et
905 2440 1003 2473 istum
1026 2440 1219 2474 Romanurn

337 2498 467 2524 morem
478 2486 566 2521 haud
579 2482 678 2521 dubie
690 2487 823 2523 induxit
834 2490 959 2524 sanstus
971 2489 1094 2527 Petrus,
1117 2490 1220 2536 Qiod

338 2537 395 2576 hic
406 2538 546 2581 propriis
555 2537 709 2571 manibus
722 2538 865 2571 sanstum
877 2539 1034 2575 Marcum
1054 2541 1222 2575 consecra-

339 2589 382 2622 rit
393 2612 403 2628 ,
431 2583 574 2631 ideoque
586 2588 742 2622 Romana
768 2588 802 2622 δε
822 2586 1051 2624 Alexandrina
1074 2590 1222 2625 Ec'clefiae

339 2639 374 2672 in
384 2638 450 2672 suis
461 2636 596 2672 Ritibus
615 2639 740 2681 semper
765 2638 1056 2682 symbolizaverint
1068 2664 1079 2680 ,
1104 2639 1223 2674 diserte

200 2702 321 2741 Epist&
339 2688 475 2726 testatur
485 2688 634 2733 Magnus
656 2687 746 2733 Papa
766 2686 839 2724 Leo
856 2690 893 2723 in
916 2690 1022 2726 literis
1031 2690 1072 2725 ad
1084 2691 1223 2724 Diosco-

340 2738 417 2773 rum'
425 2736 653 2773 patriarcham
668 2736 946 2776 Alexandrinum.
974 2741 1086 2788 Qare
1109 2765 1120 2781 ,
1147 2742 1223 2775 licet

340 2789 475 2825 fortasse
485 2801 555 2823 non
569 2789 702 2826 Marcus
713 2815 724 2832 ‚
750 2790 837 2825 certe
848 2789 942 2833 ipsius
954 2791 1146 2827 successores
1156 2792 1218 2824 He>

340 2839 443 2874 saclas
455 2851 492 2873 ac
515 2839 698 2883 Dionyfius
718 2839 817 2875 istum
839 2840 1035 2875 Romanum
1045 2852 1175 2878 morem
1187 2842 1221 2876 in

341 2890 397 2922 sua
409 2889 551 2923 Ecclesia
565 2889 765 2932 plantarunt,
786 2891 830 2925 Et
842 2889 921 2925 hinc
931 2891 973 2925 de
987 2891 1075 2926 Petri
1087 2892 1223 2926 Patriar-

340 2936 412 2971 chae
425 2937 685 2973 consecratione
705 2940 798 2986 supra
820 2941 918 2975 nobis
928 2941 1016 2976 dixit
1029 2940 1221 2976 Theodore—

341 2996 395 3021 tus
408 2999 415 3018 ε
446 2991 540 3021 Vicini
550 2988 691 3031 Episcopi
710 2994 741 3025 εδ
762 2999 807 3025 ire
828 3000 1031 3025 maturarunt.
1060 2993 1117 3026 An
1136 2993 1222 3028 certe

340 3038 545 3081 suffraganeae
558 3038 632 3071 Sedi
644 3041 741 3075 fuerit
752 3041 918 3076 adnexum
940 3043 1155 3082 consecrandi
1165 3043 1222 3077 Pa-

341 3085 490 3120 triarchae
500 3088 555 3130 Jus
567 3111 577 3126 ‚
605 3089 704 3131 usque
717 3090 781 3126 huc
793 3093 923 3136 ignoro.

393 3137 434 3169 Ft
449 3135 515 3170 haec
528 3138 641 3170 omnia
654 3137 822 3183 insigniter
833 3144 1008 3181 confirmat
1021 3144 1055 3177 in
1069 3143 1170 3179 literis
1183 3143 1223 3177 ad

342 3185 565 3220 Eusebianam
580 3187 757 3232 faffionem
772 3193 898 3227 sanstus
910 3193 997 3237 Papa
1010 3194 1115 3237 Julius
1130 3198 1222 3226 :Non

343 3236 441 3271 decuit
449 3247 538 3268 novos
550 3233 617 3275 istos'
629 3239 727 3270 modos
740 3250 842 3272 contra
857 3247 870 3271 Γ
883 3243 1010 3285 cclefiam
1022 3245 1130 3277 induci.
1166 3243 1222 3276 Ubi

344 3291 423 3320 enim
434 3285 471 3326 est
481 3284 639 3328 istiusmodi
650 3285 868 3330 Ecclesiasticus
876 3297 982 3327 Canon
997 3319 1006 3334 ,
1018 3303 1074 3327 aut
1084 3291 1223 3337 istiusmo-

343 3336 377 3368 di
388 3336 530 3369 Traditio
543 3334 697 3377 apostolica
709 3338 725 3369 ἓ
752 3342 790 3371 Ut
812 3346 845 3372 in
864 3349 939 3381 pace
958 3354 1063 3387 agente
1074 3342 1200 3385 Ecclefia
1212 3368 1222 3384 ,

344 3386 380 3418 ό*
392 3388 420 3416 E
418 3383 548 3428 piscopis
561 3386 749 3419 concordibus
771 3398 836 3421 cum
859 3390 1002 3434 Episcopo
1021 3394 1223 3428 Alexandriae

345 3433 503 3481 Athanafio
513 3459 524 3480 ,
549 3441 711 3474 immittere
722 3440 878 3486 Georgium
891 3464 902 3484 ,
920 3449 1115 3490 peregrinum
1125 3446 1159 3480 (⁴7
1171 3455 1221 3479 ex-

1285 3444 1373 3479 tinus
1383 3449 1564 3484 extrustarn
1584 3445 1602 3483 a
1632 3448 1665 3485 sc
1674 3447 2015 3495 Constantinopolim
2026 3448 2176 3483 sanxerat

1286 39 1707 95 PRonmiALls.

1286 133 1404 160 ternum
1425 126 1570 162 hominem
1591 153 1602 170 ‚
1628 140 1722 171 neque
1742 129 1938 163 Alexandria
1956 129 2147 171 baptizatum
2156 158 2171 175 ,

1285 185 1378 217 neque
1382 177 1466 219 plebi
1479 185 1640 222 cognitum,
1649 191 1743 222 neque
1750 178 1930 222 postulatum
1940 182 1959 212 ἃ
1971 180 2171 224 Presbyteris,

1284 235 1407 268 eumque
1417 228 1583 262 Antiochia·
1591 240 1724 263 creatum
1733 228 1916 273 Episcopum
1927 240 2019 273 atque
2039 232 2114 264 inde
2123 235 2172 266 de-

1285 275 1389 323 ducere
1398 278 1620 311 Alexandriam
1630 304 1641 320 ,
1668 291 1727 312 non
1737 292 1803 313 cum
1821 281 2011 322 Presbyteris
2032 291 2086 314 aut
2097 284 2173 316 Dia-

1283 331 1362 358 conis
1374 331 1527 361 Civitatis
1541 352 1552 368 ‚
1572 340 1631 361 non
1641 327 1707 362 c'um
1718 329 1877 374 Episcopis
1890 334 2030 376 AEgypn’,
2037 330 2098 375 sed
2106 344 2174 365 cum

1284 376 1437 412 militibus.
1466 380 1498 411 51¹
1508 383 1589 412 enim
1595 378 1659 421 post
1666 381 1810 418 synodum
1819 386 1851 413 ln
1859 384 1949 424 culpa
1962 381 2174 426 deprehensus

1281 424 1383 468 fuisset
1402 427 1583 470 Athanasius
1595 454 1605 470 ,
1632 441 1691 463 non
1711 438 1813 464 tamen
1833 438 1963 472 oportuit
1986 437 2175 466 creaturam

1284 482 1355 508 novi
1363 476 1505 522 Episcopi
1514 485 1560 512 ita
1580 481 1737 523 illegaliter
1758 482 1792 515 Θ
1810 489 1929 523 praeter
1943 486 2101 516 canonem
2113 487 2176 516 Ec-

1287 524 1545 571 clest'asticumfieri
1558 554 1569 572 ‚
1581 529 1686 574 sedin
1697 528 1763 574 ipsa
1772 530 1900 573 Ecclefia
1912 557 1922 572 ,
1947 533 1981 566 &r
1994 545 2032 566 ex
2047 532 2111 577 ipſs
2122 536 2176 567 Sa-

1284 578 1426 611 cerdotali
1435 580 1540 614 ordine
1553 606 1566 623 ‚
1592 583 1626 615 &
1636 593 1674 615 ex
1686 579 1747 626 ipso
1757 582 1844 614 Clero
1856 604 1868 619 ‚
1876 582 1915 615 ab
1925 581 2085 626 Episcopis
2101 586 2177 616 Pro-

1283 633 1393 661 vinciae
1405 627 1538 669 constitui
1548 639 1677 674 oportuit
1685 657 1698 673 ‚
1724 632 1758 667 (ετ
1768 639 1958 674 nequaquam
1970 644 2048 666 nunc
2059 632 2176 675 Aposto-

1281 678 1376 711 lorum
1388 682 1525 715 Canones
1537 684 1656 717 violari.
1671 680 1755 727 Agit
1768 681 1918 717 adversus
1925 680 2178 718 Antiochenam

1284 726 1457 773 synodum
1468 755 1480 772 ,
1505 731 1542 767 in
1562 745 1627 777 qua
1654 731 1843 771 Eusebiana
1865 732 1967 766 fastio
1990 731 2178 777 Georgium

1284 776 1519 823 Cappadocem
1529 809 1541 828 ,
1568 781 1744 819 hominem
1756 782 1933 824 Arianum,
1946 783 2058 816 sansso
2070 780 2178 833 Atha·

1286 829 1378 864 nafio
1387 831 1664 875 superordinavit.
1673 833 1804 869 Diserte
1815 834 1956 869 affirmat
1964 831 2179 869 Alexandria:

1287 878 1513 919 Patriarcham
1523 883 1673 919 debuiffe
1683 882 1894 920 Alexandriae
1903 883 1937 919 δε
1947 882 2028 928 eligi
2050 883 2085 921 &
2097 894 2177 923 con·

1282 929 1396 964 secrarl
1409 943 1418 964 ε
1443 932 1554 969 Non&
1563 935 1757 970 Dioeceseos
1773 959 1784 976 ,
1810 933 1867 970 sed
1878 933 1896 967 a
1907 933 2087 976 Provincie
2099 932 2178 978 Epi-

1286 980 1400 1024 scopis-
1432 982 1478 1021 Et
1501 985 1551 1019 ita
1566 985 1672 1029 juberi
1693 997 1749 1030 per
1765 985 1925 1020 Canones
1949 981 2178 1027 Apostolieos.

1272 1031 1345 1078 ¹Ista
1356 1031 1500 1067 omnino
1510 1035 1557 1069 est
1567 1035 1639 1070 Lex
1651 1033 1912 1080 Autocephaliae.
1941 1033 2093 1079 Georgio
2105 1035 2177 1069 suc·

1283 1081 1370 1115 ceffit
1382 1081 1586 1128 Gregorius,
1609 1086 1776 1130 Gregorio
1795 1085 1923 1122 Lucius
1941 1110 1953 1126 ,
1979 1085 2081 1120 etiam
2103 1083 2176 1119 An-

1284 1130 1414 1167 tiochiae
1425 1133 1604 1170 ordinatus,
1617 1135 1718 1169 Hanc
1728 1134 1993 1170 Ordinationcm
2004 1146 2046 1169 ex
2057 1133 2178 1170 iisdem

1287 1182 1451 1225 capitibus
1462 1182 1629 1220 damnant
1642 1186 1791 1221 Socrates
1799 1208 1811 1224 ‚
1837 1183 1995 1218 Hermias
2011 1183 2176 1220 <zozome-

1282 1244 1343 1267 nus
1353 1258 1364 1274 ‚
1375 1245 1413 1268 ac
1424 1235 1455 1270 S,
1467 1233 1687 1280 Epiphanius.
1715 1234 1762 1268 Et
1780 1233 1822 1268 de
1845 1232 1952 1268 Paulo
1964 1230 2178 1280 Alexandrh,
2192 1241 2296 1275 fimf.

1281 1281 1593 1320 Patrlarchascribit
1604 1283 1779 1320 Liberatus
1788 1283 1981 1318 Diaconus:
2012 1282 2176 1327 Postquam
2193 1287 2238 1313 6⁸·
2247 1292 2315 1315 01⁰

1282 1333 1454 1378 Tbeodofi‘us
1465 1336 1692 1370 Alexandrinus
1703 1359 1714 1375 ,
1740 1332 1846 1369 homo
1857 1330 2112 1376 Eutychianista
2121 1358 2133 1375 ,
2141 1340 2176 1368 in
2190 1340 2316 1380 C²P·²3·

1282 1386 1408 1419 exilium
1417 1385 1516 1428 miffus
1527 1385 1566 1429 est
1581 1410 1591 1426 ,
1618 1385 1736 1421 Paulus
1760 1385 1887 1429 quidam
1898 1407 1909 1423 ,
1930 1394 2010 1417 unus
2022 1383 2176 1421 Abbatum

1281 1434 1536 1477 Thubennenfium
1546 1434 1755 1470 Monachorum
1776 1458 1787 1475 ‚
1819 1435 1863 1468 ad
1871 1433 2113 1468 Alexandrinam
2123 1435 2176 1477 Se,-

1281 1486 1348 1519 dem
1361 1487 1519 1520 ordinatur
1530 1484 1697 1531 Episcopus
1710 1509 1722 1526 ‚
1734 1485 1856 1529 Pelagio
1867 1490 2089 1519 interveniente
2098 1487 2176 1528 Apo-

1282 1534 1404 1579 crysario
1414 1540 1551 1571 Romano
1563 1561 1574 1577 ‚
1595 1538 1686 1579 plene
1698 1535 1889 1570 orthodoxus.
1918 1534 2095 1569 ordinatus
2103 1533 2143 1577 est
2153 1536 2176 1568 ἃ

1275 1590 1397 1632 ⁴Metina
1420 1587 1673 1633 Constantinopoli
1695 1613 1705 1630 ,
1727 1583 1880 1632 praesente
1902 1586 2004 1620 eodem
2025 1586 2176 1631 Pelagio,

1284 1636 1472 1683 Apocrifirrio
1492 1641 1603 1684 Vigilii.
1629 1639 1807 1675 Liberatus
1826 1648 1897 1672 non
1917 1635 1986 1682 fine
2009 1636 2113 1671 caufis
2126 1637 2176 1679 ita

1282 1699 1378 1735 urget
1389 1688 1518 1735 Pelagii
1529 1691 1743 1735 praesentiam.
1772 1685 1906 1732 Nempe
1913 1686 2032 1722 contra
2044 1687 2178 1732 regulas

1281 1748 1350 1774 erat
1371 1739 1430 1775 ista
1452 1742 1693 1776 Consecratio:
1717 1741 1764 1779 Et
1781 1739 1828 1775 ob
1853 1737 1998 1775 rationes
2018 1735 2179 1782 Pelagius

1279 1789 1490 1833 dispensavit.
1530 1789 1631 1829 Adeo
1647 1800 1771 1834 magna
1793 1789 1919 1831 semper
1940 1786 2006 1819 fuit
2026 1785 2178 1828 Potestas
2241 1785 2244 1795 ⁴

1283 1839 1419 1883 Legatis
1429 1839 1604 1876 Romanis.
1638 1840 1683 1874 Et
1695 1838 1775 1874 hinc
1789 1837 1952 1882 Ioannem
1964 1836 2022 1870 111.
2036 1836 2178 1879 Pati-ier,-

1281 1886 1379 1926 cham
1399 1887 1816 1932 Constantinopolitanum
1840 1910 1852 1926 ‚
1889 1884 1980 1930 quod
2007 1885 2178 1929 Ioannem

1282 1936 1493 1973 Alexandria:
1503 1937 1731 1976 Patrinrcham
1739 1935 2043 1979 Constantinopoli
2062 1938 2178 1974 consen·

1281 1988 1394 2021 crasset
1405 2012 1420 2029 ‚
1428 1989 1570 2033 graviter
1581 1987 1691 2037 arguit
1702 1988 1828 2022 sanstus
1837 1984 2027 2023 Anastasius
2037 1985 2177 2026 Patriae-

1281 2035 1343 2070 cha
1355 2036 1600 2072 Antiochenus.
1627 2038 1678 2073 Ita
1690 2036 1792 2072 habes
1814 2038 1850 2072 in
1873 2035 2100 2072 Ecclefiastica
2111 2038 2177 2072 Hi,
2190 2046 2252 2080 1:01,
2263 2051 2311 2082 69,

1280 2086 1382 2121 storia
1395 2085 1558 2123 Anastafii
1570 2089 1724 2129 Romani
1736 2084 2003 2125 Bibliothecarii.
2041 2087 2177 2132 Utique

1282 2136 1371 2180 quod
1382 2139 1598 2173 consecrasset
1609 2139 1676 2174 fine
1688 2136 1883 2174 authentica
1894 2136 2165 2182 Dispensatione,

1513 2302 1793 2341 CAPUT
1843 2304 1930 2341 Vl.

1276 2436 1278 2438 -
1327 2405 1544 2476 Exponitm·
1581 2403 1813 2454 Hierarchia
1847 2402 2115 2456 Alexandrina

1463 2482 1466 2485 ’
1630 2479 1828 2524 Civitatis.

1277 2581 1282 2587 ”
1284 2589 1373 2675 A
1386 2592 1609 2630 Lexandriam
1620 2595 1684 2630 effe
1696 2595 1845 2642 AEgypti
1857 2621 1868 2637 ,
1886 2595 2002 2639 Libyae
2014 2619 2026 2635 ,
2050 2593 2174 2631 Ponta—
2187 2588 2249 2668 ΞΒ·
2261 2599 2312 2662 ²²52:

1400 2643 1501 2686 polis,
1510 2644 1544 2677 &
1554 2645 1732 2680 multarum
1742 2647 1935 2692 Regionum
1947 2645 2173 2690 Metropolim

1284 2691 1393 2726 scribit
1405 2691 1608 2728 Ammianus
1617 2695 1889 2734 Marcellinus.Et
1902 2697 1938 2730 in
1951 2691 2096 2731 Maximi
2107 2694 2174 2741 Cy-

1285 2742 1350 2775 nici
1367 2742 1409 2776 ad
1434 2744 1831 2789 Constantinopolitanos
1848 2745 1940 2782 disto
1961 2746 2130 2784 Encomio
2139 2745 2169 2781 S.

1285 2792 1467 2838 Gregorius
1485 2795 1714 2831 Nazianzenus
1722 2795 1833 2832 scribit
1843 2796 1939 2831 illurn
1948 2797 2041 2832 suiffe
2053 2805 2170 2832 natum

1286 2841 1495 2878 Alexandriae
1505 2869 1516 2885 ‚
1531 2855 1629 2890 atque
1639 2846 1799 2891 adjungit:
1828 2851 1888 2880 Hoc
1898 2847 1935 2888 est
1944 2873 1954 2888 ,
1967 2854 1999 2881 in
2010 2850 2172 2880 eaC'ivita-
2187 2859 2309 2899 omn-3³

1285 2902 1314 2926 te
1324 2918 1335 2934 ‚
1363 2905 1429 2936 quae
1443 2897 1496 2928 vel
1504 2907 1570 2929 cum
1580 2896 1681 2942 vestra
1689 2922 1699 2938 ,
1713 2899 1765 2933 vel
1771 2899 1850 2931 certe*
1853 2897 1958 2942 statim
1963 2896 2027 2939 post
2035 2907 2104 2931 eam
2117 2904 2172 2928 nu-

1285 2954 1501 2987 meratur,quae
1512 2958 1577 2979 cum
1589 2947 1723 2980 omnibus
1734 2948 1824 2983 rebus
1834 2947 1923 2982 urbes
1934 2958 2034 2980 omnes
2045 2947 2173 2989 antecel-

1284 2995 1343 3034 lat,
1355 3005 1420 3028 tum
1431 2994 1508 3028 nibil
1517 3005 1582 3029 tam
1589 3004 1748 3038 proprium
1758 2997 1849 3031 habet
1861 3022 1872 3039 ‚
1900 3009 1992 3040 quam
2001 3001 2173 3029 animorum

1278 3043 1485 3085 fervorem‚&
1497 3048 1576 3088 quod
1585 3053 1618 3079 in
1631 3059 1661 3079 eo
1667 3049 1906 3093 preclartffimum
1918 3045 1966 3088 est,
1976 3052 2171 3079 accerrimum

1284 3106 1354 3137 erga
1366 3094 1569 3134 Christianam
1582 3098 1766 3141 Religionem
1780 3098 1917 3138 studium
1930 3122 1940 3137 ‚
1966 3098 1987 3128 ἆ
2013 3097 2173 3137 voluntate

1284 3146 1403 3185 quidem
1413 3155 1506 3187 atque
1532 3153 1627 3180 animi
1649 3148 1819 3182 induerim
1833 3152 2018 3188 principium
2040 3147 2150 3180 ducens
2162 3169 2173 3187 ,

1285 3195 1423 3228 caeterum
1434 3197 1453 3227 a
1467 3206 1578 3229 natura
1584 3197 1685 3239 postea
1694 3196 1906 3239 confirmatum.
1928 3196 2082 3230 Affirmat
2096 3195 2174 3230 Ale-

1287 3244 1457 3279 xandriam
1469 3248 1531 3280 esse
1540 3248 1679 3290 primam
1692 3247 1709 3282 a
1721 3247 1831 3282 Roma
1842 3272 1853 3288 ‚
1872 3246 2046 3283 secundam
2058 3246 2176 3280 urbem

1292 3294 1437 3329 Romam·
1450 3296 1607 3341 Imperii..
1621 3298 1664 3332 Et
1675 3297 1719 3333 ita
1731 3295 1873 3331 omnino
1881 3297 1952 3330 fuit.
1989 3297 2083 3330 Hinc
2098 3295 2177 3332 Ale«

1291 3344 1469 3380 xandrinus
1475 3358 1516 3380 ex
1527 3347 1724 3391 Apostolico
1748 3347 1888 3381 Canone
1910 3346 1955 3381 est
1975 3347 2118 3380 omnino
2132 3346 2178 3380 se·

1290 3394 1419 3430 cundus
1426 3395 1623 3432 Patriarcha.
1637 3397 1763 3431 Verum
1773 3398 1850 3440 quia
1862 3392 2002 3442 magnus
2013 3396 2178 3430 Constan-

2107 3494 2186 3538 csso,
