<?xml version="1.0" encoding="UTF-8"?>
<!DOCTYPE html PUBLIC "-//W3C//DTD XHTML 1.0 Transitional//EN"
    "http://www.w3.org/TR/xhtml1/DTD/xhtml1-transitional.dtd">
<html xmlns="http://www.w3.org/1999/xhtml" xml:lang="en" lang="en">
 <head>
  <title>
</title>
<meta http-equiv="Content-Type" content="text/html;charset=utf-8" />
  <meta name='ocr-system' content='tesseract 3.04.00' />
  <meta name='ocr-capabilities' content='ocr_page ocr_carea ocr_par ocr_line ocrx_word'/>
</head>
<body>
  <div class='ocr_page' id='page_1' title='image "./operaomniastudio01lupuuoft_0166.png"; bbox 0 0 2346 3776; ppageno 0'>
   <div class='ocr_carea' id='block_1_1' title="bbox 360 105 432 151">
    <p class='ocr_par' dir='ltr' id='par_1_1' title="bbox 360 105 432 151">
     <span class='ocr_line' id='line_1_1' title="bbox 360 105 432 151; baseline 0.028 -5"><span class='ocrx_word' id='word_1_1' title='bbox 360 105 432 151; x_wconf 63' lang='lat'><em>&#39;128</em></span> 
     </span>
    </p>
   </div>
   <div class='ocr_carea' id='block_1_2' title="bbox 204 173 1236 3414">
    <p class='ocr_par' dir='ltr' id='par_1_2' title="bbox 204 173 1235 2812">
     <span class='ocr_line' id='line_1_2' title="bbox 358 173 1235 220; baseline -0.001 -11"><span class='ocrx_word' id='word_1_2' title='bbox 358 181 406 219; x_wconf 65' lang='lat' dir='ltr'><em>„Ep</em></span> <span class='ocrx_word' id='word_1_3' title='bbox 416 173 650 219; x_wconf 73' lang='lat' dir='ltr'><em>quastparvulis</em></span> <span class='ocrx_word' id='word_1_4' title='bbox 660 182 751 220; x_wconf 83' lang='lat' dir='ltr'><em>atque</em></span> <span class='ocrx_word' id='word_1_5' title='bbox 760 176 932 218; x_wconf 76' lang='lat' dir='ltr'><em>infantibus</em></span> <span class='ocrx_word' id='word_1_6' title='bbox 943 178 991 210; x_wconf 87' lang='lat' dir='ltr'><em>lac</em></span> <span class='ocrx_word' id='word_1_7' title='bbox 1006 184 1110 218; x_wconf 83' lang='lat' dir='ltr'><em>potum</em></span> <span class='ocrx_word' id='word_1_8' title='bbox 1136 177 1213 209; x_wconf 81' lang='lat' dir='ltr'><em>dant</em></span> <span class='ocrx_word' id='word_1_9' title='bbox 1224 200 1235 216; x_wconf 85' lang='lat'>‚</span> 
     </span>
     <span class='ocr_line' id='line_1_3' title="bbox 356 224 1233 269; baseline 0 -11"><span class='ocrx_word' id='word_1_10' title='bbox 356 237 415 266; x_wconf 79' lang='lat' dir='ltr'><em>mn</em></span> <span class='ocrx_word' id='word_1_11' title='bbox 420 224 548 269; x_wconf 86' lang='lat' dir='ltr'><em>solidum</em></span> <span class='ocrx_word' id='word_1_12' title='bbox 561 226 657 260; x_wconf 83' lang='lat' dir='ltr'><em>cibum</em></span> <span class='ocrx_word' id='word_1_13' title='bbox 669 251 676 258; x_wconf 92' lang='lat'><em>.</em></span> <span class='ocrx_word' id='word_1_14' title='bbox 703 231 739 259; x_wconf 88' lang='lat' dir='ltr'><strong><em>N</em></strong></span> <span class='ocrx_word' id='word_1_15' title='bbox 740 238 770 259; x_wconf 86' lang='lat' dir='ltr'><em>ec</em></span> <span class='ocrx_word' id='word_1_16' title='bbox 776 232 960 268; x_wconf 82' lang='lat' dir='ltr'><em>praecipiunt</em></span> <span class='ocrx_word' id='word_1_17' title='bbox 970 228 1008 259; x_wconf 88' lang='lat' dir='ltr'><em>de</em></span> <span class='ocrx_word' id='word_1_18' title='bbox 1019 231 1213 262; x_wconf 83' lang='lat' dir='ltr'><em>Continentia</em></span> <span class='ocrx_word' id='word_1_19' title='bbox 1224 250 1233 265; x_wconf 91' lang='lat'>‚</span> 
     </span>
     <span class='ocr_line' id='line_1_4' title="bbox 347 275 1235 320; baseline -0.002 -11"><span class='ocrx_word' id='word_1_20' title='bbox 347 275 838 320; x_wconf 67' lang='lat' dir='ltr'><em>·?1ecdeWrginitatefignficam‚</em></span> <span class='ocrx_word' id='word_1_21' title='bbox 859 287 910 310; x_wconf 85' lang='lat' dir='ltr'><em>nec</em></span> <span class='ocrx_word' id='word_1_22' title='bbox 930 277 975 309; x_wconf 89' lang='lat' dir='ltr'><em>ad</em></span> <span class='ocrx_word' id='word_1_23' title='bbox 986 277 1110 317; x_wconf 84' lang='lat' dir='ltr'><em>jejunia</em></span> <span class='ocrx_word' id='word_1_24' title='bbox 1126 283 1235 317; x_wconf 81' lang='lat' dir='ltr'><em>provo-</em></span> 
     </span>
     <span class='ocr_line' id='line_1_5' title="bbox 351 321 1233 369; baseline 0 -11"><span class='ocrx_word' id='word_1_25' title='bbox 351 336 432 363; x_wconf 74' lang='lat' dir='ltr'><em>cant.</em></span> <span class='ocrx_word' id='word_1_26' title='bbox 461 325 506 360; x_wconf 84' lang='lat' dir='ltr'><em>Et</em></span> <span class='ocrx_word' id='word_1_27' title='bbox 517 327 546 360; x_wconf 86' lang='lat' dir='ltr'><em>S.</em></span> <span class='ocrx_word' id='word_1_28' title='bbox 561 325 766 369; x_wconf 86' lang='lat' dir='ltr'>Epiphanius</span> <span class='ocrx_word' id='word_1_29' title='bbox 776 326 810 358; x_wconf 88' lang='lat' dir='ltr'><em>in</em></span> <span class='ocrx_word' id='word_1_30' title='bbox 822 324 965 359; x_wconf 87' lang='lat' dir='ltr'><em>Panario</em></span> <span class='ocrx_word' id='word_1_31' title='bbox 973 321 1073 358; x_wconf 90' lang='lat' dir='ltr'><em>docet</em></span> <span class='ocrx_word' id='word_1_32' title='bbox 1083 336 1151 358; x_wconf 87' lang='lat' dir='ltr'><em>non</em></span> <span class='ocrx_word' id='word_1_33' title='bbox 1164 336 1233 360; x_wconf 83' lang='lat' dir='ltr'><em>cor-</em></span> 
     </span>
     <span class='ocr_line' id='line_1_6' title="bbox 349 374 1233 420; baseline -0.001 -10"><span class='ocrx_word' id='word_1_34' title='bbox 349 376 477 419; x_wconf 81' lang='lat' dir='ltr'><em>poralia</em></span> <span class='ocrx_word' id='word_1_35' title='bbox 491 400 501 417; x_wconf 90' lang='lat'><strong>,</strong></span> <span class='ocrx_word' id='word_1_36' title='bbox 518 376 572 409; x_wconf 90' lang='lat' dir='ltr'><em>sed</em></span> <span class='ocrx_word' id='word_1_37' title='bbox 585 374 772 418; x_wconf 77' lang='lat' dir='ltr'><em>spiritualia</em></span> <span class='ocrx_word' id='word_1_38' title='bbox 783 375 801 408; x_wconf 77' lang='lat' dir='ltr'><em>a</em></span> <span class='ocrx_word' id='word_1_39' title='bbox 812 377 952 418; x_wconf 85' lang='lat' dir='ltr'><em>peccatis</em></span> <span class='ocrx_word' id='word_1_40' title='bbox 961 375 1081 418; x_wconf 83' lang='lat' dir='ltr'><em>jejunia</em></span> <span class='ocrx_word' id='word_1_41' title='bbox 1091 375 1155 420; x_wconf 66' lang='lat' dir='ltr'><em>esse</em></span> <span class='ocrx_word' id='word_1_42' title='bbox 1176 386 1233 409; x_wconf 88' lang='lat' dir='ltr'><em>no-</em></span> 
     </span>
     <span class='ocr_line' id='line_1_7' title="bbox 350 423 1231 469; baseline -0.001 -10"><span class='ocrx_word' id='word_1_43' title='bbox 350 424 403 466; x_wconf 82' lang='lat' dir='ltr'><em>bis</em></span> <span class='ocrx_word' id='word_1_44' title='bbox 414 426 575 468; x_wconf 78' lang='lat' dir='ltr'><em>Praecepta</em></span> <span class='ocrx_word' id='word_1_45' title='bbox 586 425 605 460; x_wconf 72' lang='grc' dir='ltr'><em>ὲ,</em></span> <span class='ocrx_word' id='word_1_46' title='bbox 617 423 750 458; x_wconf 82' lang='lat' dir='ltr'><em>Christo</em></span> <span class='ocrx_word' id='word_1_47' title='bbox 762 424 915 463; x_wconf 84' lang='lat' dir='ltr'><em>Domino</em></span> <span class='ocrx_word' id='word_1_48' title='bbox 927 450 937 465; x_wconf 89' lang='lat'><em>,</em></span> <span class='ocrx_word' id='word_1_49' title='bbox 955 435 1052 469; x_wconf 77' lang='lat' dir='ltr'><em>atque</em></span> <span class='ocrx_word' id='word_1_50' title='bbox 1060 424 1210 469; x_wconf 76' lang='lat' dir='ltr'><em>adjungit</em></span> <span class='ocrx_word' id='word_1_51' title='bbox 1221 439 1231 458; x_wconf 87' lang='lat'><em>.-</em></span> 
     </span>
     <span class='ocr_line' id='line_1_8' title="bbox 214 473 1228 523; baseline 0 -15"><span class='ocrx_word' id='word_1_52' title='bbox 214 475 319 517; x_wconf 64' lang='lat' dir='ltr'><em>Haeres.</em></span> <span class='ocrx_word' id='word_1_53' title='bbox 350 477 546 523; x_wconf 61' lang='lat' dir='ltr'><em>,Quamquam</em></span> <span class='ocrx_word' id='word_1_54' title='bbox 565 473 700 514; x_wconf 84' lang='lat' dir='ltr'><em>anostris</em></span> <span class='ocrx_word' id='word_1_55' title='bbox 711 480 845 508; x_wconf 74' lang='lat' dir='ltr'><em>exterius</em></span> <span class='ocrx_word' id='word_1_56' title='bbox 856 476 934 508; x_wconf 85' lang='lat' dir='ltr'><em>illud</em></span> <span class='ocrx_word' id='word_1_57' title='bbox 949 483 1061 517; x_wconf 83' lang='lat' dir='ltr'><em>quoque</em></span> <span class='ocrx_word' id='word_1_58' title='bbox 1073 477 1228 516; x_wconf 66' lang='lat' dir='ltr'><em>‚ieiunium</em></span> 
     </span>
     <span class='ocr_line' id='line_1_9' title="bbox 213 525 1230 566; baseline 0.001 -10"><span class='ocrx_word' id='word_1_59' title='bbox 213 526 261 563; x_wconf 61' lang='lat' dir='ltr'><em>§.ie</em></span> <span class='ocrx_word' id='word_1_60' title='bbox 270 527 296 558; x_wconf 65' lang='lat' dir='ltr'><em>e.</em></span> <span class='ocrx_word' id='word_1_61' title='bbox 307 527 331 563; x_wconf 68' lang='lat'><em>5,-</em></span> <span class='ocrx_word' id='word_1_62' title='bbox 346 525 508 565; x_wconf 56' lang='lat' dir='ltr'><em>adhibetur</em></span> <span class='ocrx_word' id='word_1_63' title='bbox 521 547 532 563; x_wconf 87' lang='lat'><em>,</em></span> <span class='ocrx_word' id='word_1_64' title='bbox 557 533 707 566; x_wconf 84' lang='lat' dir='ltr'><em>quatenus</em></span> <span class='ocrx_word' id='word_1_65' title='bbox 718 526 762 557; x_wconf 87' lang='lat' dir='ltr'><em>ad</em></span> <span class='ocrx_word' id='word_1_66' title='bbox 770 530 935 559; x_wconf 80' lang='lat' dir='ltr'><em>animorum</em></span> <span class='ocrx_word' id='word_1_67' title='bbox 946 526 1106 558; x_wconf 82' lang='lat' dir='ltr'><em>utilitatem</em></span> <span class='ocrx_word' id='word_1_68' title='bbox 1118 525 1230 566; x_wconf 84' lang='lat' dir='ltr'><em>confert</em></span> 
     </span>
     <span class='ocr_line' id='line_1_10' title="bbox 347 571 1230 618; baseline -0.002 -10"><span class='ocrx_word' id='word_1_69' title='bbox 347 575 466 616; x_wconf 74' lang='lat' dir='ltr'><em>aliquid</em></span> <span class='ocrx_word' id='word_1_70' title='bbox 475 598 486 613; x_wconf 93' lang='lat'>‚</span> <span class='ocrx_word' id='word_1_71' title='bbox 505 571 606 615; x_wconf 84' lang='lat' dir='ltr'><em>ficum</em></span> <span class='ocrx_word' id='word_1_72' title='bbox 615 580 731 608; x_wconf 86' lang='lat' dir='ltr'><em>ratione</em></span> <span class='ocrx_word' id='word_1_73' title='bbox 736 572 883 618; x_wconf 83' lang='lat' dir='ltr'><em>suscipias</em></span> <span class='ocrx_word' id='word_1_74' title='bbox 897 589 904 608; x_wconf 88' lang='lat'>:</span> <span class='ocrx_word' id='word_1_75' title='bbox 932 580 1006 609; x_wconf 73' lang='lat' dir='ltr'><em>Nan</em></span> <span class='ocrx_word' id='word_1_76' title='bbox 1027 576 1168 608; x_wconf 85' lang='lat' dir='ltr'><em>imitandi</em></span> <span class='ocrx_word' id='word_1_77' title='bbox 1183 585 1230 606; x_wconf 86' lang='lat' dir='ltr'><em>cu-</em></span> 
     </span>
     <span class='ocr_line' id='line_1_11' title="bbox 338 621 1231 674; baseline -0.002 -16"><span class='ocrx_word' id='word_1_78' title='bbox 338 622 486 674; x_wconf 71' lang='lat' dir='ltr'><em>jichuam</em></span> <span class='ocrx_word' id='word_1_79' title='bbox 496 625 610 665; x_wconf 76' lang='lat' dir='ltr'><em>studio,</em></span> <span class='ocrx_word' id='word_1_80' title='bbox 620 636 677 657; x_wconf 85' lang='lat' dir='ltr'><em>non</em></span> <span class='ocrx_word' id='word_1_81' title='bbox 687 624 907 668; x_wconf 79' lang='lat' dir='ltr'><em>consuetudine</em></span> <span class='ocrx_word' id='word_1_82' title='bbox 918 649 928 665; x_wconf 89' lang='lat'><strong>,</strong></span> <span class='ocrx_word' id='word_1_83' title='bbox 939 636 995 658; x_wconf 88' lang='lat' dir='ltr'><em>non</em></span> <span class='ocrx_word' id='word_1_84' title='bbox 1012 621 1161 658; x_wconf 79' lang='lat' dir='ltr'><em>certarum</em></span> <span class='ocrx_word' id='word_1_85' title='bbox 1170 625 1231 657; x_wconf 82' lang='lat' dir='ltr'><em>die-</em></span> 
     </span>
     <span class='ocr_line' id='line_1_12' title="bbox 344 672 1230 718; baseline -0.002 -11"><span class='ocrx_word' id='word_1_86' title='bbox 344 685 413 712; x_wconf 76' lang='lat' dir='ltr'><em>rum</em></span> <span class='ocrx_word' id='word_1_87' title='bbox 424 675 574 717; x_wconf 73' lang='lat' dir='ltr'><em>Religione</em></span> <span class='ocrx_word' id='word_1_88' title='bbox 585 699 595 715; x_wconf 91' lang='lat'>‚</span> <span class='ocrx_word' id='word_1_89' title='bbox 605 675 658 709; x_wconf 88' lang='lat' dir='ltr'><em>vel</em></span> <span class='ocrx_word' id='word_1_90' title='bbox 665 675 786 717; x_wconf 80' lang='lat' dir='ltr'><em>definito</em></span> <span class='ocrx_word' id='word_1_91' title='bbox 808 677 907 718; x_wconf 82' lang='lat' dir='ltr'><em>aliquo</em></span> <span class='ocrx_word' id='word_1_92' title='bbox 928 682 1070 716; x_wconf 78' lang='lat' dir='ltr'><em>tempore:</em></span> <span class='ocrx_word' id='word_1_93' title='bbox 1100 672 1230 716; x_wconf 84' lang='lat' dir='ltr'><em>Praeser-</em></span> 
     </span>
     <span class='ocr_line' id='line_1_13' title="bbox 342 723 1229 766; baseline -0.008 -4"><span class='ocrx_word' id='word_1_94' title='bbox 342 729 400 762; x_wconf 67' lang='lat' dir='ltr'><em>tim</em></span> <span class='ocrx_word' id='word_1_95' title='bbox 411 735 476 761; x_wconf 81' lang='lat' dir='ltr'><em>cum</em></span> <span class='ocrx_word' id='word_1_96' title='bbox 486 723 670 765; x_wconf 69' lang='lat' dir='ltr'><em>verijqiunii</em></span> <span class='ocrx_word' id='word_1_97' title='bbox 681 730 852 758; x_wconf 77' lang='lat' dir='ltr'><em>memoriam</em></span> <span class='ocrx_word' id='word_1_98' title='bbox 862 724 982 766; x_wconf 81' lang='lat' dir='ltr'><em>refricet</em></span> <span class='ocrx_word' id='word_1_99' title='bbox 994 747 1004 764; x_wconf 89' lang='lat'>‚</span> <span class='ocrx_word' id='word_1_100' title='bbox 1032 732 1066 756; x_wconf 88' lang='lat' dir='ltr'><em>ut</em></span> <span class='ocrx_word' id='word_1_101' title='bbox 1086 729 1137 766; x_wconf 84' lang='lat' dir='ltr'><em>qui</em></span> <span class='ocrx_word' id='word_1_102' title='bbox 1160 735 1229 756; x_wconf 89' lang='lat' dir='ltr'><em>non-</em></span> 
     </span>
     <span class='ocr_line' id='line_1_14' title="bbox 339 773 1225 818; baseline -0.001 -11"><span class='ocrx_word' id='word_1_103' title='bbox 339 775 417 814; x_wconf 71' lang='lat' dir='ltr'><em>dum</em></span> <span class='ocrx_word' id='word_1_104' title='bbox 428 775 506 811; x_wconf 74' lang='lat' dir='ltr'><em>illud</em></span> <span class='ocrx_word' id='word_1_105' title='bbox 514 774 630 818; x_wconf 72' lang='lat' dir='ltr'><em>affecutt&#39;</em></span> <span class='ocrx_word' id='word_1_106' title='bbox 635 774 757 816; x_wconf 83' lang='lat' dir='ltr'><em>fuerint</em></span> <span class='ocrx_word' id='word_1_107' title='bbox 768 800 779 816; x_wconf 91' lang='lat'>,</span> <span class='ocrx_word' id='word_1_108' title='bbox 789 774 829 807; x_wconf 85' lang='lat' dir='ltr'><em>ab</em></span> <span class='ocrx_word' id='word_1_109' title='bbox 837 780 983 808; x_wconf 82' lang='lat' dir='ltr'><em>exteriore</em></span> <span class='ocrx_word' id='word_1_110' title='bbox 993 773 1225 815; x_wconf 63' lang='lat' dir='ltr'><em>commonefacit,</em></span> 
     </span>
     <span class='ocr_line' id='line_1_15' title="bbox 338 822 1227 862; baseline 0 -5"><span class='ocrx_word' id='word_1_111' title='bbox 338 825 468 862; x_wconf 60' lang='lat' dir='ltr'><em>alterius</em></span> <span class='ocrx_word' id='word_1_112' title='bbox 492 825 688 860; x_wconf 80' lang='lat' dir='ltr'><em>recordentur.</em></span> <span class='ocrx_word' id='word_1_113' title='bbox 718 824 834 858; x_wconf 84' lang='lat' dir='ltr'><em>Palam</em></span> <span class='ocrx_word' id='word_1_114' title='bbox 856 823 996 857; x_wconf 84' lang='lat' dir='ltr'><em>affirmat</em></span> <span class='ocrx_word' id='word_1_115' title='bbox 1026 824 1086 857; x_wconf 91' lang='lat' dir='ltr'><em>suo</em></span> <span class='ocrx_word' id='word_1_116' title='bbox 1119 822 1227 858; x_wconf 79' lang='lat' dir='ltr'><em>adhuc</em></span> 
     </span>
     <span class='ocr_line' id='line_1_16' title="bbox 340 873 1225 918; baseline 0 -11"><span class='ocrx_word' id='word_1_117' title='bbox 340 883 492 917; x_wconf 78' lang='lat' dir='ltr'><em>tempore</em></span> <span class='ocrx_word' id='word_1_118' title='bbox 514 873 620 910; x_wconf 72' lang='lat' dir='ltr'><em>nullas</em></span> <span class='ocrx_word' id='word_1_119' title='bbox 630 874 725 908; x_wconf 80' lang='lat' dir='ltr'><em>fuiffe</em></span> <span class='ocrx_word' id='word_1_120' title='bbox 743 873 856 917; x_wconf 79' lang='lat' dir='ltr'><em>jejunii</em></span> <span class='ocrx_word' id='word_1_121' title='bbox 877 874 983 918; x_wconf 89' lang='lat' dir='ltr'><em>Leges</em></span> <span class='ocrx_word' id='word_1_122' title='bbox 996 898 1002 906; x_wconf 85' lang='lat'><em>.</em></span> <span class='ocrx_word' id='word_1_123' title='bbox 1031 873 1165 917; x_wconf 87' lang='lat' dir='ltr'><em>Utique</em></span> <span class='ocrx_word' id='word_1_124' title='bbox 1191 874 1225 907; x_wconf 91' lang='lat' dir='ltr'><em>in</em></span> 
     </span>
     <span class='ocr_line' id='line_1_17' title="bbox 339 923 1228 968; baseline -0.002 -9"><span class='ocrx_word' id='word_1_125' title='bbox 339 924 396 964; x_wconf 64' lang='lat' dir='ltr'><em>sua</em></span> <span class='ocrx_word' id='word_1_126' title='bbox 417 923 568 959; x_wconf 76' lang='lat' dir='ltr'><em>Ecclesia.</em></span> <span class='ocrx_word' id='word_1_127' title='bbox 595 923 722 958; x_wconf 89' lang='lat' dir='ltr'><em>Eadem</em></span> <span class='ocrx_word' id='word_1_128' title='bbox 743 924 841 959; x_wconf 86' lang='lat' dir='ltr'><em>docet</em></span> <span class='ocrx_word' id='word_1_129' title='bbox 859 924 895 957; x_wconf 90' lang='lat' dir='ltr'><em>in</em></span> <span class='ocrx_word' id='word_1_130' title='bbox 923 923 1091 968; x_wconf 86' lang='lat' dir='ltr'><em>Vigefima</em></span> <span class='ocrx_word' id='word_1_131' title='bbox 1113 924 1228 966; x_wconf 85' lang='lat' dir='ltr'><em>quinta</em></span> 
     </span>
     <span class='ocr_line' id='line_1_18' title="bbox 338 972 1227 1015; baseline -0.004 -4"><span class='ocrx_word' id='word_1_132' title='bbox 338 975 431 1015; x_wconf 76' lang='lat' dir='ltr'><em>supet</em></span> <span class='ocrx_word' id='word_1_133' title='bbox 449 972 635 1014; x_wconf 65' lang='lat' dir='ltr'><em>Epistulam</em></span> <span class='ocrx_word' id='word_1_134' title='bbox 655 973 696 1008; x_wconf 88' lang='lat' dir='ltr'><em>ad</em></span> <span class='ocrx_word' id='word_1_135' title='bbox 719 975 893 1011; x_wconf 84' lang='lat' dir='ltr'><em>Romanos</em></span> <span class='ocrx_word' id='word_1_136' title='bbox 919 973 1074 1008; x_wconf 86' lang='lat' dir='ltr'><em>Homilia</em></span> <span class='ocrx_word' id='word_1_137' title='bbox 1102 974 1227 1009; x_wconf 66' lang='lat' dir='ltr'><em>sanstus</em></span> 
     </span>
     <span class='ocr_line' id='line_1_19' title="bbox 337 1020 1226 1066; baseline 0.002 -11"><span class='ocrx_word' id='word_1_138' title='bbox 337 1022 482 1065; x_wconf 83' lang='lat' dir='ltr'><em>Joannes</em></span> <span class='ocrx_word' id='word_1_139' title='bbox 495 1020 758 1065; x_wconf 79' lang='lat' dir='ltr'><em>chrysostomus.</em></span> <span class='ocrx_word' id='word_1_140' title='bbox 783 1024 959 1058; x_wconf 87' lang='lat' dir='ltr'><em>Certorum</em></span> <span class='ocrx_word' id='word_1_141' title='bbox 969 1023 1097 1058; x_wconf 89' lang='lat' dir='ltr'><em>dierum</em></span> <span class='ocrx_word' id='word_1_142' title='bbox 1106 1023 1226 1066; x_wconf 82' lang='lat' dir='ltr'><em>jejunia</em></span> 
     </span>
     <span class='ocr_line' id='line_1_20' title="bbox 335 1069 1224 1119; baseline 0.003 -15"><span class='ocrx_word' id='word_1_143' title='bbox 335 1069 449 1109; x_wconf 71' lang='lat' dir='ltr'><em>laudat</em></span> <span class='ocrx_word' id='word_1_144' title='bbox 460 1095 472 1111; x_wconf 92' lang='lat'>‚</span> <span class='ocrx_word' id='word_1_145' title='bbox 499 1071 591 1106; x_wconf 81' lang='lat' dir='ltr'>addit</span> <span class='ocrx_word' id='word_1_146' title='bbox 601 1074 740 1119; x_wconf 76' lang='lat' dir='ltr'><em>viguisse</em></span> <span class='ocrx_word' id='word_1_147' title='bbox 748 1072 988 1118; x_wconf 74' lang='lat' dir='ltr'><em>Apostolorum</em></span> <span class='ocrx_word' id='word_1_148' title='bbox 999 1074 1202 1116; x_wconf 82' lang='lat' dir='ltr'><em>temporibus</em></span> <span class='ocrx_word' id='word_1_149' title='bbox 1215 1086 1224 1117; x_wconf 89' lang='lat'>;</span> 
     </span>
     <span class='ocr_line' id='line_1_21' title="bbox 336 1121 1226 1168; baseline 0.003 -13"><span class='ocrx_word' id='word_1_150' title='bbox 336 1121 451 1160; x_wconf 71' lang='lat' dir='ltr'><em>verum</em></span> <span class='ocrx_word' id='word_1_151' title='bbox 462 1133 505 1156; x_wconf 88' lang='lat' dir='ltr'><em>ex</em></span> <span class='ocrx_word' id='word_1_152' title='bbox 516 1122 674 1168; x_wconf 78' lang='lat' dir='ltr'><em>cujusque</em></span> <span class='ocrx_word' id='word_1_153' title='bbox 683 1124 817 1159; x_wconf 87' lang='lat' dir='ltr'><em>arbitrio</em></span> <span class='ocrx_word' id='word_1_154' title='bbox 838 1136 845 1157; x_wconf 77' lang='grc' dir='ltr'>ε</span> <span class='ocrx_word' id='word_1_155' title='bbox 870 1124 964 1160; x_wconf 73' lang='lat' dir='ltr'><em>fuisse</em></span> <span class='ocrx_word' id='word_1_156' title='bbox 976 1135 1018 1158; x_wconf 85' lang='lat' dir='ltr'><em>ex</em></span> <span class='ocrx_word' id='word_1_157' title='bbox 1030 1124 1095 1158; x_wconf 89' lang='lat' dir='ltr'><em>illis</em></span> <span class='ocrx_word' id='word_1_158' title='bbox 1106 1149 1116 1165; x_wconf 93' lang='lat'>,</span> <span class='ocrx_word' id='word_1_159' title='bbox 1142 1125 1226 1158; x_wconf 84' lang='lat' dir='ltr'><em>circa</em></span> 
     </span>
     <span class='ocr_line' id='line_1_22' title="bbox 335 1172 1225 1222; baseline 0 -14"><span class='ocrx_word' id='word_1_160' title='bbox 335 1182 409 1215; x_wconf 82' lang='lat' dir='ltr'><em>quae</em></span> <span class='ocrx_word' id='word_1_161' title='bbox 419 1172 526 1216; x_wconf 69' lang='lat' dir='ltr'><em>quivis</em></span> <span class='ocrx_word' id='word_1_162' title='bbox 537 1183 665 1217; x_wconf 81' lang='lat' dir='ltr'><em>poterat</em></span> <span class='ocrx_word' id='word_1_163' title='bbox 677 1176 712 1209; x_wconf 89' lang='lat' dir='ltr'><em>in</em></span> <span class='ocrx_word' id='word_1_164' title='bbox 724 1175 781 1211; x_wconf 86' lang='lat' dir='ltr'><em>suo</em></span> <span class='ocrx_word' id='word_1_165' title='bbox 799 1175 893 1209; x_wconf 86' lang='lat' dir='ltr'><em>sensu</em></span> <span class='ocrx_word' id='word_1_166' title='bbox 915 1173 1083 1209; x_wconf 84' lang='lat' dir='ltr'><em>abundare</em></span> <span class='ocrx_word' id='word_1_167' title='bbox 1094 1199 1101 1207; x_wconf 94' lang='lat'><em>.</em></span> <span class='ocrx_word' id='word_1_168' title='bbox 1130 1174 1225 1222; x_wconf 81' lang='lat' dir='ltr'><em>Qo-</em></span> 
     </span>
     <span class='ocr_line' id='line_1_23' title="bbox 333 1221 1227 1269; baseline 0.007 -14"><span class='ocrx_word' id='word_1_169' title='bbox 333 1223 427 1261; x_wconf 78' lang='lat' dir='ltr'><em>niam</em></span> <span class='ocrx_word' id='word_1_170' title='bbox 439 1221 596 1268; x_wconf 72' lang='lat' dir='ltr'><em>Apostoli</em></span> <span class='ocrx_word' id='word_1_171' title='bbox 603 1224 801 1268; x_wconf 84' lang='lat' dir='ltr'><em>Neophytas</em></span> <span class='ocrx_word' id='word_1_172' title='bbox 808 1234 924 1269; x_wconf 87' lang='lat' dir='ltr'><em>gentes</em></span> <span class='ocrx_word' id='word_1_173' title='bbox 933 1223 1110 1261; x_wconf 85' lang='lat' dir='ltr'><em>noluerunt</em></span> <span class='ocrx_word' id='word_1_174' title='bbox 1123 1223 1227 1261; x_wconf 87' lang='lat' dir='ltr'><em>istius-</em></span> 
     </span>
     <span class='ocr_line' id='line_1_24' title="bbox 336 1273 763 1319; baseline -0.009 -6"><span class='ocrx_word' id='word_1_175' title='bbox 336 1273 432 1313; x_wconf 72' lang='lat' dir='ltr'><em>modi</em></span> <span class='ocrx_word' id='word_1_176' title='bbox 444 1274 600 1319; x_wconf 81' lang='lat' dir='ltr'><em>Legibus</em></span> <span class='ocrx_word' id='word_1_177' title='bbox 610 1286 744 1319; x_wconf 86' lang='lat' dir='ltr'><em>gravare</em></span> <span class='ocrx_word' id='word_1_178' title='bbox 756 1301 763 1309; x_wconf 91' lang='lat'><em>.</em></span> 
     </span>
     <span class='ocr_line' id='line_1_25' title="bbox 387 1323 1225 1370; baseline 0.001 -12"><span class='ocrx_word' id='word_1_179' title='bbox 387 1324 432 1358; x_wconf 87' lang='lat' dir='ltr'><em>Et</em></span> <span class='ocrx_word' id='word_1_180' title='bbox 443 1323 523 1358; x_wconf 89' lang='lat' dir='ltr'><em>hinc</em></span> <span class='ocrx_word' id='word_1_181' title='bbox 537 1325 756 1370; x_wconf 79' lang='lat' dir='ltr'><em>intelligimus</em></span> <span class='ocrx_word' id='word_1_182' title='bbox 767 1324 982 1359; x_wconf 88' lang='lat' dir='ltr'><em>fundamenta</em></span> <span class='ocrx_word' id='word_1_183' title='bbox 1003 1323 1225 1359; x_wconf 81' lang='lat' dir='ltr'><em>Haerefiarchae</em></span> 
     </span>
     <span class='ocr_line' id='line_1_26' title="bbox 217 1373 1226 1424; baseline 0 -16"><span class='ocrx_word' id='word_1_184' title='bbox 217 1390 322 1424; x_wconf 45' lang='lat' dir='ltr'><em>umes·</em></span> <span class='ocrx_word' id='word_1_185' title='bbox 338 1373 453 1415; x_wconf 81' lang='lat' dir='ltr'><em>Aetli,</em></span> <span class='ocrx_word' id='word_1_186' title='bbox 476 1374 517 1409; x_wconf 84' lang='lat' dir='ltr'><em>de</em></span> <span class='ocrx_word' id='word_1_187' title='bbox 530 1386 596 1418; x_wconf 92' lang='lat' dir='ltr'><em>quo</em></span> <span class='ocrx_word' id='word_1_188' title='bbox 608 1377 732 1410; x_wconf 69' lang='lat' dir='ltr'><em>sanstus</em></span> <span class='ocrx_word' id='word_1_189' title='bbox 744 1373 968 1419; x_wconf 75' lang='lat' dir='ltr'><em>Epiphanius:</em></span> <span class='ocrx_word' id='word_1_190' title='bbox 995 1376 1056 1409; x_wconf 87' lang='lat' dir='ltr'><em>5ed</em></span> <span class='ocrx_word' id='word_1_191' title='bbox 1066 1387 1159 1418; x_wconf 84' lang='lat' dir='ltr'><em>neque</em></span> <span class='ocrx_word' id='word_1_192' title='bbox 1177 1377 1226 1416; x_wconf 78' lang='lat' dir='ltr'><em>je-</em></span> 
     </span>
     <span class='ocr_line' id='line_1_27' title="bbox 204 1424 1223 1470; baseline 0.001 -12"><span class='ocrx_word' id='word_1_193' title='bbox 204 1440 283 1468; x_wconf 63' lang='lat' dir='ltr'><em>*Ji-c.</em></span> <span class='ocrx_word' id='word_1_194' title='bbox 295 1443 318 1470; x_wconf 82' lang='lat'><em>5,</em></span> <span class='ocrx_word' id='word_1_195' title='bbox 330 1427 438 1468; x_wconf 80' lang='lat' dir='ltr'><em>junii,</em></span> <span class='ocrx_word' id='word_1_196' title='bbox 461 1430 560 1467; x_wconf 86' lang='lat' dir='ltr'><em>inquit</em></span> <span class='ocrx_word' id='word_1_197' title='bbox 573 1425 694 1459; x_wconf 73' lang='lat' dir='ltr'><em>Aetius</em></span> <span class='ocrx_word' id='word_1_198' title='bbox 704 1451 714 1466; x_wconf 89' lang='lat'><em>‚</em></span> <span class='ocrx_word' id='word_1_199' title='bbox 731 1425 902 1470; x_wconf 79' lang='lat' dir='ltr'><em>instituendi</em></span> <span class='ocrx_word' id='word_1_200' title='bbox 913 1425 974 1458; x_wconf 87' lang='lat' dir='ltr'><em>ulla</em></span> <span class='ocrx_word' id='word_1_201' title='bbox 980 1431 1057 1458; x_wconf 84' lang='lat' dir='ltr'><em>ratio</em></span> <span class='ocrx_word' id='word_1_202' title='bbox 1066 1424 1111 1465; x_wconf 89' lang='lat' dir='ltr'><em>est.</em></span> <span class='ocrx_word' id='word_1_203' title='bbox 1152 1430 1223 1459; x_wconf 81' lang='lat' dir='ltr'><em>Haec</em></span> 
     </span>
     <span class='ocr_line' id='line_1_28' title="bbox 336 1472 1223 1520; baseline -0.001 -11"><span class='ocrx_word' id='word_1_204' title='bbox 336 1481 417 1509; x_wconf 77' lang='lat' dir='ltr'><em>enim</em></span> <span class='ocrx_word' id='word_1_205' title='bbox 427 1480 526 1508; x_wconf 75' lang='lat' dir='ltr'><em>omnia</em></span> <span class='ocrx_word' id='word_1_206' title='bbox 528 1478 561 1520; x_wconf 87' lang='lat' dir='ltr'><em>J</em></span> <span class='ocrx_word' id='word_1_207' title='bbox 563 1477 714 1508; x_wconf 85' lang='lat' dir='ltr'><em>udaeorum</em></span> <span class='ocrx_word' id='word_1_208' title='bbox 719 1481 844 1516; x_wconf 85' lang='lat' dir='ltr'><em>propria</em></span> <span class='ocrx_word' id='word_1_209' title='bbox 850 1472 925 1516; x_wconf 85' lang='lat' dir='ltr'><em>sunt</em></span> <span class='ocrx_word' id='word_1_210' title='bbox 936 1498 947 1514; x_wconf 93' lang='lat'>,</span> <span class='ocrx_word' id='word_1_211' title='bbox 972 1476 1007 1510; x_wconf 67' lang='grc'><em>(9·</em></span> <span class='ocrx_word' id='word_1_212' title='bbox 1026 1477 1149 1509; x_wconf 81' lang='lat' dir='ltr'><em>cuidam</em></span> <span class='ocrx_word' id='word_1_213' title='bbox 1162 1474 1223 1518; x_wconf 89' lang='lat' dir='ltr'><em>ser-</em></span> 
     </span>
     <span class='ocr_line' id='line_1_29' title="bbox 335 1523 1225 1569; baseline 0 -10"><span class='ocrx_word' id='word_1_214' title='bbox 335 1530 449 1559; x_wconf 73' lang='lat' dir='ltr'><em>vitatis</em></span> <span class='ocrx_word' id='word_1_215' title='bbox 453 1527 528 1568; x_wconf 81' lang='lat' dir='ltr'><em>jugo</em></span> <span class='ocrx_word' id='word_1_216' title='bbox 532 1523 678 1568; x_wconf 65' lang='lat' dir='ltr'><em>subjecta.</em></span> <span class='ocrx_word' id='word_1_217' title='bbox 705 1527 827 1568; x_wconf 71' lang='lat' dir='ltr'><em>,Quippe</em></span> <span class='ocrx_word' id='word_1_218' title='bbox 830 1528 863 1569; x_wconf 87' lang='lat' dir='ltr'><strong><em>J</em></strong></span> <span class='ocrx_word' id='word_1_219' title='bbox 865 1523 924 1564; x_wconf 80' lang='lat' dir='ltr'><em>usto</em></span> <span class='ocrx_word' id='word_1_220' title='bbox 934 1525 1017 1557; x_wconf 86' lang='lat' dir='ltr'><em>nulla</em></span> <span class='ocrx_word' id='word_1_221' title='bbox 1037 1527 1087 1559; x_wconf 87' lang='lat' dir='ltr'><em>lex</em></span> <span class='ocrx_word' id='word_1_222' title='bbox 1100 1525 1138 1566; x_wconf 82' lang='lat' dir='ltr'><em>est</em></span> <span class='ocrx_word' id='word_1_223' title='bbox 1154 1524 1225 1567; x_wconf 74' lang='lat' dir='ltr'><em>pefi-</em></span> 
     </span>
     <span class='ocr_line' id='line_1_30' title="bbox 334 1573 1225 1618; baseline 0 -10"><span class='ocrx_word' id='word_1_224' title='bbox 334 1584 386 1618; x_wconf 69' lang='lat' dir='ltr'><em>ea3</em></span> <span class='ocrx_word' id='word_1_225' title='bbox 411 1573 471 1618; x_wconf 83' lang='lat' dir='ltr'><em>sed</em></span> <span class='ocrx_word' id='word_1_226' title='bbox 477 1576 641 1609; x_wconf 67' lang='lat' dir='ltr'><em>Parricidi:</em></span> <span class='ocrx_word' id='word_1_227' title='bbox 654 1576 687 1608; x_wconf 63' lang='grc' dir='ltr'>Θ</span> <span class='ocrx_word' id='word_1_228' title='bbox 698 1575 870 1607; x_wconf 77' lang='lat' dir='ltr'><em>Matrieidis</em></span> <span class='ocrx_word' id='word_1_229' title='bbox 880 1575 1043 1608; x_wconf 77' lang='lat' dir='ltr'><em>dumtaxat</em></span> <span class='ocrx_word' id='word_1_230' title='bbox 1053 1599 1064 1615; x_wconf 91' lang='lat'>‚</span> <span class='ocrx_word' id='word_1_231' title='bbox 1092 1576 1127 1610; x_wconf 62' lang='grc' dir='ltr'><em>(π</em></span> <span class='ocrx_word' id='word_1_232' title='bbox 1136 1576 1225 1618; x_wconf 78' lang='lat' dir='ltr'><em>idge—</em></span> 
     </span>
     <span class='ocr_line' id='line_1_31' title="bbox 332 1623 1226 1667; baseline 0 -9"><span class='ocrx_word' id='word_1_233' title='bbox 332 1636 395 1661; x_wconf 79' lang='lat' dir='ltr'><em>-nus</em></span> <span class='ocrx_word' id='word_1_234' title='bbox 406 1626 485 1658; x_wconf 86' lang='lat' dir='ltr'><em>aliis.</em></span> <span class='ocrx_word' id='word_1_235' title='bbox 513 1629 600 1660; x_wconf 86' lang='lat' dir='ltr'><em>Nam</em></span> <span class='ocrx_word' id='word_1_236' title='bbox 601 1623 631 1666; x_wconf 85' lang='lat' dir='ltr'><em>fi</em></span> <span class='ocrx_word' id='word_1_237' title='bbox 629 1626 774 1666; x_wconf 76' lang='lat' dir='ltr'><em>Jejunare</em></span> <span class='ocrx_word' id='word_1_238' title='bbox 785 1626 901 1657; x_wconf 75' lang='lat' dir='ltr'><em>omn-ino</em></span> <span class='ocrx_word' id='word_1_239' title='bbox 923 1625 1106 1657; x_wconf 78' lang='lat' dir='ltr'><em>decreverim</em></span> <span class='ocrx_word' id='word_1_240' title='bbox 1116 1648 1127 1664; x_wconf 93' lang='lat'><strong>,</strong></span> <span class='ocrx_word' id='word_1_241' title='bbox 1154 1636 1226 1667; x_wconf 82' lang='lat' dir='ltr'><em>qua-</em></span> 
     </span>
     <span class='ocr_line' id='line_1_32' title="bbox 330 1672 1226 1718; baseline -0.002 -10"><span class='ocrx_word' id='word_1_242' title='bbox 330 1687 458 1718; x_wconf 80' lang='lat' dir='ltr'><em>cumque</em></span> <span class='ocrx_word' id='word_1_243' title='bbox 464 1674 583 1708; x_wconf 76' lang='lat' dir='ltr'><em>libuerit</em></span> <span class='ocrx_word' id='word_1_244' title='bbox 594 1676 654 1714; x_wconf 88' lang='lat' dir='ltr'><em>die,</em></span> <span class='ocrx_word' id='word_1_245' title='bbox 660 1672 768 1717; x_wconf 64' lang='lat' dir='ltr'><em>sponte*</em></span> <span class='ocrx_word' id='word_1_246' title='bbox 780 1675 814 1708; x_wconf 61' lang='grc' dir='ltr'><em>δ’</em></span> <span class='ocrx_word' id='word_1_247' title='bbox 824 1679 943 1717; x_wconf 86' lang='lat' dir='ltr'><em>integra</em></span> <span class='ocrx_word' id='word_1_248' title='bbox 953 1673 1095 1708; x_wconf 86' lang='lat' dir='ltr'><em>libertate</em></span> <span class='ocrx_word' id='word_1_249' title='bbox 1101 1675 1226 1715; x_wconf 77' lang='lat' dir='ltr'><em>jejuna-</em></span> 
     </span>
     <span class='ocr_line' id='line_1_33' title="bbox 332 1724 1224 1767; baseline -0.002 -8"><span class='ocrx_word' id='word_1_250' title='bbox 332 1726 378 1759; x_wconf 80' lang='lat' dir='ltr'><em>bo.</em></span> <span class='ocrx_word' id='word_1_251' title='bbox 407 1724 530 1764; x_wconf 83' lang='lat' dir='ltr'><em>Hincest</em></span> <span class='ocrx_word' id='word_1_252' title='bbox 542 1726 620 1767; x_wconf 82' lang='lat' dir='ltr'><em>quod</em></span> <span class='ocrx_word' id='word_1_253' title='bbox 630 1724 674 1765; x_wconf 77' lang='lat' dir='ltr'><em>isti</em></span> <span class='ocrx_word' id='word_1_254' title='bbox 690 1728 845 1757; x_wconf 80' lang='lat' dir='ltr'><em>Dominica</em></span> <span class='ocrx_word' id='word_1_255' title='bbox 855 1725 903 1757; x_wconf 86' lang='lat' dir='ltr'><em>die</em></span> <span class='ocrx_word' id='word_1_256' title='bbox 904 1725 1048 1765; x_wconf 85' lang='lat' dir='ltr'><em>jejunare</em></span> <span class='ocrx_word' id='word_1_257' title='bbox 1066 1725 1167 1767; x_wconf 72' lang='lat' dir='ltr'><em>potrus</em></span> <span class='ocrx_word' id='word_1_258' title='bbox 1179 1724 1224 1766; x_wconf 86' lang='lat' dir='ltr'><em>af-</em></span> 
     </span>
     <span class='ocr_line' id='line_1_34' title="bbox 327 1772 1226 1822; baseline -0.002 -14"><span class='ocrx_word' id='word_1_259' title='bbox 327 1775 469 1822; x_wconf 68' lang='lat' dir='ltr'><em>fec‘lant·,</em></span> <span class='ocrx_word' id='word_1_260' title='bbox 487 1776 598 1817; x_wconf 60' lang='lat' dir='ltr'><em>quarti?</em></span> <span class='ocrx_word' id='word_1_261' title='bbox 611 1777 686 1810; x_wconf 64' lang='lat' dir='ltr'><em>verb</em></span> <span class='ocrx_word' id='word_1_262' title='bbox 696 1773 826 1818; x_wconf 67' lang='lat' dir='ltr'><em>&amp;sexta</em></span> <span class='ocrx_word' id='word_1_263' title='bbox 837 1772 1004 1817; x_wconf 70' lang='lat' dir='ltr'><em>vescantur.</em></span> <span class='ocrx_word' id='word_1_264' title='bbox 1032 1776 1226 1818; x_wconf 74' lang='lat' dir='ltr'><em>,Quamquam</em></span> 
     </span>
     <span class='ocr_line' id='line_1_35' title="bbox 328 1822 1227 1873; baseline -0.002 -14"><span class='ocrx_word' id='word_1_265' title='bbox 328 1823 545 1873; x_wconf 63' lang='lat' dir='ltr'><em>saepe-numero</em></span> <span class='ocrx_word' id='word_1_266' title='bbox 558 1834 670 1867; x_wconf 78' lang='lat' dir='ltr'><em>quarta</em></span> <span class='ocrx_word' id='word_1_267' title='bbox 674 1824 758 1865; x_wconf 68' lang='lat' dir='ltr'><em>feria</em></span> <span class='ocrx_word' id='word_1_268' title='bbox 762 1826 916 1866; x_wconf 80' lang='lat' dir='ltr'><em>jejunent,</em></span> <span class='ocrx_word' id='word_1_269' title='bbox 929 1835 985 1855; x_wconf 84' lang='lat' dir='ltr'><em>non</em></span> <span class='ocrx_word' id='word_1_270' title='bbox 996 1825 1058 1858; x_wconf 83' lang='lat' dir='ltr'><em>ulla</em></span> <span class='ocrx_word' id='word_1_271' title='bbox 1067 1826 1128 1868; x_wconf 86' lang='lat' dir='ltr'><em>lege</em></span> <span class='ocrx_word' id='word_1_272' title='bbox 1142 1848 1153 1864; x_wconf 89' lang='lat'><strong>,</strong></span> <span class='ocrx_word' id='word_1_273' title='bbox 1169 1822 1227 1866; x_wconf 86' lang='lat' dir='ltr'><em>sed</em></span> 
     </span>
     <span class='ocr_line' id='line_1_36' title="bbox 334 1871 1227 1918; baseline -0.002 -9"><span class='ocrx_word' id='word_1_274' title='bbox 334 1876 493 1913; x_wconf 77' lang='lat' dir='ltr'><em>voluntate</em></span> <span class='ocrx_word' id='word_1_275' title='bbox 505 1899 516 1915; x_wconf 86' lang='lat'><em>,</em></span> <span class='ocrx_word' id='word_1_276' title='bbox 526 1884 561 1907; x_wconf 87' lang='lat' dir='ltr'><em>ut</em></span> <span class='ocrx_word' id='word_1_277' title='bbox 570 1875 700 1917; x_wconf 78' lang='lat' dir='ltr'><em>afferunt</em></span> <span class='ocrx_word' id='word_1_278' title='bbox 712 1898 722 1914; x_wconf 89' lang='lat'>‚</span> <span class='ocrx_word' id='word_1_279' title='bbox 733 1874 856 1906; x_wconf 65' lang='lat' dir='ltr'><em>inducit.</em></span> <span class='ocrx_word' id='word_1_280' title='bbox 885 1871 1036 1909; x_wconf 69' lang='lat' dir='ltr'><em>Edictum</em></span> <span class='ocrx_word' id='word_1_281' title='bbox 1046 1898 1056 1914; x_wconf 90' lang='lat'>‚</span> <span class='ocrx_word' id='word_1_282' title='bbox 1078 1885 1146 1918; x_wconf 89' lang='lat' dir='ltr'><em>quo</em></span> <span class='ocrx_word' id='word_1_283' title='bbox 1166 1873 1227 1908; x_wconf 90' lang='lat' dir='ltr'><em>Ze—</em></span> 
     </span>
     <span class='ocr_line' id='line_1_37' title="bbox 333 1922 1226 1969; baseline -0.001 -11"><span class='ocrx_word' id='word_1_284' title='bbox 333 1924 496 1969; x_wconf 85' lang='lat' dir='ltr'><em>phyrinus</em></span> <span class='ocrx_word' id='word_1_285' title='bbox 519 1924 679 1960; x_wconf 84' lang='lat' dir='ltr'><em>Pontifex</em></span> <span class='ocrx_word' id='word_1_286' title='bbox 697 1922 944 1958; x_wconf 86' lang='lat' dir='ltr'><em>Poenitentibus</em></span> <span class='ocrx_word' id='word_1_287' title='bbox 956 1922 1094 1959; x_wconf 67' lang='lat' dir='ltr'><em>moechis</em></span> <span class='ocrx_word' id='word_1_288' title='bbox 1120 1924 1226 1957; x_wconf 79' lang='lat' dir='ltr'><em>Sacra-</em></span> 
     </span>
     <span class='ocr_line' id='line_1_38' title="bbox 333 1973 1226 2017; baseline -0.004 -7"><span class='ocrx_word' id='word_1_289' title='bbox 333 1975 490 2010; x_wconf 83' lang='lat' dir='ltr'><em>mentalis</em></span> <span class='ocrx_word' id='word_1_290' title='bbox 504 1974 600 2010; x_wconf 84' lang='lat' dir='ltr'><em>Pacis</em></span> <span class='ocrx_word' id='word_1_291' title='bbox 610 1974 743 2017; x_wconf 77' lang='lat' dir='ltr'><em>januam</em></span> <span class='ocrx_word' id='word_1_292' title='bbox 753 1973 879 2017; x_wconf 87' lang='lat' dir='ltr'><em>aperuit</em></span> <span class='ocrx_word' id='word_1_293' title='bbox 891 1998 902 2014; x_wconf 90' lang='lat'>‚</span> <span class='ocrx_word' id='word_1_294' title='bbox 929 1973 1044 2008; x_wconf 73' lang='lat' dir='ltr'><em>invasit</em></span> <span class='ocrx_word' id='word_1_295' title='bbox 1056 1974 1226 2010; x_wconf 86' lang='lat' dir='ltr'><em>Montani-</em></span> 
     </span>
     <span class='ocr_line' id='line_1_39' title="bbox 333 2023 1225 2067; baseline 0 -10"><span class='ocrx_word' id='word_1_296' title='bbox 333 2026 383 2062; x_wconf 78' lang='lat' dir='ltr'><em>ssa</em></span> <span class='ocrx_word' id='word_1_297' title='bbox 394 2024 623 2061; x_wconf 82' lang='lat' dir='ltr'><em>Tertullianus</em></span> <span class='ocrx_word' id='word_1_298' title='bbox 637 2048 646 2063; x_wconf 95' lang='lat'>,</span> <span class='ocrx_word' id='word_1_299' title='bbox 675 2036 712 2059; x_wconf 88' lang='lat' dir='ltr'><em>ac</em></span> <span class='ocrx_word' id='word_1_300' title='bbox 722 2024 916 2061; x_wconf 77' lang='lat' dir='ltr'><em>Decretum,</em></span> <span class='ocrx_word' id='word_1_301' title='bbox 928 2034 994 2067; x_wconf 90' lang='lat' dir='ltr'><em>quo</em></span> <span class='ocrx_word' id='word_1_302' title='bbox 1007 2023 1163 2057; x_wconf 84' lang='lat' dir='ltr'><em>Romana</em></span> <span class='ocrx_word' id='word_1_303' title='bbox 1188 2035 1225 2057; x_wconf 89' lang='lat' dir='ltr'><em>ac</em></span> 
     </span>
     <span class='ocr_line' id='line_1_40' title="bbox 334 2072 1226 2116; baseline -0.003 -7"><span class='ocrx_word' id='word_1_304' title='bbox 334 2075 498 2109; x_wconf 87' lang='lat' dir='ltr'><em>Africana</em></span> <span class='ocrx_word' id='word_1_305' title='bbox 509 2073 652 2107; x_wconf 76' lang='lat' dir='ltr'><em>Ecclesia</em></span> <span class='ocrx_word' id='word_1_306' title='bbox 665 2073 791 2108; x_wconf 61' lang='lat' dir='ltr'><em>cunctis</em></span> <span class='ocrx_word' id='word_1_307' title='bbox 802 2073 837 2106; x_wconf 92' lang='lat' dir='ltr'><em>in</em></span> <span class='ocrx_word' id='word_1_308' title='bbox 865 2072 1097 2108; x_wconf 78' lang='lat' dir='ltr'><em>persecutione</em></span> <span class='ocrx_word' id='word_1_309' title='bbox 1116 2073 1226 2116; x_wconf 85' lang='lat' dir='ltr'><em>Lapfis</em></span> 
     </span>
     <span class='ocr_line' id='line_1_41' title="bbox 334 2122 1225 2168; baseline -0.004 -9"><span class='ocrx_word' id='word_1_310' title='bbox 334 2124 476 2160; x_wconf 81' lang='lat' dir='ltr'><em>eandem</em></span> <span class='ocrx_word' id='word_1_311' title='bbox 489 2125 627 2168; x_wconf 85' lang='lat' dir='ltr'><em>gratiam</em></span> <span class='ocrx_word' id='word_1_312' title='bbox 641 2123 717 2157; x_wconf 89' lang='lat' dir='ltr'><em>fecit</em></span> <span class='ocrx_word' id='word_1_313' title='bbox 731 2146 742 2162; x_wconf 84' lang='lat'><em>‚</em></span> <span class='ocrx_word' id='word_1_314' title='bbox 757 2122 996 2156; x_wconf 83' lang='lat' dir='ltr'><em>&#39;Praevaricator</em></span> <span class='ocrx_word' id='word_1_315' title='bbox 1017 2123 1225 2156; x_wconf 88' lang='lat' dir='ltr'><em>Novatianus</em></span> 
     </span>
     <span class='ocr_line' id='line_1_42' title="bbox 335 2171 1223 2217; baseline -0.006 -7"><span class='ocrx_word' id='word_1_316' title='bbox 335 2172 617 2211; x_wconf 74' lang='lat' dir='ltr'><em>contumaciffime</em></span> <span class='ocrx_word' id='word_1_317' title='bbox 631 2172 848 2217; x_wconf 86' lang='lat' dir='ltr'><em>impugnavit.</em></span> <span class='ocrx_word' id='word_1_318' title='bbox 871 2171 985 2206; x_wconf 84' lang='lat' dir='ltr'><em>Ambo</em></span> <span class='ocrx_word' id='word_1_319' title='bbox 997 2173 1029 2206; x_wconf 91' lang='lat' dir='ltr'><em>se</em></span> <span class='ocrx_word' id='word_1_320' title='bbox 1044 2171 1223 2207; x_wconf 84' lang='lat' dir='ltr'><em>fundarunt</em></span> 
     </span>
     <span class='ocr_line' id='line_1_43' title="bbox 333 2221 1225 2268; baseline -0.007 -8"><span class='ocrx_word' id='word_1_321' title='bbox 333 2227 373 2260; x_wconf 82' lang='lat' dir='ltr'><em>in</em></span> <span class='ocrx_word' id='word_1_322' title='bbox 384 2224 531 2268; x_wconf 85' lang='lat' dir='ltr'><em>antiquis</em></span> <span class='ocrx_word' id='word_1_323' title='bbox 544 2222 691 2259; x_wconf 83' lang='lat' dir='ltr'><em>Ecclefiae</em></span> <span class='ocrx_word' id='word_1_324' title='bbox 702 2221 858 2258; x_wconf 87' lang='lat' dir='ltr'><em>moribus.</em></span> <span class='ocrx_word' id='word_1_325' title='bbox 886 2221 1091 2257; x_wconf 84' lang='lat' dir='ltr'><em>Blaterarunt</em></span> <span class='ocrx_word' id='word_1_326' title='bbox 1101 2222 1225 2258; x_wconf 84' lang='lat' dir='ltr'><em>transfi-</em></span> 
     </span>
     <span class='ocr_line' id='line_1_44' title="bbox 334 2270 1224 2321; baseline -0.001 -14"><span class='ocrx_word' id='word_1_327' title='bbox 334 2276 373 2321; x_wconf 85' lang='lat' dir='ltr'><em>gi</em></span> <span class='ocrx_word' id='word_1_328' title='bbox 397 2286 468 2312; x_wconf 79' lang='lat' dir='ltr'><em>non</em></span> <span class='ocrx_word' id='word_1_329' title='bbox 488 2273 577 2317; x_wconf 74' lang='lat' dir='ltr'><em>posse</em></span> <span class='ocrx_word' id='word_1_330' title='bbox 601 2272 681 2310; x_wconf 82' lang='lat' dir='ltr'><em>istos.</em></span> <span class='ocrx_word' id='word_1_331' title='bbox 690 2272 823 2308; x_wconf 81' lang='lat' dir='ltr'><em>litnites-</em></span> <span class='ocrx_word' id='word_1_332' title='bbox 851 2271 902 2306; x_wconf 85' lang='lat' dir='ltr'><em>Ita</em></span> <span class='ocrx_word' id='word_1_333' title='bbox 918 2273 951 2308; x_wconf 85' lang='lat'>&amp;</span> <span class='ocrx_word' id='word_1_334' title='bbox 973 2271 1015 2306; x_wconf 89' lang='lat' dir='ltr'><em>ad</em></span> <span class='ocrx_word' id='word_1_335' title='bbox 1037 2270 1224 2315; x_wconf 84' lang='lat' dir='ltr'><em>Apostolici</em></span> 
     </span>
     <span class='ocr_line' id='line_1_45' title="bbox 334 2321 1225 2368; baseline -0.004 -9"><span class='ocrx_word' id='word_1_336' title='bbox 334 2324 494 2368; x_wconf 81' lang='lat' dir='ltr'><em>temporis</em></span> <span class='ocrx_word' id='word_1_337' title='bbox 505 2323 687 2357; x_wconf 88' lang='lat' dir='ltr'><em>libertatem</em></span> <span class='ocrx_word' id='word_1_338' title='bbox 710 2322 901 2364; x_wconf 77' lang='lat' dir='ltr'><em>provocavit</em></span> <span class='ocrx_word' id='word_1_339' title='bbox 921 2321 1059 2357; x_wconf 80' lang='lat' dir='ltr'><em>Aetius:</em></span> <span class='ocrx_word' id='word_1_340' title='bbox 1085 2321 1225 2357; x_wconf 83' lang='lat' dir='ltr'><em>Blatera-</em></span> 
     </span>
     <span class='ocr_line' id='line_1_46' title="bbox 335 2370 1223 2418; baseline -0.005 -9"><span class='ocrx_word' id='word_1_341' title='bbox 335 2376 384 2409; x_wconf 83' lang='lat' dir='ltr'><em>vit</em></span> <span class='ocrx_word' id='word_1_342' title='bbox 392 2374 494 2418; x_wconf 72' lang='lat' dir='ltr'><em>ipsam</em></span> <span class='ocrx_word' id='word_1_343' title='bbox 507 2384 563 2417; x_wconf 83' lang='lat' dir='ltr'><em>per</em></span> <span class='ocrx_word' id='word_1_344' title='bbox 574 2371 734 2408; x_wconf 81' lang='lat' dir='ltr'><em>humanas</em></span> <span class='ocrx_word' id='word_1_345' title='bbox 745 2372 850 2415; x_wconf 76' lang='lat' dir='ltr'><em>Leges</em></span> <span class='ocrx_word' id='word_1_346' title='bbox 860 2382 929 2407; x_wconf 80' lang='lat' dir='ltr'><em>non</em></span> <span class='ocrx_word' id='word_1_347' title='bbox 941 2370 1030 2415; x_wconf 80' lang='lat' dir='ltr'><em>poffe</em></span> <span class='ocrx_word' id='word_1_348' title='bbox 1052 2371 1223 2407; x_wconf 84' lang='lat' dir='ltr'><em>demutari.</em></span> 
     </span>
     <span class='ocr_line' id='line_1_47' title="bbox 335 2420 1226 2464; baseline -0.002 -6"><span class='ocrx_word' id='word_1_349' title='bbox 335 2426 473 2464; x_wconf 80' lang='lat' dir='ltr'><em>Etenim</em></span> <span class='ocrx_word' id='word_1_350' title='bbox 485 2435 526 2457; x_wconf 86' lang='lat' dir='ltr'><em>ex</em></span> <span class='ocrx_word' id='word_1_351' title='bbox 536 2422 639 2460; x_wconf 85' lang='lat' dir='ltr'><em>Sacris</em></span> <span class='ocrx_word' id='word_1_352' title='bbox 652 2420 771 2460; x_wconf 78' lang='lat' dir='ltr'><em>Literis</em></span> <span class='ocrx_word' id='word_1_353' title='bbox 784 2431 920 2457; x_wconf 85' lang='lat' dir='ltr'><em>venatus</em></span> <span class='ocrx_word' id='word_1_354' title='bbox 932 2420 977 2455; x_wconf 90' lang='lat' dir='ltr'><em>est</em></span> <span class='ocrx_word' id='word_1_355' title='bbox 1000 2421 1065 2455; x_wconf 88' lang='lat' dir='ltr'><em>alia</em></span> <span class='ocrx_word' id='word_1_356' title='bbox 1080 2420 1226 2460; x_wconf 81' lang='lat' dir='ltr'><em>Patroci-</em></span> 
     </span>
     <span class='ocr_line' id='line_1_48' title="bbox 337 2469 1225 2516; baseline -0.003 -8"><span class='ocrx_word' id='word_1_357' title='bbox 337 2475 394 2514; x_wconf 75' lang='lat' dir='ltr'><em>nia</em></span> <span class='ocrx_word' id='word_1_358' title='bbox 407 2499 419 2515; x_wconf 64' lang='grc'><em>,,</em></span> <span class='ocrx_word' id='word_1_359' title='bbox 445 2472 599 2507; x_wconf 81' lang='lat' dir='ltr'><em>haeretico</em></span> <span class='ocrx_word' id='word_1_360' title='bbox 610 2483 713 2508; x_wconf 87' lang='lat' dir='ltr'><em>more.</em></span> <span class='ocrx_word' id='word_1_361' title='bbox 741 2472 795 2508; x_wconf 86' lang='lat' dir='ltr'><em>Ex</em></span> <span class='ocrx_word' id='word_1_362' title='bbox 808 2469 858 2508; x_wconf 86' lang='lat' dir='ltr'><em>his</em></span> <span class='ocrx_word' id='word_1_363' title='bbox 869 2470 958 2505; x_wconf 86' lang='lat' dir='ltr'><em>vides</em></span> <span class='ocrx_word' id='word_1_364' title='bbox 982 2471 1128 2507; x_wconf 68' lang='lat' dir='ltr'><em>sanetum</em></span> <span class='ocrx_word' id='word_1_365' title='bbox 1150 2473 1225 2516; x_wconf 88' lang='lat' dir='ltr'><em>Epi-</em></span> 
     </span>
     <span class='ocr_line' id='line_1_49' title="bbox 337 2519 1224 2568; baseline -0.002 -11"><span class='ocrx_word' id='word_1_366' title='bbox 337 2523 498 2568; x_wconf 79' lang='lat' dir='ltr'><em>phanium</em></span> <span class='ocrx_word' id='word_1_367' title='bbox 507 2522 624 2558; x_wconf 84' lang='lat' dir='ltr'><em>docere</em></span> <span class='ocrx_word' id='word_1_368' title='bbox 632 2522 717 2566; x_wconf 71' lang='lat' dir='ltr'><em>quasi</em></span> <span class='ocrx_word' id='word_1_369' title='bbox 731 2521 869 2558; x_wconf 80' lang='lat' dir='ltr'><em>adversa.</em></span> <span class='ocrx_word' id='word_1_370' title='bbox 897 2520 966 2557; x_wconf 86' lang='lat' dir='ltr'><em>Hic</em></span> <span class='ocrx_word' id='word_1_371' title='bbox 986 2519 1147 2562; x_wconf 84' lang='lat' dir='ltr'><em>Aetium,</em></span> <span class='ocrx_word' id='word_1_372' title='bbox 1168 2522 1224 2565; x_wconf 91' lang='lat' dir='ltr'><em>qui</em></span> 
     </span>
     <span class='ocr_line' id='line_1_50' title="bbox 337 2570 1226 2616; baseline -0.002 -10"><span class='ocrx_word' id='word_1_373' title='bbox 337 2571 580 2613; x_wconf 75' lang='lat' dir='ltr'><em>Ecclefiasticas</em></span> <span class='ocrx_word' id='word_1_374' title='bbox 590 2572 705 2615; x_wconf 78' lang='lat' dir='ltr'><em>jejunii</em></span> <span class='ocrx_word' id='word_1_375' title='bbox 716 2572 821 2616; x_wconf 84' lang='lat' dir='ltr'>Leges</span> <span class='ocrx_word' id='word_1_376' title='bbox 843 2570 1006 2608; x_wconf 79' lang='lat' dir='ltr'><em>evertebat</em></span> <span class='ocrx_word' id='word_1_377' title='bbox 1019 2595 1030 2611; x_wconf 89' lang='lat'>‚</span> <span class='ocrx_word' id='word_1_378' title='bbox 1051 2571 1185 2606; x_wconf 86' lang='lat' dir='ltr'><em>damnat</em></span> <span class='ocrx_word' id='word_1_379' title='bbox 1216 2597 1226 2613; x_wconf 89' lang='lat'>‚</span> 
     </span>
     <span class='ocr_line' id='line_1_51' title="bbox 338 2620 1226 2667; baseline -0.006 -9"><span class='ocrx_word' id='word_1_380' title='bbox 338 2624 489 2667; x_wconf 79' lang='lat' dir='ltr'><em>adeoque</em></span> <span class='ocrx_word' id='word_1_381' title='bbox 514 2623 590 2658; x_wconf 80' lang='lat' dir='ltr'><em>istas</em></span> <span class='ocrx_word' id='word_1_382' title='bbox 611 2623 718 2666; x_wconf 81' lang='lat' dir='ltr'><em>Leges</em></span> <span class='ocrx_word' id='word_1_383' title='bbox 739 2621 909 2665; x_wconf 83' lang='lat' dir='ltr'><em>profitetur</em></span> <span class='ocrx_word' id='word_1_384' title='bbox 933 2633 942 2663; x_wconf 93' lang='lat'>;</span> <span class='ocrx_word' id='word_1_385' title='bbox 973 2630 1007 2654; x_wconf 90' lang='lat' dir='ltr'><em>at</em></span> <span class='ocrx_word' id='word_1_386' title='bbox 1030 2620 1154 2658; x_wconf 76' lang='lat' dir='ltr'><em>veroin</em></span> <span class='ocrx_word' id='word_1_387' title='bbox 1173 2621 1226 2656; x_wconf 85' lang='lat' dir='ltr'><em>ad-</em></span> 
     </span>
     <span class='ocr_line' id='line_1_52' title="bbox 338 2671 1227 2716; baseline -0.002 -9"><span class='ocrx_word' id='word_1_388' title='bbox 338 2674 439 2710; x_wconf 71' lang='lat' dir='ltr'><em>dusto</em></span> <span class='ocrx_word' id='word_1_389' title='bbox 466 2673 618 2716; x_wconf 86' lang='lat' dir='ltr'><em>Superius</em></span> <span class='ocrx_word' id='word_1_390' title='bbox 637 2671 713 2705; x_wconf 90' lang='lat' dir='ltr'><em>loco</em></span> <span class='ocrx_word' id='word_1_391' title='bbox 737 2671 873 2706; x_wconf 85' lang='lat' dir='ltr'><em>tradidit</em></span> <span class='ocrx_word' id='word_1_392' title='bbox 893 2671 1087 2714; x_wconf 85' lang='lat' dir='ltr'><em>oppofitum.</em></span> <span class='ocrx_word' id='word_1_393' title='bbox 1124 2671 1227 2705; x_wconf 91' lang='lat' dir='ltr'><em>Nem-</em></span> 
     </span>
     <span class='ocr_line' id='line_1_53' title="bbox 340 2720 1226 2768; baseline -0.002 -11"><span class='ocrx_word' id='word_1_394' title='bbox 340 2723 380 2768; x_wconf 78' lang='lat' dir='ltr'><em>pe</em></span> <span class='ocrx_word' id='word_1_395' title='bbox 402 2723 539 2767; x_wconf 82' lang='lat' dir='ltr'><em>respexit</em></span> <span class='ocrx_word' id='word_1_396' title='bbox 559 2721 639 2759; x_wconf 80' lang='lat' dir='ltr'><em>alias</em></span> <span class='ocrx_word' id='word_1_397' title='bbox 663 2722 696 2756; x_wconf 89' lang='lat'>&amp;</span> <span class='ocrx_word' id='word_1_398' title='bbox 714 2721 792 2759; x_wconf 82' lang='lat' dir='ltr'><em>alias</em></span> <span class='ocrx_word' id='word_1_399' title='bbox 803 2721 962 2759; x_wconf 69' lang='lat' dir='ltr'><em>Ecclesias</em></span> <span class='ocrx_word' id='word_1_400' title='bbox 974 2745 985 2763; x_wconf 83' lang='lat'>‚</span> <span class='ocrx_word' id='word_1_401' title='bbox 1013 2720 1226 2760; x_wconf 61' lang='lat' dir='ltr'><em>diversos-ea-</em></span> 
     </span>
     <span class='ocr_line' id='line_1_54' title="bbox 341 2783 569 2812; baseline 0 -5"><span class='ocrx_word' id='word_1_402' title='bbox 341 2785 416 2812; x_wconf 80' lang='lat' dir='ltr'><em>rum</em></span> <span class='ocrx_word' id='word_1_403' title='bbox 441 2783 547 2808; x_wconf 89' lang='lat' dir='ltr'><em>mores</em></span> <span class='ocrx_word' id='word_1_404' title='bbox 561 2797 569 2807; x_wconf 72' lang='lat'><em>.</em></span> 
     </span>
    </p>

    <p class='ocr_par' dir='ltr' id='par_1_3' title="bbox 344 2819 1236 3414">
     <span class='ocr_line' id='line_1_55' title="bbox 394 2819 1227 2868; baseline -0.001 -12"><span class='ocrx_word' id='word_1_405' title='bbox 394 2823 541 2868; x_wconf 71' lang='lat' dir='ltr'><em>Quaestio</em></span> <span class='ocrx_word' id='word_1_406' title='bbox 552 2822 646 2857; x_wconf 85' lang='lat' dir='ltr'><em>tertia</em></span> <span class='ocrx_word' id='word_1_407' title='bbox 656 2821 701 2855; x_wconf 84' lang='lat' dir='ltr'><em>est</em></span> <span class='ocrx_word' id='word_1_408' title='bbox 715 2846 728 2862; x_wconf 81' lang='lat'>‚</span> <span class='ocrx_word' id='word_1_409' title='bbox 752 2821 886 2866; x_wconf 85' lang='lat' dir='ltr'><em>quando</em></span> <span class='ocrx_word' id='word_1_410' title='bbox 906 2819 954 2857; x_wconf 81' lang='lat' dir='ltr'><em>hae</em></span> <span class='ocrx_word' id='word_1_411' title='bbox 975 2821 1082 2866; x_wconf 80' lang='lat' dir='ltr'><em>Leges</em></span> <span class='ocrx_word' id='word_1_412' title='bbox 1093 2822 1227 2864; x_wconf 78' lang='lat' dir='ltr'><em>incaepe-</em></span> 
     </span>
     <span class='ocr_line' id='line_1_56' title="bbox 344 2871 1224 2918; baseline -0.006 -9"><span class='ocrx_word' id='word_1_413' title='bbox 344 2874 409 2909; x_wconf 79' lang='lat' dir='ltr'><em>tint</em></span> <span class='ocrx_word' id='word_1_414' title='bbox 419 2871 438 2903; x_wconf 69' lang='grc' dir='ltr'><strong><em>ἶ</em></strong></span> <span class='ocrx_word' id='word_1_415' title='bbox 460 2873 549 2918; x_wconf 74' lang='lat' dir='ltr'><em>Qiis</em></span> <span class='ocrx_word' id='word_1_416' title='bbox 558 2873 593 2906; x_wconf 89' lang='lat' dir='ltr'><em>fit</em></span> <span class='ocrx_word' id='word_1_417' title='bbox 605 2873 747 2915; x_wconf 79' lang='lat' dir='ltr'><em>ipsarum</em></span> <span class='ocrx_word' id='word_1_418' title='bbox 758 2871 907 2908; x_wconf 61' lang='lat' dir='ltr'><em>Auctor?</em></span> <span class='ocrx_word' id='word_1_419' title='bbox 934 2871 1135 2915; x_wconf 81' lang='lat' dir='ltr'><em>Respondeo</em></span> <span class='ocrx_word' id='word_1_420' title='bbox 1158 2883 1224 2905; x_wconf 90' lang='lat' dir='ltr'><em>non</em></span> 
     </span>
     <span class='ocr_line' id='line_1_57' title="bbox 344 2920 1226 2964; baseline 0 -10"><span class='ocrx_word' id='word_1_421' title='bbox 344 2922 467 2964; x_wconf 80' lang='lat' dir='ltr'><em>eaepiffe</em></span> <span class='ocrx_word' id='word_1_422' title='bbox 487 2922 546 2957; x_wconf 74' lang='lat' dir='ltr'><em>nili</em></span> <span class='ocrx_word' id='word_1_423' title='bbox 569 2922 641 2964; x_wconf 91' lang='lat' dir='ltr'><em>post</em></span> <span class='ocrx_word' id='word_1_424' title='bbox 664 2932 811 2964; x_wconf 86' lang='lat' dir='ltr'><em>tempora</em></span> <span class='ocrx_word' id='word_1_425' title='bbox 827 2920 994 2956; x_wconf 82' lang='lat' dir='ltr'><em>Montani.</em></span> <span class='ocrx_word' id='word_1_426' title='bbox 1021 2922 1156 2957; x_wconf 79' lang='lat' dir='ltr'><em>Haeresss</em></span> <span class='ocrx_word' id='word_1_427' title='bbox 1181 2921 1226 2955; x_wconf 86' lang='lat' dir='ltr'><em>est</em></span> 
     </span>
     <span class='ocr_line' id='line_1_58' title="bbox 344 2970 1227 3015; baseline -0.001 -11"><span class='ocrx_word' id='word_1_428' title='bbox 344 2970 451 3013; x_wconf 73' lang='lat' dir='ltr'><em>Lepta</em></span> <span class='ocrx_word' id='word_1_429' title='bbox 475 2995 488 3011; x_wconf 67' lang='lat' dir='ltr'><em>a</em></span> <span class='ocrx_word' id='word_1_430' title='bbox 509 2972 618 3013; x_wconf 83' lang='lat' dir='ltr'><em>sparsae</em></span> <span class='ocrx_word' id='word_1_431' title='bbox 641 2983 695 3015; x_wconf 88' lang='lat' dir='ltr'><em>per</em></span> <span class='ocrx_word' id='word_1_432' title='bbox 716 2973 897 3007; x_wconf 82' lang='lat' dir='ltr'><em>formosum</em></span> <span class='ocrx_word' id='word_1_433' title='bbox 924 2972 1053 3015; x_wconf 87' lang='lat' dir='ltr'><em>Corpus</em></span> <span class='ocrx_word' id='word_1_434' title='bbox 1084 2971 1227 3006; x_wconf 83' lang='lat' dir='ltr'><em>maculae.</em></span> 
     </span>
     <span class='ocr_line' id='line_1_59' title="bbox 347 3020 1230 3065; baseline 0.002 -11"><span class='ocrx_word' id='word_1_435' title='bbox 347 3021 441 3057; x_wconf 81' lang='lat' dir='ltr'><em>Hinc</em></span> <span class='ocrx_word' id='word_1_436' title='bbox 452 3021 537 3062; x_wconf 88' lang='lat' dir='ltr'><em>apud</em></span> <span class='ocrx_word' id='word_1_437' title='bbox 549 3022 731 3058; x_wconf 81' lang='lat' dir='ltr'><em>Haereticos</em></span> <span class='ocrx_word' id='word_1_438' title='bbox 753 3021 844 3064; x_wconf 89' lang='lat' dir='ltr'><em>plura</em></span> <span class='ocrx_word' id='word_1_439' title='bbox 864 3020 966 3057; x_wconf 87' lang='lat' dir='ltr'><em>etiam</em></span> <span class='ocrx_word' id='word_1_440' title='bbox 988 3022 1167 3065; x_wconf 80' lang='lat' dir='ltr'><em>reperimus</em></span> <span class='ocrx_word' id='word_1_441' title='bbox 1175 3020 1230 3056; x_wconf 93' lang='lat' dir='ltr'><em>bo-</em></span> 
     </span>
     <span class='ocr_line' id='line_1_60' title="bbox 348 3070 1232 3118; baseline 0 -13"><span class='ocrx_word' id='word_1_442' title='bbox 348 3080 392 3105; x_wconf 78' lang='lat' dir='ltr'><em>na</em></span> <span class='ocrx_word' id='word_1_443' title='bbox 406 3093 416 3108; x_wconf 92' lang='lat'>,</span> <span class='ocrx_word' id='word_1_444' title='bbox 441 3070 521 3104; x_wconf 86' lang='lat' dir='ltr'><em>&amp;in</em></span> <span class='ocrx_word' id='word_1_445' title='bbox 534 3070 714 3114; x_wconf 86' lang='lat' dir='ltr'><em>Dogmate‚</em></span> <span class='ocrx_word' id='word_1_446' title='bbox 725 3072 757 3108; x_wconf 73' lang='grc'><em>8,(</em></span> <span class='ocrx_word' id='word_1_447' title='bbox 770 3073 803 3104; x_wconf 91' lang='lat' dir='ltr'><em>in</em></span> <span class='ocrx_word' id='word_1_448' title='bbox 815 3071 1009 3114; x_wconf 78' lang='lat' dir='ltr'><em>Disciplina.</em></span> <span class='ocrx_word' id='word_1_449' title='bbox 1045 3071 1147 3118; x_wconf 72' lang='lat' dir='ltr'><em>Quod</em></span> <span class='ocrx_word' id='word_1_450' title='bbox 1160 3082 1232 3114; x_wconf 84' lang='lat' dir='ltr'><em>prae-</em></span> 
     </span>
     <span class='ocr_line' id='line_1_61' title="bbox 349 3118 1231 3159; baseline 0.003 -8"><span class='ocrx_word' id='word_1_451' title='bbox 349 3118 460 3155; x_wconf 72' lang='lat' dir='ltr'><em>‚sertim</em></span> <span class='ocrx_word' id='word_1_452' title='bbox 471 3129 582 3151; x_wconf 87' lang='lat' dir='ltr'><em>verum</em></span> <span class='ocrx_word' id='word_1_453' title='bbox 595 3121 656 3156; x_wconf 84' lang='lat' dir='ltr'><em>fuit</em></span> <span class='ocrx_word' id='word_1_454' title='bbox 669 3121 702 3156; x_wconf 88' lang='lat' dir='ltr'><em>in</em></span> <span class='ocrx_word' id='word_1_455' title='bbox 714 3121 938 3159; x_wconf 77' lang='lat' dir='ltr'><em>Montanistis.</em></span> <span class='ocrx_word' id='word_1_456' title='bbox 965 3120 1094 3157; x_wconf 88' lang='lat' dir='ltr'><em>Habuit</em></span> <span class='ocrx_word' id='word_1_457' title='bbox 1106 3131 1231 3156; x_wconf 78' lang='lat' dir='ltr'><em>tantam</em></span> 
     </span>
     <span class='ocr_line' id='line_1_62' title="bbox 351 3166 1232 3210; baseline 0.003 -10"><span class='ocrx_word' id='word_1_458' title='bbox 351 3166 525 3202; x_wconf 82' lang='lat' dir='ltr'><em>Virtutum</em></span> <span class='ocrx_word' id='word_1_459' title='bbox 536 3168 673 3210; x_wconf 89' lang='lat' dir='ltr'><em>speciem</em></span> <span class='ocrx_word' id='word_1_460' title='bbox 686 3194 696 3208; x_wconf 90' lang='lat'>,</span> <span class='ocrx_word' id='word_1_461' title='bbox 721 3180 757 3204; x_wconf 88' lang='lat' dir='ltr'><em>ut</em></span> <span class='ocrx_word' id='word_1_462' title='bbox 769 3172 914 3206; x_wconf 50' lang='lat' dir='ltr'><em>sancium</em></span> <span class='ocrx_word' id='word_1_463' title='bbox 922 3171 1122 3207; x_wconf 84' lang='lat' dir='ltr'><em>Pontificem</em></span> <span class='ocrx_word' id='word_1_464' title='bbox 1136 3170 1232 3206; x_wconf 85' lang='lat' dir='ltr'><em>Eleu-</em></span> 
     </span>
     <span class='ocr_line' id='line_1_63' title="bbox 353 3214 1231 3260; baseline 0.006 -12"><span class='ocrx_word' id='word_1_465' title='bbox 353 3214 497 3252; x_wconf 83' lang='lat' dir='ltr'><em>therium</em></span> <span class='ocrx_word' id='word_1_466' title='bbox 517 3216 557 3251; x_wconf 83' lang='lat' dir='ltr'><em>ad</em></span> <span class='ocrx_word' id='word_1_467' title='bbox 581 3218 636 3260; x_wconf 86' lang='lat' dir='ltr'><em>ipfi</em></span> <span class='ocrx_word' id='word_1_468' title='bbox 656 3220 882 3256; x_wconf 86' lang='lat' dir='ltr'><em>concedendas</em></span> <span class='ocrx_word' id='word_1_469' title='bbox 904 3220 998 3254; x_wconf 84' lang='lat' dir='ltr'><em>Pacis</em></span> <span class='ocrx_word' id='word_1_470' title='bbox 1025 3221 1152 3255; x_wconf 81' lang='lat' dir='ltr'><em>Literas.</em></span> <span class='ocrx_word' id='word_1_471' title='bbox 1172 3221 1231 3254; x_wconf 92' lang='lat' dir='ltr'><em>cir-</em></span> 
     </span>
     <span class='ocr_line' id='line_1_64' title="bbox 353 3265 1233 3314; baseline 0.008 -18"><span class='ocrx_word' id='word_1_472' title='bbox 353 3265 597 3307; x_wconf 75' lang='lat' dir='ltr'><em>cumscripserit.</em></span> <span class='ocrx_word' id='word_1_473' title='bbox 635 3267 790 3301; x_wconf 86' lang='lat' dir='ltr'><em>Praxeam</em></span> <span class='ocrx_word' id='word_1_474' title='bbox 804 3294 814 3309; x_wconf 88' lang='lat'>,</span> <span class='ocrx_word' id='word_1_475' title='bbox 837 3272 893 3314; x_wconf 89' lang='lat' dir='ltr'><em>qui</em></span> <span class='ocrx_word' id='word_1_476' title='bbox 906 3270 956 3306; x_wconf 84' lang='lat' dir='ltr'><em>illi</em></span> <span class='ocrx_word' id='word_1_477' title='bbox 976 3270 1101 3314; x_wconf 72' lang='lat' dir='ltr'><em>aperuit</em></span> <span class='ocrx_word' id='word_1_478' title='bbox 1120 3271 1233 3306; x_wconf 64' lang='lat' dir='ltr'><em>cuneta</em></span> 
     </span>
     <span class='ocr_line' id='line_1_65' title="bbox 354 3313 1234 3363; baseline 0.005 -14"><span class='ocrx_word' id='word_1_479' title='bbox 354 3313 580 3357; x_wconf 85' lang='lat' dir='ltr'><em>Hypocriseos</em></span> <span class='ocrx_word' id='word_1_480' title='bbox 592 3326 816 3360; x_wconf 82' lang='lat' dir='ltr'><em>arcana‚atque</em></span> <span class='ocrx_word' id='word_1_481' title='bbox 825 3318 934 3363; x_wconf 82' lang='lat' dir='ltr'><em>itaque</em></span> <span class='ocrx_word' id='word_1_482' title='bbox 945 3321 989 3356; x_wconf 88' lang='lat' dir='ltr'><em>ita</em></span> <span class='ocrx_word' id='word_1_483' title='bbox 999 3321 1040 3356; x_wconf 88' lang='lat' dir='ltr'><em>ab</em></span> <span class='ocrx_word' id='word_1_484' title='bbox 1051 3320 1234 3355; x_wconf 85' lang='lat' dir='ltr'><em>emittendo</em></span> 
     </span>
     <span class='ocr_line' id='line_1_66' title="bbox 357 3363 1236 3414; baseline 0.008 -19"><span class='ocrx_word' id='word_1_485' title='bbox 357 3363 550 3406; x_wconf 71' lang='lat' dir='ltr'><em>Diplomate</em></span> <span class='ocrx_word' id='word_1_486' title='bbox 560 3366 741 3400; x_wconf 79' lang='lat' dir='ltr'><em>concessare</em></span> <span class='ocrx_word' id='word_1_487' title='bbox 753 3367 829 3400; x_wconf 83' lang='lat' dir='ltr'><em>fecit</em></span> <span class='ocrx_word' id='word_1_488' title='bbox 844 3392 854 3407; x_wconf 84' lang='lat'>‚</span> <span class='ocrx_word' id='word_1_489' title='bbox 863 3369 941 3403; x_wconf 73' lang='lat' dir='ltr'><em>dure</em></span> <span class='ocrx_word' id='word_1_490' title='bbox 950 3371 1056 3414; x_wconf 85' lang='lat' dir='ltr'><em>arguit</em></span> <span class='ocrx_word' id='word_1_491' title='bbox 1068 3370 1236 3404; x_wconf 85' lang='lat' dir='ltr'><em>Montani-</em></span> 
     </span>
    </p>
   </div>
   <div class='ocr_carea' id='block_1_3' title="bbox 215 3412 1234 3480">
    <p class='ocr_par' dir='ltr' id='par_1_4' title="bbox 215 3412 1234 3480">
     <span class='ocr_line' id='line_1_67' title="bbox 215 3412 1234 3480; baseline 0.003 -32"><span class='ocrx_word' id='word_1_492' title='bbox 215 3437 288 3480; x_wconf 28' lang='grc' dir='ltr'><em>αρ’</em></span> <span class='ocrx_word' id='word_1_493' title='bbox 313 3445 324 3457; x_wconf 79' lang='lat'>‚</span> <span class='ocrx_word' id='word_1_494' title='bbox 336 3455 340 3459; x_wconf 21' lang='grc' dir='ltr'><strong>Α</strong></span> <span class='ocrx_word' id='word_1_495' title='bbox 358 3415 405 3454; x_wconf 86' lang='lat' dir='ltr'><em>sta</em></span> <span class='ocrx_word' id='word_1_496' title='bbox 412 3412 648 3447; x_wconf 84' lang='lat' dir='ltr'><em>Tertullianus.</em></span> <span class='ocrx_word' id='word_1_497' title='bbox 660 3415 794 3451; x_wconf 81' lang='lat' dir='ltr'><em>Interim</em></span> <span class='ocrx_word' id='word_1_498' title='bbox 804 3418 918 3451; x_wconf 87' lang='lat' dir='ltr'><em>omnia</em></span> <span class='ocrx_word' id='word_1_499' title='bbox 928 3419 1070 3456; x_wconf 72' lang='lat' dir='ltr'><em>discussit</em></span> <span class='ocrx_word' id='word_1_500' title='bbox 1083 3419 1234 3454; x_wconf 75' lang='lat' dir='ltr'><em>Ecclesia.</em></span> 
     </span>
    </p>
   </div>
   <div class='ocr_carea' id='block_1_4' title="bbox 817 81 1711 147">
    <p class='ocr_par' dir='ltr' id='par_1_5' title="bbox 817 81 1711 147">
     <span class='ocr_line' id='line_1_68' title="bbox 817 81 1711 147; baseline 0.001 -4"><span class='ocrx_word' id='word_1_501' title='bbox 817 90 1250 146; x_wconf 75' lang='lat' dir='ltr'><strong>DISSERTATIO</strong></span> <span class='ocrx_word' id='word_1_502' title='bbox 1298 81 1711 147; x_wconf 64' lang='lat' dir='ltr'><em>PuoeMmms.</em></span> 
     </span>
    </p>
   </div>
   <div class='ocr_carea' id='block_1_5' title="bbox 1278 175 2320 3464">
    <p class='ocr_par' dir='ltr' id='par_1_6' title="bbox 1284 175 2319 1070">
     <span class='ocr_line' id='line_1_69' title="bbox 1299 175 2177 229; baseline 0.011 -19"><span class='ocrx_word' id='word_1_503' title='bbox 1299 175 1496 214; x_wconf 88' lang='lat' dir='ltr'><em>Ordiebatur</em></span> <span class='ocrx_word' id='word_1_504' title='bbox 1504 179 1618 224; x_wconf 29' lang='lat' dir='ltr'><em>,vigere</em></span> <span class='ocrx_word' id='word_1_505' title='bbox 1629 178 1783 214; x_wconf 81' lang='lat' dir='ltr'><em>Paraemia</em></span> <span class='ocrx_word' id='word_1_506' title='bbox 1794 176 1806 213; x_wconf 79' lang='grc'><strong>’.·’</strong></span> <span class='ocrx_word' id='word_1_507' title='bbox 1832 178 2034 223; x_wconf 75' lang='lat' dir='ltr'><em>Multiplicasti</em></span> <span class='ocrx_word' id='word_1_508' title='bbox 2038 190 2158 229; x_wconf 84' lang='lat' dir='ltr'><em>gentem</em></span> <span class='ocrx_word' id='word_1_509' title='bbox 2162 184 2177 227; x_wconf 84' lang='lat'><em>,&#39;</em></span> 
     </span>
     <span class='ocr_line' id='line_1_70' title="bbox 1299 228 2177 277; baseline 0.011 -19"><span class='ocrx_word' id='word_1_510' title='bbox 1299 237 1356 258; x_wconf 90' lang='lat' dir='ltr'><em>non</em></span> <span class='ocrx_word' id='word_1_511' title='bbox 1375 228 1564 272; x_wconf 69' lang='lat' dir='ltr'><em>magnificasti</em></span> <span class='ocrx_word' id='word_1_512' title='bbox 1584 231 1731 264; x_wconf 60' lang='lat' dir='ltr'><em>laetitiam.</em></span> <span class='ocrx_word' id='word_1_513' title='bbox 1759 231 1854 264; x_wconf 90' lang='lat' dir='ltr'><em>Hinc</em></span> <span class='ocrx_word' id='word_1_514' title='bbox 1874 230 1914 264; x_wconf 87' lang='lat' dir='ltr'><em>ab</em></span> <span class='ocrx_word' id='word_1_515' title='bbox 1930 232 2100 276; x_wconf 88' lang='lat' dir='ltr'><em>Apostolis</em></span> <span class='ocrx_word' id='word_1_516' title='bbox 2111 246 2177 277; x_wconf 87' lang='lat' dir='ltr'><em>per-</em></span> 
     </span>
     <span class='ocr_line' id='line_1_71' title="bbox 1297 275 2177 325; baseline 0.01 -16"><span class='ocrx_word' id='word_1_517' title='bbox 1297 275 1387 311; x_wconf 69' lang='lat' dir='ltr'><em>miffit</em></span> <span class='ocrx_word' id='word_1_518' title='bbox 1405 277 1574 322; x_wconf 77' lang='lat' dir='ltr'><em>jejunandi</em></span> <span class='ocrx_word' id='word_1_519' title='bbox 1601 279 1749 314; x_wconf 84' lang='lat' dir='ltr'><em>Libertas</em></span> <span class='ocrx_word' id='word_1_520' title='bbox 1781 280 1950 315; x_wconf 86' lang='lat' dir='ltr'><em>videbatur</em></span> <span class='ocrx_word' id='word_1_521' title='bbox 1981 281 2177 325; x_wconf 88' lang='lat' dir='ltr'><em>quibusdam</em></span> 
     </span>
     <span class='ocr_line' id='line_1_72' title="bbox 1297 325 2179 373; baseline 0.01 -15"><span class='ocrx_word' id='word_1_522' title='bbox 1297 325 1464 370; x_wconf 86' lang='lat' dir='ltr'><em>Episcopis</em></span> <span class='ocrx_word' id='word_1_523' title='bbox 1473 327 1626 371; x_wconf 85' lang='lat' dir='ltr'><em>deinceps</em></span> <span class='ocrx_word' id='word_1_524' title='bbox 1640 338 1709 362; x_wconf 88' lang='lat' dir='ltr'><em>non</em></span> <span class='ocrx_word' id='word_1_525' title='bbox 1721 330 1882 373; x_wconf 84' lang='lat' dir='ltr'><em>expedire.</em></span> <span class='ocrx_word' id='word_1_526' title='bbox 1909 332 1950 365; x_wconf 87' lang='lat' dir='ltr'><em>ln</em></span> <span class='ocrx_word' id='word_1_527' title='bbox 1961 331 2065 366; x_wconf 89' lang='lat' dir='ltr'><em>Libro</em></span> <span class='ocrx_word' id='word_1_528' title='bbox 2076 332 2118 367; x_wconf 90' lang='lat' dir='ltr'><em>de</em></span> <span class='ocrx_word' id='word_1_529' title='bbox 2125 344 2179 367; x_wconf 90' lang='lat' dir='ltr'><em>ve·</em></span> 
     </span>
     <span class='ocr_line' id='line_1_73' title="bbox 1294 374 2179 427; baseline 0.01 -19"><span class='ocrx_word' id='word_1_530' title='bbox 1294 374 1397 410; x_wconf 80' lang='lat' dir='ltr'><em>landis</em></span> <span class='ocrx_word' id='word_1_531' title='bbox 1421 377 1619 422; x_wconf 86' lang='lat' dir='ltr'><em>Virginibus</em></span> <span class='ocrx_word' id='word_1_532' title='bbox 1640 377 1869 419; x_wconf 83' lang='lat' dir='ltr'><em>Tertullianus</em></span> <span class='ocrx_word' id='word_1_533' title='bbox 1900 380 1984 415; x_wconf 70' lang='lat' dir='ltr'><em>reste</em></span> <span class='ocrx_word' id='word_1_534' title='bbox 2002 378 2179 427; x_wconf 75' lang='lat' dir='ltr'><em>distinguit</em></span> 
     </span>
     <span class='ocr_line' id='line_1_74' title="bbox 1296 422 2180 474; baseline 0.009 -16"><span class='ocrx_word' id='word_1_535' title='bbox 1296 422 1552 461; x_wconf 81' lang='lat' dir='ltr'><em>Christian-itatis</em></span> <span class='ocrx_word' id='word_1_536' title='bbox 1585 428 1749 472; x_wconf 86' lang='lat' dir='ltr'><em>Regulam</em></span> <span class='ocrx_word' id='word_1_537' title='bbox 1771 430 1790 463; x_wconf 72' lang='lat' dir='ltr'><em>a</em></span> <span class='ocrx_word' id='word_1_538' title='bbox 1817 430 2012 474; x_wconf 89' lang='lat' dir='ltr'><em>Disciplina.</em></span> <span class='ocrx_word' id='word_1_539' title='bbox 2041 432 2123 466; x_wconf 87' lang='lat' dir='ltr'><em>Non</em></span> <span class='ocrx_word' id='word_1_540' title='bbox 2141 433 2180 466; x_wconf 85' lang='lat' dir='ltr'><em>in</em></span> 
     </span>
     <span class='ocr_line' id='line_1_75' title="bbox 1295 472 2180 526; baseline 0.009 -18"><span class='ocrx_word' id='word_1_541' title='bbox 1295 472 1356 509; x_wconf 82' lang='lat' dir='ltr'><em>hac</em></span> <span class='ocrx_word' id='word_1_542' title='bbox 1368 499 1378 515; x_wconf 92' lang='lat'><em>,</em></span> <span class='ocrx_word' id='word_1_543' title='bbox 1400 476 1453 510; x_wconf 86' lang='lat' dir='ltr'><em>sed</em></span> <span class='ocrx_word' id='word_1_544' title='bbox 1475 478 1511 511; x_wconf 90' lang='lat' dir='ltr'><em>in</em></span> <span class='ocrx_word' id='word_1_545' title='bbox 1533 476 1591 511; x_wconf 91' lang='lat' dir='ltr'><em>ista</em></span> <span class='ocrx_word' id='word_1_546' title='bbox 1613 477 1681 511; x_wconf 83' lang='lat' dir='ltr'><em>sola</em></span> <span class='ocrx_word' id='word_1_547' title='bbox 1691 478 1830 513; x_wconf 87' lang='lat' dir='ltr'><em>affirmat</em></span> <span class='ocrx_word' id='word_1_548' title='bbox 1842 480 1947 514; x_wconf 85' lang='lat' dir='ltr'><em>valere</em></span> <span class='ocrx_word' id='word_1_549' title='bbox 1966 481 2180 526; x_wconf 77' lang='lat' dir='ltr'><em>Praescriptio-</em></span> 
     </span>
     <span class='ocr_line' id='line_1_76' title="bbox 1295 526 2174 575; baseline 0.008 -18"><span class='ocrx_word' id='word_1_550' title='bbox 1295 535 1370 558; x_wconf 88' lang='lat' dir='ltr'><em>nem</em></span> <span class='ocrx_word' id='word_1_551' title='bbox 1381 538 1392 558; x_wconf 86' lang='lat'><em>.·</em></span> <span class='ocrx_word' id='word_1_552' title='bbox 1416 527 1580 569; x_wconf 68' lang='lat' dir='ltr'><em>‚Quidquid</em></span> <span class='ocrx_word' id='word_1_553' title='bbox 1587 526 1625 567; x_wconf 84' lang='lat' dir='ltr'><em>est</em></span> <span class='ocrx_word' id='word_1_554' title='bbox 1636 538 1746 560; x_wconf 85' lang='lat' dir='ltr'><em>novum</em></span> <span class='ocrx_word' id='word_1_555' title='bbox 1756 530 1790 563; x_wconf 59' lang='grc' dir='ltr'><em>(θ’</em></span> <span class='ocrx_word' id='word_1_556' title='bbox 1796 529 1953 570; x_wconf 85' lang='lat' dir='ltr'><em>posterius,</em></span> <span class='ocrx_word' id='word_1_557' title='bbox 1961 531 1999 571; x_wconf 84' lang='lat' dir='ltr'><em>est</em></span> <span class='ocrx_word' id='word_1_558' title='bbox 2009 530 2174 575; x_wconf 70' lang='lat' dir='ltr'><em>&amp;falsum</em></span> 
     </span>
     <span class='ocr_line' id='line_1_77' title="bbox 1294 574 2180 625; baseline 0.01 -18"><span class='ocrx_word' id='word_1_559' title='bbox 1294 574 1338 607; x_wconf 84' lang='lat' dir='ltr'><em>Et</em></span> <span class='ocrx_word' id='word_1_560' title='bbox 1349 575 1429 608; x_wconf 66' lang='lat' dir='ltr'><em>reste</em></span> <span class='ocrx_word' id='word_1_561' title='bbox 1437 576 1583 611; x_wconf 86' lang='lat' dir='ltr'><em>affirmat.</em></span> <span class='ocrx_word' id='word_1_562' title='bbox 1607 578 1741 611; x_wconf 87' lang='lat' dir='ltr'><em>Etenim</em></span> <span class='ocrx_word' id='word_1_563' title='bbox 1754 576 2011 614; x_wconf 84' lang='lat' dir='ltr'><em>Christianitatis</em></span> <span class='ocrx_word' id='word_1_564' title='bbox 2023 581 2180 625; x_wconf 86' lang='lat' dir='ltr'><em>Discipli-</em></span> 
     </span>
     <span class='ocr_line' id='line_1_78' title="bbox 1292 624 2179 676; baseline 0.01 -20"><span class='ocrx_word' id='word_1_565' title='bbox 1292 636 1335 658; x_wconf 86' lang='lat' dir='ltr'><em>na</em></span> <span class='ocrx_word' id='word_1_566' title='bbox 1345 625 1378 661; x_wconf 74' lang='lat' dir='ltr'><em>&lt;Sc</em></span> <span class='ocrx_word' id='word_1_567' title='bbox 1390 624 1472 659; x_wconf 83' lang='lat' dir='ltr'><em>locis</em></span> <span class='ocrx_word' id='word_1_568' title='bbox 1482 650 1494 668; x_wconf 90' lang='lat'>‚</span> <span class='ocrx_word' id='word_1_569' title='bbox 1513 627 1548 660; x_wconf 71' lang='grc' dir='ltr'><em>ὅ(</em></span> <span class='ocrx_word' id='word_1_570' title='bbox 1556 626 1760 676; x_wconf 77' lang='lat' dir='ltr'><em>temporibus</em></span> <span class='ocrx_word' id='word_1_571' title='bbox 1772 628 1889 661; x_wconf 85' lang='lat' dir='ltr'><em>variari</em></span> <span class='ocrx_word' id='word_1_572' title='bbox 1899 630 2014 673; x_wconf 87' lang='lat' dir='ltr'><em>potest.</em></span> <span class='ocrx_word' id='word_1_573' title='bbox 2041 631 2097 665; x_wconf 93' lang='lat' dir='ltr'><em>Ob</em></span> <span class='ocrx_word' id='word_1_574' title='bbox 2109 631 2179 674; x_wconf 81' lang='lat' dir='ltr'><em>ejus</em></span> 
     </span>
     <span class='ocr_line' id='line_1_79' title="bbox 1293 675 2178 722; baseline 0.009 -15"><span class='ocrx_word' id='word_1_575' title='bbox 1293 675 1416 710; x_wconf 85' lang='lat' dir='ltr'><em>variam</em></span> <span class='ocrx_word' id='word_1_576' title='bbox 1429 676 1566 719; x_wconf 88' lang='lat' dir='ltr'><em>speciem</em></span> <span class='ocrx_word' id='word_1_577' title='bbox 1579 677 1717 712; x_wconf 73' lang='lat' dir='ltr'><em>Ecclesia</em></span> <span class='ocrx_word' id='word_1_578' title='bbox 1725 677 1769 711; x_wconf 89' lang='lat' dir='ltr'><em>est</em></span> <span class='ocrx_word' id='word_1_579' title='bbox 1783 678 1915 722; x_wconf 89' lang='lat' dir='ltr'><em>Regina</em></span> <span class='ocrx_word' id='word_1_580' title='bbox 1923 679 2178 714; x_wconf 61' lang='lat' dir='ltr'><em>circum-amicta</em></span> 
     </span>
     <span class='ocr_line' id='line_1_80' title="bbox 1293 723 2179 772; baseline 0.009 -15"><span class='ocrx_word' id='word_1_581' title='bbox 1293 723 1525 760; x_wconf 76' lang='lat' dir='ltr'><em>Varietatibus.</em></span> <span class='ocrx_word' id='word_1_582' title='bbox 1552 727 1634 761; x_wconf 87' lang='lat' dir='ltr'><em>Haec</em></span> <span class='ocrx_word' id='word_1_583' title='bbox 1667 728 1783 762; x_wconf 81' lang='lat' dir='ltr'><em>omnia</em></span> <span class='ocrx_word' id='word_1_584' title='bbox 1805 727 2016 762; x_wconf 84' lang='lat' dir='ltr'><em>attenderunt</em></span> <span class='ocrx_word' id='word_1_585' title='bbox 2042 730 2179 772; x_wconf 84' lang='lat' dir='ltr'><em>quidam</em></span> 
     </span>
     <span class='ocr_line' id='line_1_81' title="bbox 1295 774 2219 822; baseline 0.008 -15"><span class='ocrx_word' id='word_1_586' title='bbox 1295 774 1446 819; x_wconf 89' lang='lat' dir='ltr'><em>Episcopi</em></span> <span class='ocrx_word' id='word_1_587' title='bbox 1459 800 1469 817; x_wconf 93' lang='lat'><strong>,</strong></span> <span class='ocrx_word' id='word_1_588' title='bbox 1491 786 1588 821; x_wconf 88' lang='lat' dir='ltr'><em>atque</em></span> <span class='ocrx_word' id='word_1_589' title='bbox 1598 777 1645 811; x_wconf 84' lang='lat' dir='ltr'><em>ita</em></span> <span class='ocrx_word' id='word_1_590' title='bbox 1657 777 1806 812; x_wconf 69' lang='lat' dir='ltr'><em>inductas</em></span> <span class='ocrx_word' id='word_1_591' title='bbox 1816 777 1834 810; x_wconf 74' lang='grc' dir='ltr'>ὲ</span> <span class='ocrx_word' id='word_1_592' title='bbox 1845 778 2016 812; x_wconf 88' lang='lat' dir='ltr'><em>Montano</em></span> <span class='ocrx_word' id='word_1_593' title='bbox 2026 790 2181 822; x_wconf 87' lang='lat' dir='ltr'><em>quorum·</em></span> <span class='ocrx_word' id='word_1_594' title='bbox 2217 795 2219 797; x_wconf 97' lang='lat'>·</span> 
     </span>
     <span class='ocr_line' id='line_1_82' title="bbox 1290 823 2180 872; baseline 0.007 -15"><span class='ocrx_word' id='word_1_595' title='bbox 1290 823 1366 857; x_wconf 77' lang='lat' dir='ltr'><em>dam</em></span> <span class='ocrx_word' id='word_1_596' title='bbox 1377 824 1574 868; x_wconf 81' lang='lat' dir='ltr'><em>jejuniorum</em></span> <span class='ocrx_word' id='word_1_597' title='bbox 1587 828 1693 872; x_wconf 86' lang='lat' dir='ltr'><em>Leges</em></span> <span class='ocrx_word' id='word_1_598' title='bbox 1704 827 1885 871; x_wconf 86' lang='lat' dir='ltr'><em>probarunt</em></span> <span class='ocrx_word' id='word_1_599' title='bbox 1899 853 1910 868; x_wconf 94' lang='lat'>‚</span> <span class='ocrx_word' id='word_1_600' title='bbox 1933 840 1973 861; x_wconf 85' lang='lat' dir='ltr'><em>ac</em></span> <span class='ocrx_word' id='word_1_601' title='bbox 1982 829 2047 862; x_wconf 89' lang='lat' dir='ltr'><em>suis</em></span> <span class='ocrx_word' id='word_1_602' title='bbox 2069 829 2180 863; x_wconf 83' lang='lat' dir='ltr'><em>Eccle-</em></span> 
     </span>
     <span class='ocr_line' id='line_1_83' title="bbox 1291 874 2181 922; baseline 0.004 -15"><span class='ocrx_word' id='word_1_603' title='bbox 1291 874 1345 907; x_wconf 81' lang='lat' dir='ltr'><em>fiis</em></span> <span class='ocrx_word' id='word_1_604' title='bbox 1355 874 1587 918; x_wconf 83' lang='lat' dir='ltr'><em>imposuerunt.</em></span> <span class='ocrx_word' id='word_1_605' title='bbox 1616 878 1661 911; x_wconf 91' lang='lat' dir='ltr'><em>Et</em></span> <span class='ocrx_word' id='word_1_606' title='bbox 1672 877 1737 912; x_wconf 92' lang='lat' dir='ltr'><em>huc</em></span> <span class='ocrx_word' id='word_1_607' title='bbox 1749 877 1878 922; x_wconf 86' lang='lat' dir='ltr'><em>respicit</em></span> <span class='ocrx_word' id='word_1_608' title='bbox 1890 877 2012 913; x_wconf 86' lang='lat' dir='ltr'><em>Canon</em></span> <span class='ocrx_word' id='word_1_609' title='bbox 2026 884 2028 886; x_wconf 85' lang='lat'>&#39;</span> <span class='ocrx_word' id='word_1_610' title='bbox 2040 878 2181 913; x_wconf 90' lang='lat' dir='ltr'><em>Eliberi-</em></span> 
     </span>
     <span class='ocr_line' id='line_1_84' title="bbox 1290 924 2319 977; baseline 0.006 -21"><span class='ocrx_word' id='word_1_611' title='bbox 1290 934 1351 957; x_wconf 92' lang='lat' dir='ltr'><em>nus</em></span> <span class='ocrx_word' id='word_1_612' title='bbox 1362 948 1373 966; x_wconf 90' lang='lat'>‚</span> <span class='ocrx_word' id='word_1_613' title='bbox 1401 924 1516 968; x_wconf 85' lang='lat' dir='ltr'><em>jejunii</em></span> <span class='ocrx_word' id='word_1_614' title='bbox 1528 927 1633 972; x_wconf 88' lang='lat' dir='ltr'><em>Leges</em></span> <span class='ocrx_word' id='word_1_615' title='bbox 1644 927 1810 972; x_wconf 87' lang='lat' dir='ltr'><em>appellans</em></span> <span class='ocrx_word' id='word_1_616' title='bbox 1822 952 1833 968; x_wconf 89' lang='lat'><em>,</em></span> <span class='ocrx_word' id='word_1_617' title='bbox 1858 930 2045 970; x_wconf 82' lang='lat' dir='ltr'><em>jejuniorum</em></span> <span class='ocrx_word' id='word_1_618' title='bbox 2074 931 2094 961; x_wconf 87' lang='lat'><em>5</em></span> <span class='ocrx_word' id='word_1_619' title='bbox 2095 937 2181 970; x_wconf 80' lang='lat' dir='ltr'><em>uper·</em></span> <span class='ocrx_word' id='word_1_620' title='bbox 2197 939 2319 977; x_wconf 42' lang='lat' dir='ltr'><em>cam-3,</em></span> 
     </span>
     <span class='ocr_line' id='line_1_85' title="bbox 1284 972 2180 1025; baseline 0.01 -20"><span class='ocrx_word' id='word_1_621' title='bbox 1284 972 1446 1015; x_wconf 77' lang='lat' dir='ltr'><em>pofitiones.</em></span> <span class='ocrx_word' id='word_1_622' title='bbox 1473 976 1576 1024; x_wconf 79' lang='lat' dir='ltr'><em>Qiod</em></span> <span class='ocrx_word' id='word_1_623' title='bbox 1589 978 1706 1022; x_wconf 75' lang='lat' dir='ltr'><em>nempe</em></span> <span class='ocrx_word' id='word_1_624' title='bbox 1721 978 1815 1015; x_wconf 82' lang='lat' dir='ltr'><em>avitae</em></span> <span class='ocrx_word' id='word_1_625' title='bbox 1826 977 1989 1015; x_wconf 83' lang='lat' dir='ltr'><em>Libertati</em></span> <span class='ocrx_word' id='word_1_626' title='bbox 2006 978 2180 1025; x_wconf 81' lang='lat' dir='ltr'><em>imponan-</em></span> 
     </span>
     <span class='ocr_line' id='line_1_86' title="bbox 1288 1026 1678 1070; baseline 0.01 -12"><span class='ocrx_word' id='word_1_627' title='bbox 1288 1034 1340 1058; x_wconf 84' lang='lat' dir='ltr'><em>tur</em></span> <span class='ocrx_word' id='word_1_628' title='bbox 1350 1035 1388 1058; x_wconf 89' lang='lat' dir='ltr'><em>ac</em></span> <span class='ocrx_word' id='word_1_629' title='bbox 1400 1026 1678 1070; x_wconf 84' lang='lat' dir='ltr'><em>super-ponantur.</em></span> 
     </span>
    </p>

    <p class='ocr_par' dir='ltr' id='par_1_7' title="bbox 1278 1074 2320 3464">
     <span class='ocr_line' id='line_1_87' title="bbox 1338 1074 2177 1125; baseline 0.01 -18"><span class='ocrx_word' id='word_1_630' title='bbox 1338 1074 1424 1121; x_wconf 84' lang='lat' dir='ltr'><em>Qis</em></span> <span class='ocrx_word' id='word_1_631' title='bbox 1435 1075 1616 1120; x_wconf 87' lang='lat' dir='ltr'><em>Episcopus</em></span> <span class='ocrx_word' id='word_1_632' title='bbox 1629 1076 1687 1112; x_wconf 90' lang='lat' dir='ltr'><em>has</em></span> <span class='ocrx_word' id='word_1_633' title='bbox 1699 1078 1805 1125; x_wconf 88' lang='lat' dir='ltr'><em>Leges</em></span> <span class='ocrx_word' id='word_1_634' title='bbox 1815 1080 1938 1123; x_wconf 79' lang='lat' dir='ltr'><em>primus</em></span> <span class='ocrx_word' id='word_1_635' title='bbox 1946 1080 2177 1121; x_wconf 83' lang='lat' dir='ltr'><em>admiserit‚est</em></span> 
     </span>
     <span class='ocr_line' id='line_1_88' title="bbox 1288 1125 2316 1174; baseline 0.005 -17"><span class='ocrx_word' id='word_1_636' title='bbox 1288 1125 1452 1168; x_wconf 87' lang='lat' dir='ltr'><em>ignotum.</em></span> <span class='ocrx_word' id='word_1_637' title='bbox 1480 1125 1614 1160; x_wconf 68' lang='lat' dir='ltr'><em>Sanetus</em></span> <span class='ocrx_word' id='word_1_638' title='bbox 1626 1126 1686 1160; x_wconf 81' lang='lat' dir='ltr'><em>lvo</em></span> <span class='ocrx_word' id='word_1_639' title='bbox 1699 1128 1912 1164; x_wconf 86' lang='lat' dir='ltr'><em>Carnutenfis</em></span> <span class='ocrx_word' id='word_1_640' title='bbox 1924 1131 2107 1174; x_wconf 85' lang='lat' dir='ltr'><em>Episcopus</em></span> <span class='ocrx_word' id='word_1_641' title='bbox 2118 1128 2177 1165; x_wconf 82' lang='lat' dir='ltr'><em>suo</em></span> <span class='ocrx_word' id='word_1_642' title='bbox 2197 1135 2272 1163; x_wconf 79' lang='lat' dir='ltr'><em>Part.</em></span> <span class='ocrx_word' id='word_1_643' title='bbox 2286 1143 2316 1169; x_wconf 83' lang='lat'><em>4.</em></span> 
     </span>
     <span class='ocr_line' id='line_1_89' title="bbox 1288 1173 2278 1223; baseline 0.006 -16"><span class='ocrx_word' id='word_1_644' title='bbox 1288 1174 1432 1208; x_wconf 86' lang='lat' dir='ltr'><em>Decreto</em></span> <span class='ocrx_word' id='word_1_645' title='bbox 1438 1174 1574 1209; x_wconf 87' lang='lat' dir='ltr'><em>inseruit</em></span> <span class='ocrx_word' id='word_1_646' title='bbox 1581 1173 1647 1209; x_wconf 85' lang='lat' dir='ltr'><em>hoc</em></span> <span class='ocrx_word' id='word_1_647' title='bbox 1659 1175 1863 1220; x_wconf 82' lang='lat' dir='ltr'><em>Capitulum.-</em></span> <span class='ocrx_word' id='word_1_648' title='bbox 1870 1182 1903 1223; x_wconf 86' lang='lat' dir='ltr'><strong><em>J</em></strong></span> <span class='ocrx_word' id='word_1_649' title='bbox 1904 1181 2006 1219; x_wconf 76' lang='lat' dir='ltr'><em>eJ‘unia</em></span> <span class='ocrx_word' id='word_1_650' title='bbox 2013 1183 2179 1223; x_wconf 75' lang='lat' dir='ltr'><em>Legitima,</em></span> <span class='ocrx_word' id='word_1_651' title='bbox 2196 1182 2220 1204; x_wconf 80' lang='lat' dir='ltr'><em>C·</em></span> <span class='ocrx_word' id='word_1_652' title='bbox 2230 1181 2244 1209; x_wconf 84' lang='lat'>3</span> <span class='ocrx_word' id='word_1_653' title='bbox 2252 1183 2278 1205; x_wconf 78' lang='lat'><em>¹·-</em></span> 
     </span>
     <span class='ocr_line' id='line_1_90' title="bbox 1285 1223 2184 1271; baseline 0.007 -15"><span class='ocrx_word' id='word_1_654' title='bbox 1285 1225 1321 1256; x_wconf 91' lang='lat' dir='ltr'><em>id</em></span> <span class='ocrx_word' id='word_1_655' title='bbox 1326 1224 1363 1264; x_wconf 83' lang='lat' dir='ltr'><em>est</em></span> <span class='ocrx_word' id='word_1_656' title='bbox 1374 1233 1486 1267; x_wconf 86' lang='lat' dir='ltr'><em>quarta</em></span> <span class='ocrx_word' id='word_1_657' title='bbox 1498 1226 1532 1260; x_wconf 79' lang='lat'><em>&amp;</em></span> <span class='ocrx_word' id='word_1_658' title='bbox 1538 1223 1722 1268; x_wconf 72' lang='lat' dir='ltr'><em>sextaferia</em></span> <span class='ocrx_word' id='word_1_659' title='bbox 1735 1251 1745 1267; x_wconf 97' lang='lat'>,</span> <span class='ocrx_word' id='word_1_660' title='bbox 1769 1239 1825 1260; x_wconf 87' lang='lat' dir='ltr'><em>non</em></span> <span class='ocrx_word' id='word_1_661' title='bbox 1842 1226 1916 1271; x_wconf 85' lang='lat' dir='ltr'><em>sunt</em></span> <span class='ocrx_word' id='word_1_662' title='bbox 1930 1226 2078 1271; x_wconf 76' lang='lat' dir='ltr'><em>solvenda</em></span> <span class='ocrx_word' id='word_1_663' title='bbox 2089 1252 2100 1269; x_wconf 92' lang='lat'><strong>,</strong></span> <span class='ocrx_word' id='word_1_664' title='bbox 2126 1228 2184 1271; x_wconf 78' lang='lat' dir='ltr'><em>m&#39;fi</em></span> 
     </span>
     <span class='ocr_line' id='line_1_91' title="bbox 1280 1275 2182 1321; baseline 0.007 -15"><span class='ocrx_word' id='word_1_665' title='bbox 1280 1276 1410 1318; x_wconf 78' lang='lat' dir='ltr'><em>grandis</em></span> <span class='ocrx_word' id='word_1_666' title='bbox 1434 1275 1538 1317; x_wconf 82' lang='lat' dir='ltr'><em>aliqua</em></span> <span class='ocrx_word' id='word_1_667' title='bbox 1558 1276 1705 1315; x_wconf 79' lang='lat' dir='ltr'><em>neceffitas</em></span> <span class='ocrx_word' id='word_1_668' title='bbox 1720 1276 1829 1318; x_wconf 77' lang='lat' dir='ltr'><em>fuerit.</em></span> <span class='ocrx_word' id='word_1_669' title='bbox 1857 1279 1945 1321; x_wconf 75' lang='lat' dir='ltr'><em>,Quia</em></span> <span class='ocrx_word' id='word_1_670' title='bbox 1968 1287 2081 1321; x_wconf 76' lang='lat' dir='ltr'><em>quarta</em></span> <span class='ocrx_word' id='word_1_671' title='bbox 2090 1275 2182 1320; x_wconf 67' lang='lat' dir='ltr'><em>feria</em></span> 
     </span>
     <span class='ocr_line' id='line_1_92' title="bbox 1278 1325 2181 1371; baseline 0.006 -13"><span class='ocrx_word' id='word_1_672' title='bbox 1278 1328 1310 1369; x_wconf 87' lang='lat' dir='ltr'><em>J</em></span> <span class='ocrx_word' id='word_1_673' title='bbox 1312 1325 1389 1358; x_wconf 87' lang='lat' dir='ltr'><em>udas</em></span> <span class='ocrx_word' id='word_1_674' title='bbox 1403 1325 1440 1357; x_wconf 89' lang='lat' dir='ltr'><em>de</em></span> <span class='ocrx_word' id='word_1_675' title='bbox 1450 1326 1617 1358; x_wconf 75' lang='lat' dir='ltr'><em>traditione</em></span> <span class='ocrx_word' id='word_1_676' title='bbox 1628 1328 1748 1361; x_wconf 84' lang='lat' dir='ltr'><em>Domini</em></span> <span class='ocrx_word' id='word_1_677' title='bbox 1758 1332 1903 1370; x_wconf 82' lang='lat' dir='ltr'><em>cogitavit</em></span> <span class='ocrx_word' id='word_1_678' title='bbox 1914 1352 1924 1367; x_wconf 90' lang='lat'>,</span> <span class='ocrx_word' id='word_1_679' title='bbox 1946 1326 2081 1371; x_wconf 68' lang='lat' dir='ltr'><em>&amp;sexta</em></span> <span class='ocrx_word' id='word_1_680' title='bbox 2089 1327 2181 1369; x_wconf 62' lang='lat' dir='ltr'><em>feria</em></span> 
     </span>
     <span class='ocr_line' id='line_1_93' title="bbox 1286 1374 2179 1420; baseline 0.006 -14"><span class='ocrx_word' id='word_1_681' title='bbox 1286 1374 1459 1417; x_wconf 82' lang='lat' dir='ltr'><em>Crucifixus</em></span> <span class='ocrx_word' id='word_1_682' title='bbox 1473 1374 1511 1414; x_wconf 87' lang='lat' dir='ltr'><em>est</em></span> <span class='ocrx_word' id='word_1_683' title='bbox 1523 1376 1673 1408; x_wconf 82' lang='lat' dir='ltr'><em>salvator.</em></span> <span class='ocrx_word' id='word_1_684' title='bbox 1697 1377 1853 1410; x_wconf 81' lang='lat' dir='ltr'><em>Videbitur</em></span> <span class='ocrx_word' id='word_1_685' title='bbox 1864 1379 1998 1420; x_wconf 71' lang='lat' dir='ltr'><em>ergb,qui</em></span> <span class='ocrx_word' id='word_1_686' title='bbox 2009 1384 2042 1410; x_wconf 83' lang='lat' dir='ltr'><em>in</em></span> <span class='ocrx_word' id='word_1_687' title='bbox 2054 1377 2103 1410; x_wconf 83' lang='lat' dir='ltr'><em>bis</em></span> <span class='ocrx_word' id='word_1_688' title='bbox 2116 1381 2179 1412; x_wconf 75' lang='lat' dir='ltr'><em>die·-</em></span> 
     </span>
     <span class='ocr_line' id='line_1_94' title="bbox 1285 1423 2180 1469; baseline 0.006 -13"><span class='ocrx_word' id='word_1_689' title='bbox 1285 1425 1342 1457; x_wconf 87' lang='lat' dir='ltr'><em>bus</em></span> <span class='ocrx_word' id='word_1_690' title='bbox 1350 1423 1411 1466; x_wconf 81' lang='lat' dir='ltr'><em>fine</em></span> <span class='ocrx_word' id='word_1_691' title='bbox 1424 1426 1526 1466; x_wconf 85' lang='lat' dir='ltr'><em>aliqua</em></span> <span class='ocrx_word' id='word_1_692' title='bbox 1539 1426 1696 1465; x_wconf 74' lang='lat' dir='ltr'><em>necesstiate</em></span> <span class='ocrx_word' id='word_1_693' title='bbox 1702 1423 1828 1469; x_wconf 71' lang='lat' dir='ltr'><em>solverit</em></span> <span class='ocrx_word' id='word_1_694' title='bbox 1837 1428 1960 1459; x_wconf 78' lang='lat' dir='ltr'><em>statuta</em></span> <span class='ocrx_word' id='word_1_695' title='bbox 1966 1428 2115 1467; x_wconf 56' lang='lat' dir='ltr'><em>jejunia,</em></span> <span class='ocrx_word' id='word_1_696' title='bbox 2125 1427 2180 1461; x_wconf 77' lang='lat' dir='ltr'><em>vei</em></span> 
     </span>
     <span class='ocr_line' id='line_1_95' title="bbox 1287 1475 2180 1521; baseline 0.003 -13"><span class='ocrx_word' id='word_1_697' title='bbox 1287 1486 1352 1508; x_wconf 90' lang='lat' dir='ltr'><em>cum</em></span> <span class='ocrx_word' id='word_1_698' title='bbox 1364 1475 1517 1508; x_wconf 87' lang='lat' dir='ltr'><em>Tradente</em></span> <span class='ocrx_word' id='word_1_699' title='bbox 1526 1476 1648 1510; x_wconf 85' lang='lat' dir='ltr'><em>tradere</em></span> <span class='ocrx_word' id='word_1_700' title='bbox 1655 1477 1853 1516; x_wconf 83' lang='lat' dir='ltr'><em>salvatorem,</em></span> <span class='ocrx_word' id='word_1_701' title='bbox 1866 1478 1918 1510; x_wconf 82' lang='lat' dir='ltr'><em>vel</em></span> <span class='ocrx_word' id='word_1_702' title='bbox 1923 1487 1989 1509; x_wconf 92' lang='lat' dir='ltr'><em>cum</em></span> <span class='ocrx_word' id='word_1_703' title='bbox 1999 1476 2180 1521; x_wconf 79' lang='lat' dir='ltr'><em>crucifigen-</em></span> 
     </span>
     <span class='ocr_line' id='line_1_96' title="bbox 1287 1523 2176 1571; baseline 0.003 -14"><span class='ocrx_word' id='word_1_704' title='bbox 1287 1524 1369 1557; x_wconf 82' lang='lat' dir='ltr'><em>tibus</em></span> <span class='ocrx_word' id='word_1_705' title='bbox 1378 1523 1554 1568; x_wconf 85' lang='lat' dir='ltr'><em>crucifigere.</em></span> <span class='ocrx_word' id='word_1_706' title='bbox 1584 1525 1627 1559; x_wconf 85' lang='lat' dir='ltr'><em>Et</em></span> <span class='ocrx_word' id='word_1_707' title='bbox 1639 1526 1804 1571; x_wconf 86' lang='lat' dir='ltr'><em>adjungit:</em></span> <span class='ocrx_word' id='word_1_708' title='bbox 1819 1529 1874 1559; x_wconf 75' lang='lat' dir='ltr'><em>Ex</em></span> <span class='ocrx_word' id='word_1_709' title='bbox 1885 1526 1974 1559; x_wconf 71' lang='lat' dir='ltr'><em>diHis</em></span> <span class='ocrx_word' id='word_1_710' title='bbox 1986 1527 2176 1568; x_wconf 53' lang='lat' dir='ltr'><em>&amp;Apollonii-</em></span> 
     </span>
     <span class='ocr_line' id='line_1_97' title="bbox 1288 1574 2179 1620; baseline 0.004 -13"><span class='ocrx_word' id='word_1_711' title='bbox 1288 1574 1396 1610; x_wconf 58' lang='lat' dir='ltr'><em>Sancti</em></span> <span class='ocrx_word' id='word_1_712' title='bbox 1408 1574 1568 1617; x_wconf 87' lang='lat' dir='ltr'><em>Martyris</em></span> <span class='ocrx_word' id='word_1_713' title='bbox 1579 1576 1613 1609; x_wconf 84' lang='lat'>&amp;</span> <span class='ocrx_word' id='word_1_714' title='bbox 1625 1577 1752 1620; x_wconf 85' lang='lat' dir='ltr'><em>antiqui</em></span> <span class='ocrx_word' id='word_1_715' title='bbox 1761 1576 1933 1618; x_wconf 87' lang='lat' dir='ltr'><em>Scriptoris</em></span> <span class='ocrx_word' id='word_1_716' title='bbox 1944 1586 1955 1607; x_wconf 72' lang='grc' dir='ltr'><strong><em>ε</em></strong></span> <span class='ocrx_word' id='word_1_717' title='bbox 1983 1575 2092 1619; x_wconf 82' lang='lat' dir='ltr'><em>Cujus</em></span> <span class='ocrx_word' id='word_1_718' title='bbox 2106 1576 2179 1611; x_wconf 82' lang='lat' dir='ltr'><em>lon-</em></span> 
     </span>
     <span class='ocr_line' id='line_1_98' title="bbox 1286 1623 2179 1670; baseline 0.002 -12"><span class='ocrx_word' id='word_1_719' title='bbox 1286 1635 1367 1668; x_wconf 88' lang='lat' dir='ltr'><em>gum</em></span> <span class='ocrx_word' id='word_1_720' title='bbox 1386 1624 1420 1659; x_wconf 85' lang='lat'>&amp;</span> <span class='ocrx_word' id='word_1_721' title='bbox 1441 1623 1607 1659; x_wconf 86' lang='lat' dir='ltr'><em>eruditum</em></span> <span class='ocrx_word' id='word_1_722' title='bbox 1640 1626 1791 1660; x_wconf 79' lang='lat' dir='ltr'><em>adversus</em></span> <span class='ocrx_word' id='word_1_723' title='bbox 1817 1626 2022 1660; x_wconf 84' lang='lat' dir='ltr'><em>Montanum</em></span> <span class='ocrx_word' id='word_1_724' title='bbox 2050 1638 2089 1660; x_wconf 81' lang='lat' dir='ltr'><em>ac</em></span> <span class='ocrx_word' id='word_1_725' title='bbox 2106 1625 2179 1670; x_wconf 81' lang='lat' dir='ltr'><em>ejus</em></span> 
     </span>
     <span class='ocr_line' id='line_1_99' title="bbox 1288 1672 2188 1719; baseline 0.003 -12"><span class='ocrx_word' id='word_1_726' title='bbox 1288 1672 1621 1719; x_wconf 82' lang='lat' dir='ltr'><em>Pseudo-prophetias</em></span> <span class='ocrx_word' id='word_1_727' title='bbox 1634 1675 1803 1711; x_wconf 90' lang='lat' dir='ltr'><em>Volumen</em></span> <span class='ocrx_word' id='word_1_728' title='bbox 1816 1675 1927 1711; x_wconf 88' lang='lat' dir='ltr'><em>laudat</em></span> <span class='ocrx_word' id='word_1_729' title='bbox 1939 1676 1975 1710; x_wconf 86' lang='lat' dir='ltr'><em>in</em></span> <span class='ocrx_word' id='word_1_730' title='bbox 1995 1675 2188 1718; x_wconf 53' lang='lat' dir='ltr'><em>niustriam</em></span> 
     </span>
     <span class='ocr_line' id='line_1_100' title="bbox 1288 1723 2180 1771; baseline 0.003 -14"><span class='ocrx_word' id='word_1_731' title='bbox 1288 1723 1448 1758; x_wconf 88' lang='lat' dir='ltr'><em>Virorum</em></span> <span class='ocrx_word' id='word_1_732' title='bbox 1461 1725 1624 1771; x_wconf 84' lang='lat' dir='ltr'><em>Catalogo</em></span> <span class='ocrx_word' id='word_1_733' title='bbox 1637 1726 1922 1769; x_wconf 34' lang='lat' dir='ltr'><em>&amp;Hieronymum</em></span> <span class='ocrx_word' id='word_1_734' title='bbox 1948 1726 1982 1760; x_wconf 90' lang='lat'>&amp;</span> <span class='ocrx_word' id='word_1_735' title='bbox 2004 1725 2098 1768; x_wconf 76' lang='lat' dir='ltr'><em>cujus</em></span> <span class='ocrx_word' id='word_1_736' title='bbox 2118 1724 2180 1760; x_wconf 73' lang='lat' dir='ltr'><em>ali-</em></span> 
     </span>
     <span class='ocr_line' id='line_1_101' title="bbox 1288 1774 2180 1819; baseline 0.002 -12"><span class='ocrx_word' id='word_1_737' title='bbox 1288 1782 1369 1817; x_wconf 87' lang='lat' dir='ltr'><em>quot</em></span> <span class='ocrx_word' id='word_1_738' title='bbox 1383 1785 1575 1818; x_wconf 82' lang='lat' dir='ltr'><em>argumenta</em></span> <span class='ocrx_word' id='word_1_739' title='bbox 1588 1775 1720 1810; x_wconf 85' lang='lat' dir='ltr'><em>adducit</em></span> <span class='ocrx_word' id='word_1_740' title='bbox 1731 1777 1766 1810; x_wconf 89' lang='lat' dir='ltr'><em>in</em></span> <span class='ocrx_word' id='word_1_741' title='bbox 1788 1774 2012 1819; x_wconf 77' lang='lat' dir='ltr'><em>Ecclesiastica</em></span> <span class='ocrx_word' id='word_1_742' title='bbox 2028 1774 2180 1810; x_wconf 67' lang='lat' dir='ltr'><em>Historia</em></span> 
     </span>
     <span class='ocr_line' id='line_1_102' title="bbox 1291 1822 2180 1860; baseline 0.004 -5"><span class='ocrx_word' id='word_1_743' title='bbox 1291 1822 1449 1858; x_wconf 86' lang='lat' dir='ltr'><em>Eusebius</em></span> <span class='ocrx_word' id='word_1_744' title='bbox 1460 1824 1678 1859; x_wconf 73' lang='lat' dir='ltr'><em>Caesaraeenfis.</em></span> <span class='ocrx_word' id='word_1_745' title='bbox 1706 1825 1834 1860; x_wconf 79' lang='lat' dir='ltr'><em>Verum</em></span> <span class='ocrx_word' id='word_1_746' title='bbox 1844 1824 1905 1859; x_wconf 76' lang='lat' dir='ltr'><em>ista</em></span> <span class='ocrx_word' id='word_1_747' title='bbox 1917 1822 2012 1858; x_wconf 80' lang='lat' dir='ltr'><em>verba</em></span> <span class='ocrx_word' id='word_1_748' title='bbox 2035 1824 2083 1858; x_wconf 88' lang='lat' dir='ltr'><em>ibi</em></span> <span class='ocrx_word' id='word_1_749' title='bbox 2105 1834 2180 1859; x_wconf 70' lang='lat' dir='ltr'><em>non</em></span> 
     </span>
     <span class='ocr_line' id='line_1_103' title="bbox 1289 1873 2180 1918; baseline 0.003 -13"><span class='ocrx_word' id='word_1_750' title='bbox 1289 1873 1474 1916; x_wconf 86' lang='lat' dir='ltr'><em>reperimus.</em></span> <span class='ocrx_word' id='word_1_751' title='bbox 1502 1873 1576 1908; x_wconf 89' lang='lat' dir='ltr'><em>Nec</em></span> <span class='ocrx_word' id='word_1_752' title='bbox 1589 1873 1646 1909; x_wconf 88' lang='lat' dir='ltr'><em>illa</em></span> <span class='ocrx_word' id='word_1_753' title='bbox 1655 1875 1800 1909; x_wconf 89' lang='lat' dir='ltr'><em>referunt</em></span> <span class='ocrx_word' id='word_1_754' title='bbox 1808 1875 1894 1909; x_wconf 87' lang='lat' dir='ltr'><em>tanti</em></span> <span class='ocrx_word' id='word_1_755' title='bbox 1913 1875 2087 1918; x_wconf 86' lang='lat' dir='ltr'><em>Scriptoris</em></span> <span class='ocrx_word' id='word_1_756' title='bbox 2111 1873 2180 1918; x_wconf 83' lang='lat' dir='ltr'><em>sty-</em></span> 
     </span>
     <span class='ocr_line' id='line_1_104' title="bbox 1289 1923 2179 1967; baseline 0.002 -11"><span class='ocrx_word' id='word_1_757' title='bbox 1289 1923 1358 1957; x_wconf 87' lang='lat' dir='ltr'><em>lum</em></span> <span class='ocrx_word' id='word_1_758' title='bbox 1370 1933 1427 1957; x_wconf 87' lang='lat' dir='ltr'><em>aut</em></span> <span class='ocrx_word' id='word_1_759' title='bbox 1435 1923 1564 1958; x_wconf 84' lang='lat' dir='ltr'><em>faciem.</em></span> <span class='ocrx_word' id='word_1_760' title='bbox 1592 1925 1638 1959; x_wconf 90' lang='lat' dir='ltr'><em>Et</em></span> <span class='ocrx_word' id='word_1_761' title='bbox 1649 1925 1744 1960; x_wconf 89' lang='lat' dir='ltr'><em>verba</em></span> <span class='ocrx_word' id='word_1_762' title='bbox 1754 1924 1822 1967; x_wconf 82' lang='lat' dir='ltr'><em>ejus</em></span> <span class='ocrx_word' id='word_1_763' title='bbox 1834 1947 1845 1964; x_wconf 88' lang='lat'>‚</span> <span class='ocrx_word' id='word_1_764' title='bbox 1857 1935 1929 1967; x_wconf 84' lang='lat' dir='ltr'><em>quae</em></span> <span class='ocrx_word' id='word_1_765' title='bbox 1940 1935 2044 1958; x_wconf 85' lang='lat' dir='ltr'><em>novas</em></span> <span class='ocrx_word' id='word_1_766' title='bbox 2061 1923 2179 1966; x_wconf 83' lang='lat' dir='ltr'><em>jejunii</em></span> 
     </span>
     <span class='ocr_line' id='line_1_105' title="bbox 1288 1972 2178 2018; baseline 0 -10"><span class='ocrx_word' id='word_1_767' title='bbox 1288 1974 1395 2018; x_wconf 86' lang='lat' dir='ltr'><em>Leges</em></span> <span class='ocrx_word' id='word_1_768' title='bbox 1405 1972 1604 2009; x_wconf 86' lang='lat' dir='ltr'><em>damnarunt</em></span> <span class='ocrx_word' id='word_1_769' title='bbox 1613 1998 1624 2015; x_wconf 93' lang='lat'>‚</span> <span class='ocrx_word' id='word_1_770' title='bbox 1635 1975 1725 2018; x_wconf 89' lang='lat' dir='ltr'><em>supra</em></span> <span class='ocrx_word' id='word_1_771' title='bbox 1733 1973 1864 2009; x_wconf 84' lang='lat' dir='ltr'><em>adduxi.</em></span> <span class='ocrx_word' id='word_1_772' title='bbox 1891 1973 1971 2007; x_wconf 80' lang='lat' dir='ltr'><em>Istas</em></span> <span class='ocrx_word' id='word_1_773' title='bbox 1981 1984 2093 2008; x_wconf 86' lang='lat' dir='ltr'><em>tamen</em></span> <span class='ocrx_word' id='word_1_774' title='bbox 2117 1974 2178 2008; x_wconf 88' lang='lat' dir='ltr'><em>Le-</em></span> 
     </span>
     <span class='ocr_line' id='line_1_106' title="bbox 1288 2023 2178 2067; baseline 0.002 -11"><span class='ocrx_word' id='word_1_775' title='bbox 1288 2034 1346 2067; x_wconf 84' lang='lat' dir='ltr'><em>ges</em></span> <span class='ocrx_word' id='word_1_776' title='bbox 1362 2024 1551 2066; x_wconf 86' lang='lat' dir='ltr'><em>supponunt</em></span> <span class='ocrx_word' id='word_1_777' title='bbox 1565 2048 1576 2064; x_wconf 90' lang='lat'>‚</span> <span class='ocrx_word' id='word_1_778' title='bbox 1597 2035 1635 2058; x_wconf 85' lang='lat' dir='ltr'><em>ac</em></span> <span class='ocrx_word' id='word_1_779' title='bbox 1654 2023 1790 2058; x_wconf 88' lang='lat' dir='ltr'><em>laudant</em></span> <span class='ocrx_word' id='word_1_780' title='bbox 1803 2023 2006 2066; x_wconf 80' lang='lat' dir='ltr'><em>Apostolicae</em></span> <span class='ocrx_word' id='word_1_781' title='bbox 2027 2023 2178 2058; x_wconf 81' lang='lat' dir='ltr'><em>Romani</em></span> 
     </span>
     <span class='ocr_line' id='line_1_107' title="bbox 1289 2072 2180 2117; baseline 0.002 -11"><span class='ocrx_word' id='word_1_782' title='bbox 1289 2072 1471 2107; x_wconf 85' lang='lat' dir='ltr'><em>Clementis</em></span> <span class='ocrx_word' id='word_1_783' title='bbox 1484 2073 1766 2116; x_wconf 80' lang='lat' dir='ltr'><em>constitutiones,</em></span> <span class='ocrx_word' id='word_1_784' title='bbox 1791 2074 1824 2107; x_wconf 65' lang='grc' dir='ltr'><em>ὅ(</em></span> <span class='ocrx_word' id='word_1_785' title='bbox 1837 2074 1869 2107; x_wconf 90' lang='lat' dir='ltr'><em>su</em></span> <span class='ocrx_word' id='word_1_786' title='bbox 1875 2085 1929 2117; x_wconf 83' lang='lat' dir='ltr'><em>pra</em></span> <span class='ocrx_word' id='word_1_787' title='bbox 1940 2073 2098 2108; x_wconf 65' lang='lat' dir='ltr'><em>adductus</em></span> <span class='ocrx_word' id='word_1_788' title='bbox 2108 2073 2180 2108; x_wconf 79' lang='lat' dir='ltr'><em>vul-</em></span> 
     </span>
     <span class='ocr_line' id='line_1_108' title="bbox 1287 2122 2179 2170; baseline 0.003 -15"><span class='ocrx_word' id='word_1_789' title='bbox 1287 2123 1374 2167; x_wconf 88' lang='lat' dir='ltr'><em>garis</em></span> <span class='ocrx_word' id='word_1_790' title='bbox 1393 2122 1514 2156; x_wconf 79' lang='lat' dir='ltr'><em>Canon</em></span> <span class='ocrx_word' id='word_1_791' title='bbox 1535 2124 1756 2167; x_wconf 85' lang='lat' dir='ltr'><em>Apostolicus.</em></span> <span class='ocrx_word' id='word_1_792' title='bbox 1793 2124 1864 2170; x_wconf 85' lang='lat' dir='ltr'><em>Qi</em></span> <span class='ocrx_word' id='word_1_793' title='bbox 1888 2123 1965 2157; x_wconf 87' lang='lat' dir='ltr'><em>licet</em></span> <span class='ocrx_word' id='word_1_794' title='bbox 1987 2134 2057 2157; x_wconf 83' lang='lat' dir='ltr'><em>non</em></span> <span class='ocrx_word' id='word_1_795' title='bbox 2076 2123 2115 2157; x_wconf 80' lang='lat' dir='ltr'><em>fit</em></span> <span class='ocrx_word' id='word_1_796' title='bbox 2131 2134 2179 2158; x_wconf 73' lang='lat' dir='ltr'><em>ex</em></span> 
     </span>
     <span class='ocr_line' id='line_1_109' title="bbox 1288 2173 2178 2219; baseline 0.002 -14"><span class='ocrx_word' id='word_1_797' title='bbox 1288 2173 1529 2216; x_wconf 85' lang='lat' dir='ltr'><em>quinquaginta</em></span> <span class='ocrx_word' id='word_1_798' title='bbox 1540 2173 1766 2214; x_wconf 81' lang='lat' dir='ltr'><em>Prioribus‚est</em></span> <span class='ocrx_word' id='word_1_799' title='bbox 1777 2183 1888 2208; x_wconf 85' lang='lat' dir='ltr'><em>tamen</em></span> <span class='ocrx_word' id='word_1_800' title='bbox 1899 2173 2063 2217; x_wconf 86' lang='lat' dir='ltr'><em>antiquus.</em></span> <span class='ocrx_word' id='word_1_801' title='bbox 2088 2173 2178 2219; x_wconf 82' lang='lat' dir='ltr'><em>Qa-</em></span> 
     </span>
     <span class='ocr_line' id='line_1_110' title="bbox 1289 2220 2178 2267; baseline 0.002 -13"><span class='ocrx_word' id='word_1_802' title='bbox 1289 2234 1320 2256; x_wconf 90' lang='lat' dir='ltr'><em>re</em></span> <span class='ocrx_word' id='word_1_803' title='bbox 1338 2220 1387 2255; x_wconf 79' lang='lat' dir='ltr'><em>hae</em></span> <span class='ocrx_word' id='word_1_804' title='bbox 1408 2222 1514 2267; x_wconf 90' lang='lat' dir='ltr'><em>Leges</em></span> <span class='ocrx_word' id='word_1_805' title='bbox 1534 2224 1610 2258; x_wconf 84' lang='lat' dir='ltr'><em>sunt</em></span> <span class='ocrx_word' id='word_1_806' title='bbox 1633 2225 1776 2267; x_wconf 80' lang='lat' dir='ltr'><em>antiquae</em></span> <span class='ocrx_word' id='word_1_807' title='bbox 1797 2222 1884 2266; x_wconf 83' lang='lat' dir='ltr'><em>apud</em></span> <span class='ocrx_word' id='word_1_808' title='bbox 1897 2222 2104 2257; x_wconf 82' lang='lat' dir='ltr'><em>Orientalem</em></span> <span class='ocrx_word' id='word_1_809' title='bbox 2116 2223 2178 2257; x_wconf 87' lang='lat' dir='ltr'><em>Ec-</em></span> 
     </span>
     <span class='ocr_line' id='line_1_111' title="bbox 1287 2271 2178 2310; baseline 0.001 -5"><span class='ocrx_word' id='word_1_810' title='bbox 1287 2272 1426 2306; x_wconf 87' lang='lat' dir='ltr'><em>clefiam.</em></span> <span class='ocrx_word' id='word_1_811' title='bbox 1455 2271 1502 2306; x_wconf 91' lang='lat' dir='ltr'><em>At</em></span> <span class='ocrx_word' id='word_1_812' title='bbox 1516 2275 1591 2307; x_wconf 74' lang='lat' dir='ltr'><em>vero</em></span> <span class='ocrx_word' id='word_1_813' title='bbox 1607 2274 1642 2306; x_wconf 90' lang='lat' dir='ltr'><em>in</em></span> <span class='ocrx_word' id='word_1_814' title='bbox 1664 2274 1782 2308; x_wconf 84' lang='lat' dir='ltr'><em>Literis</em></span> <span class='ocrx_word' id='word_1_815' title='bbox 1793 2272 1834 2306; x_wconf 88' lang='lat' dir='ltr'><em>ad</em></span> <span class='ocrx_word' id='word_1_816' title='bbox 1855 2272 2060 2306; x_wconf 70' lang='lat' dir='ltr'><em>Casulatnum</em></span> <span class='ocrx_word' id='word_1_817' title='bbox 2085 2272 2178 2310; x_wconf 69' lang='lat' dir='ltr'><em>Pres-</em></span> 
     </span>
     <span class='ocr_line' id='line_1_112' title="bbox 1289 2321 2175 2368; baseline 0.001 -13"><span class='ocrx_word' id='word_1_818' title='bbox 1289 2321 1438 2365; x_wconf 85' lang='lat' dir='ltr'><em>byterum</em></span> <span class='ocrx_word' id='word_1_819' title='bbox 1450 2323 1573 2356; x_wconf 70' lang='lat' dir='ltr'><em>sanstus</em></span> <span class='ocrx_word' id='word_1_820' title='bbox 1582 2322 1788 2368; x_wconf 85' lang='lat' dir='ltr'><em>Augustinus</em></span> <span class='ocrx_word' id='word_1_821' title='bbox 1799 2321 2013 2363; x_wconf 78' lang='lat' dir='ltr'><em>Christianum,</em></span> <span class='ocrx_word' id='word_1_822' title='bbox 2022 2329 2073 2365; x_wconf 89' lang='lat' dir='ltr'><em>qui</em></span> <span class='ocrx_word' id='word_1_823' title='bbox 2085 2334 2175 2365; x_wconf 85' lang='lat' dir='ltr'><em>quar-</em></span> 
     </span>
     <span class='ocr_line' id='line_1_113' title="bbox 1287 2370 2176 2417; baseline 0.003 -13"><span class='ocrx_word' id='word_1_824' title='bbox 1287 2382 1320 2405; x_wconf 87' lang='lat' dir='ltr'><em>ta</em></span> <span class='ocrx_word' id='word_1_825' title='bbox 1329 2396 1339 2412; x_wconf 90' lang='lat'><strong><em>,</em></strong></span> <span class='ocrx_word' id='word_1_826' title='bbox 1346 2370 1438 2415; x_wconf 72' lang='lat' dir='ltr'><em>sexta</em></span> <span class='ocrx_word' id='word_1_827' title='bbox 1441 2371 1546 2414; x_wconf 80' lang='lat' dir='ltr'><em>feria,</em></span> <span class='ocrx_word' id='word_1_828' title='bbox 1566 2385 1600 2406; x_wconf 85' lang='lat' dir='ltr'><em>ac</em></span> <span class='ocrx_word' id='word_1_829' title='bbox 1609 2372 1671 2417; x_wconf 72' lang='lat' dir='ltr'><em>ipfh</em></span> <span class='ocrx_word' id='word_1_830' title='bbox 1680 2372 1830 2406; x_wconf 77' lang='lat' dir='ltr'><em>Sabbatha</em></span> <span class='ocrx_word' id='word_1_831' title='bbox 1844 2374 1988 2414; x_wconf 80' lang='lat' dir='ltr'><em>jeJ‘unare</em></span> <span class='ocrx_word' id='word_1_832' title='bbox 2000 2371 2152 2415; x_wconf 77' lang='lat' dir='ltr'><em>consue-vit</em></span> <span class='ocrx_word' id='word_1_833' title='bbox 2163 2386 2176 2407; x_wconf 79' lang='lat'><em>.-</em></span> 
     </span>
     <span class='ocr_line' id='line_1_114' title="bbox 1287 2421 2320 2468; baseline 0.004 -12"><span class='ocrx_word' id='word_1_834' title='bbox 1287 2422 1414 2456; x_wconf 87' lang='lat' dir='ltr'><em>Laudat</em></span> <span class='ocrx_word' id='word_1_835' title='bbox 1426 2446 1438 2461; x_wconf 75' lang='lat'><strong><em>,</em></strong></span> <span class='ocrx_word' id='word_1_836' title='bbox 1463 2432 1561 2467; x_wconf 84' lang='lat' dir='ltr'><em>atque</em></span> <span class='ocrx_word' id='word_1_837' title='bbox 1584 2423 1756 2468; x_wconf 88' lang='lat' dir='ltr'><em>adjungit:</em></span> <span class='ocrx_word' id='word_1_838' title='bbox 1784 2421 2174 2467; x_wconf 57' lang='lat' dir='ltr'><em>,Quodfrequenterlkanu-</em></span> <span class='ocrx_word' id='word_1_839' title='bbox 2194 2426 2320 2468; x_wconf 59' lang='lat' dir='ltr'><em>Epist&amp;</em></span> 
     </span>
     <span class='ocr_line' id='line_1_115' title="bbox 1286 2460 2174 2516; baseline 0.005 -12"><span class='ocrx_word' id='word_1_840' title='bbox 1286 2483 1327 2504; x_wconf 84' lang='lat' dir='ltr'><em>na</em></span> <span class='ocrx_word' id='word_1_841' title='bbox 1339 2460 1428 2510; x_wconf 52' lang='lat' dir='ltr'><em>Plebs</em></span> <span class='ocrx_word' id='word_1_842' title='bbox 1430 2471 1523 2513; x_wconf 82' lang='lat' dir='ltr'><em>facit.</em></span> <span class='ocrx_word' id='word_1_843' title='bbox 1550 2473 1630 2507; x_wconf 78' lang='lat' dir='ltr'><em>Vox</em></span> <span class='ocrx_word' id='word_1_844' title='bbox 1647 2474 1844 2516; x_wconf 85' lang='lat' dir='ltr'><em>frequenter,</em></span> <span class='ocrx_word' id='word_1_845' title='bbox 1870 2472 1904 2505; x_wconf 77' lang='grc' dir='ltr'><em>δε</em></span> <span class='ocrx_word' id='word_1_846' title='bbox 1923 2462 2174 2514; x_wconf 67' lang='lat' dir='ltr'><em>verbum‚,c0n-</em></span> 
     </span>
     <span class='ocr_line' id='line_1_116' title="bbox 1281 2520 2176 2568; baseline 0.004 -14"><span class='ocrx_word' id='word_1_847' title='bbox 1281 2520 1384 2564; x_wconf 83' lang='lat' dir='ltr'><em>suevit</em></span> <span class='ocrx_word' id='word_1_848' title='bbox 1394 2545 1406 2561; x_wconf 87' lang='lat'><strong>,</strong></span> <span class='ocrx_word' id='word_1_849' title='bbox 1432 2521 1586 2557; x_wconf 89' lang='lat' dir='ltr'><em>videntur</em></span> <span class='ocrx_word' id='word_1_850' title='bbox 1606 2524 1732 2568; x_wconf 87' lang='lat' dir='ltr'><em>Legem</em></span> <span class='ocrx_word' id='word_1_851' title='bbox 1765 2521 1947 2557; x_wconf 85' lang='lat' dir='ltr'><em>excludere.</em></span> <span class='ocrx_word' id='word_1_852' title='bbox 1975 2522 2021 2556; x_wconf 88' lang='lat' dir='ltr'><em>Et</em></span> <span class='ocrx_word' id='word_1_853' title='bbox 2038 2522 2176 2558; x_wconf 67' lang='lat' dir='ltr'><em>*rursum</em></span> 
     </span>
     <span class='ocr_line' id='line_1_117' title="bbox 1288 2569 2176 2619; baseline 0.001 -14"><span class='ocrx_word' id='word_1_854' title='bbox 1288 2570 1416 2606; x_wconf 87' lang='lat' dir='ltr'><em>adduco</em></span> <span class='ocrx_word' id='word_1_855' title='bbox 1428 2569 1594 2619; x_wconf 36' lang='lat' dir='ltr'><em>hecfverba</em></span> <span class='ocrx_word' id='word_1_856' title='bbox 1605 2572 1761 2607; x_wconf 78' lang='lat' dir='ltr'><em>Feri-andi</em></span> <span class='ocrx_word' id='word_1_857' title='bbox 1774 2572 1920 2606; x_wconf 82' lang='lat' dir='ltr'><em>Diaconi</em></span> <span class='ocrx_word' id='word_1_858' title='bbox 1935 2570 2176 2617; x_wconf 71' lang='lat' dir='ltr'><em>Carthaginen-</em></span> 
     </span>
     <span class='ocr_line' id='line_1_118' title="bbox 1287 2622 2209 2669; baseline 0.003 -16"><span class='ocrx_word' id='word_1_859' title='bbox 1287 2622 1343 2654; x_wconf 86' lang='lat' dir='ltr'><em>fis:</em></span> <span class='ocrx_word' id='word_1_860' title='bbox 1371 2622 1501 2654; x_wconf 66' lang='lat' dir='ltr'><em>Sancqus</em></span> <span class='ocrx_word' id='word_1_861' title='bbox 1515 2623 1692 2666; x_wconf 82' lang='lat' dir='ltr'><em>Fulgentius</em></span> <span class='ocrx_word' id='word_1_862' title='bbox 1700 2622 1890 2666; x_wconf 82' lang='lat' dir='ltr'><em>persingulas</em></span> <span class='ocrx_word' id='word_1_863' title='bbox 1900 2624 2094 2663; x_wconf 80' lang='lat' dir='ltr'><em>Septimanas</em></span> <span class='ocrx_word' id='word_1_864' title='bbox 2116 2632 2177 2656; x_wconf 77' lang='lat' dir='ltr'><em>om-</em></span> <span class='ocrx_word' id='word_1_865' title='bbox 2195 2651 2209 2669; x_wconf 68' lang='lat'>2</span> 
     </span>
     <span class='ocr_line' id='line_1_119' title="bbox 1289 2672 2176 2717; baseline 0 -11"><span class='ocrx_word' id='word_1_866' title='bbox 1289 2682 1340 2706; x_wconf 77' lang='lat' dir='ltr'><em>nes</em></span> <span class='ocrx_word' id='word_1_867' title='bbox 1352 2672 1483 2705; x_wconf 86' lang='lat' dir='ltr'><em>Clericos</em></span> <span class='ocrx_word' id='word_1_868' title='bbox 1498 2696 1508 2711; x_wconf 91' lang='lat'>‚</span> <span class='ocrx_word' id='word_1_869' title='bbox 1536 2683 1570 2705; x_wconf 89' lang='lat' dir='ltr'><em>ac</em></span> <span class='ocrx_word' id='word_1_870' title='bbox 1582 2675 1695 2706; x_wconf 86' lang='lat' dir='ltr'><em>viduas</em></span> <span class='ocrx_word' id='word_1_871' title='bbox 1707 2697 1718 2713; x_wconf 90' lang='lat'><strong>,</strong></span> <span class='ocrx_word' id='word_1_872' title='bbox 1744 2674 1778 2707; x_wconf 59' lang='grc' dir='ltr'><strong><em>Θ</em></strong></span> <span class='ocrx_word' id='word_1_873' title='bbox 1787 2677 1960 2714; x_wconf 82' lang='lat' dir='ltr'><em>quicumque</em></span> <span class='ocrx_word' id='word_1_874' title='bbox 1975 2673 2117 2717; x_wconf 57' lang='lat' dir='ltr'><em>potutffloe·</em></span> <span class='ocrx_word' id='word_1_875' title='bbox 2136 2684 2176 2707; x_wconf 68' lang='lat' dir='ltr'><em>ex</em></span> 
     </span>
     <span class='ocr_line' id='line_1_120' title="bbox 1289 2721 2172 2766; baseline 0.001 -13"><span class='ocrx_word' id='word_1_876' title='bbox 1289 2725 1392 2756; x_wconf 82' lang='lat' dir='ltr'><em>Laicis</em></span> <span class='ocrx_word' id='word_1_877' title='bbox 1412 2745 1423 2762; x_wconf 95' lang='lat'>‚</span> <span class='ocrx_word' id='word_1_878' title='bbox 1450 2730 1562 2764; x_wconf 80' lang='lat' dir='ltr'><em>quarta</em></span> <span class='ocrx_word' id='word_1_879' title='bbox 1595 2724 1629 2756; x_wconf 67' lang='grc'><em>(5·</em></span> <span class='ocrx_word' id='word_1_880' title='bbox 1653 2721 1746 2766; x_wconf 70' lang='lat' dir='ltr'><em>sexta</em></span> <span class='ocrx_word' id='word_1_881' title='bbox 1764 2722 1850 2764; x_wconf 78' lang='lat' dir='ltr'><em>scria</em></span> <span class='ocrx_word' id='word_1_882' title='bbox 1879 2723 1995 2757; x_wconf 81' lang='lat' dir='ltr'><em>statuit</em></span> <span class='ocrx_word' id='word_1_883' title='bbox 2024 2725 2172 2764; x_wconf 68' lang='lat' dir='ltr'><em>iejunare.</em></span> 
     </span>
     <span class='ocr_line' id='line_1_121' title="bbox 1290 2769 2175 2818; baseline 0 -13"><span class='ocrx_word' id='word_1_884' title='bbox 1290 2769 1437 2806; x_wconf 84' lang='lat' dir='ltr'><em>Verbum</em></span> <span class='ocrx_word' id='word_1_885' title='bbox 1451 2795 1462 2811; x_wconf 87' lang='lat'>‚</span> <span class='ocrx_word' id='word_1_886' title='bbox 1489 2773 1626 2812; x_wconf 81' lang='lat' dir='ltr'><em>statuit,</em></span> <span class='ocrx_word' id='word_1_887' title='bbox 1653 2773 1794 2806; x_wconf 87' lang='lat' dir='ltr'><em>infinuat</em></span> <span class='ocrx_word' id='word_1_888' title='bbox 1806 2771 1990 2806; x_wconf 86' lang='lat' dir='ltr'><em>istiusmodi</em></span> <span class='ocrx_word' id='word_1_889' title='bbox 2002 2773 2124 2818; x_wconf 81' lang='lat' dir='ltr'><em>Legem</em></span> <span class='ocrx_word' id='word_1_890' title='bbox 2136 2771 2175 2806; x_wconf 85' lang='lat' dir='ltr'><em>in</em></span> 
     </span>
     <span class='ocr_line' id='line_1_122' title="bbox 1289 2820 2174 2866; baseline -0.001 -10"><span class='ocrx_word' id='word_1_891' title='bbox 1289 2821 1445 2864; x_wconf 84' lang='lat' dir='ltr'><em>Ruspenfi</em></span> <span class='ocrx_word' id='word_1_892' title='bbox 1459 2820 1601 2856; x_wconf 82' lang='lat' dir='ltr'><em>Ecclefia</em></span> <span class='ocrx_word' id='word_1_893' title='bbox 1614 2822 1737 2866; x_wconf 81' lang='lat' dir='ltr'><em>caepiffe</em></span> <span class='ocrx_word' id='word_1_894' title='bbox 1748 2821 1766 2855; x_wconf 74' lang='grc' dir='ltr'>ὲ</span> <span class='ocrx_word' id='word_1_895' title='bbox 1774 2822 1883 2855; x_wconf 73' lang='lat' dir='ltr'><em>sansto</em></span> <span class='ocrx_word' id='word_1_896' title='bbox 1895 2822 2081 2866; x_wconf 76' lang='lat' dir='ltr'><em>Fulgentio.</em></span> <span class='ocrx_word' id='word_1_897' title='bbox 2093 2822 2174 2855; x_wconf 88' lang='lat' dir='ltr'><em>For-</em></span> 
     </span>
     <span class='ocr_line' id='line_1_123' title="bbox 1288 2870 2171 2911; baseline 0.002 -7"><span class='ocrx_word' id='word_1_898' title='bbox 1288 2871 1373 2906; x_wconf 87' lang='lat' dir='ltr'><em>taffis</em></span> <span class='ocrx_word' id='word_1_899' title='bbox 1394 2871 1428 2907; x_wconf 87' lang='lat'>&amp;</span> <span class='ocrx_word' id='word_1_900' title='bbox 1451 2870 1487 2904; x_wconf 86' lang='lat' dir='ltr'><em>in</em></span> <span class='ocrx_word' id='word_1_901' title='bbox 1501 2881 1570 2911; x_wconf 81' lang='lat' dir='ltr'><em>tota</em></span> <span class='ocrx_word' id='word_1_902' title='bbox 1591 2871 1716 2906; x_wconf 84' lang='lat' dir='ltr'><em>Africa.</em></span> <span class='ocrx_word' id='word_1_903' title='bbox 1743 2872 1878 2906; x_wconf 87' lang='lat' dir='ltr'><em>Etenim</em></span> <span class='ocrx_word' id='word_1_904' title='bbox 1899 2871 2011 2907; x_wconf 88' lang='lat' dir='ltr'><em>nullus</em></span> <span class='ocrx_word' id='word_1_905' title='bbox 2026 2872 2171 2906; x_wconf 76' lang='lat' dir='ltr'><em>anterior</em></span> 
     </span>
     <span class='ocr_line' id='line_1_124' title="bbox 1290 2919 2174 2968; baseline 0.001 -13"><span class='ocrx_word' id='word_1_906' title='bbox 1290 2920 1406 2956; x_wconf 80' lang='lat' dir='ltr'><em>Africae</em></span> <span class='ocrx_word' id='word_1_907' title='bbox 1414 2919 1536 2956; x_wconf 84' lang='lat' dir='ltr'><em>Canon</em></span> <span class='ocrx_word' id='word_1_908' title='bbox 1548 2921 1618 2955; x_wconf 89' lang='lat' dir='ltr'><em>istis</em></span> <span class='ocrx_word' id='word_1_909' title='bbox 1637 2920 1782 2967; x_wconf 90' lang='lat' dir='ltr'><em>Legibus</em></span> <span class='ocrx_word' id='word_1_910' title='bbox 1801 2921 1975 2956; x_wconf 84' lang='lat' dir='ltr'><em>attestatur.</em></span> <span class='ocrx_word' id='word_1_911' title='bbox 2008 2919 2174 2968; x_wconf 75' lang='lat' dir='ltr'><em>Quocirca</em></span> 
     </span>
     <span class='ocr_line' id='line_1_125' title="bbox 1289 2969 2173 3017; baseline -0.001 -12"><span class='ocrx_word' id='word_1_912' title='bbox 1289 2969 1337 3005; x_wconf 76' lang='lat' dir='ltr'><em>hae</em></span> <span class='ocrx_word' id='word_1_913' title='bbox 1358 2971 1448 3006; x_wconf 84' lang='lat' dir='ltr'><em>vario</em></span> <span class='ocrx_word' id='word_1_914' title='bbox 1459 2980 1608 3014; x_wconf 90' lang='lat' dir='ltr'><em>ternpore</em></span> <span class='ocrx_word' id='word_1_915' title='bbox 1618 2981 1780 3016; x_wconf 79' lang='lat' dir='ltr'><em>caeperunt</em></span> <span class='ocrx_word' id='word_1_916' title='bbox 1791 2971 1877 3017; x_wconf 86' lang='lat' dir='ltr'><em>apud</em></span> <span class='ocrx_word' id='word_1_917' title='bbox 1892 2972 1992 3006; x_wconf 75' lang='lat' dir='ltr'><em>varias</em></span> <span class='ocrx_word' id='word_1_918' title='bbox 2006 2970 2173 3005; x_wconf 85' lang='lat' dir='ltr'><em>Ecclefias.</em></span> 
     </span>
     <span class='ocr_line' id='line_1_126' title="bbox 1290 3020 2173 3068; baseline 0 -14"><span class='ocrx_word' id='word_1_919' title='bbox 1290 3020 1393 3068; x_wconf 85' lang='lat' dir='ltr'><em>Qod</em></span> <span class='ocrx_word' id='word_1_920' title='bbox 1405 3020 1464 3055; x_wconf 91' lang='lat' dir='ltr'><em>sub</em></span> <span class='ocrx_word' id='word_1_921' title='bbox 1475 3022 1583 3055; x_wconf 73' lang='lat' dir='ltr'><em>sansto</em></span> <span class='ocrx_word' id='word_1_922' title='bbox 1597 3021 1784 3065; x_wconf 86' lang='lat' dir='ltr'><em>Epiphanio</em></span> <span class='ocrx_word' id='word_1_923' title='bbox 1794 3021 1935 3057; x_wconf 81' lang='lat' dir='ltr'><em>necdum</em></span> <span class='ocrx_word' id='word_1_924' title='bbox 1945 3021 2044 3054; x_wconf 77' lang='lat' dir='ltr'><em>eflent</em></span> <span class='ocrx_word' id='word_1_925' title='bbox 2056 3021 2091 3054; x_wconf 85' lang='lat' dir='ltr'><em>in</em></span> <span class='ocrx_word' id='word_1_926' title='bbox 2103 3021 2173 3064; x_wconf 92' lang='lat' dir='ltr'><em>Cy-</em></span> 
     </span>
     <span class='ocr_line' id='line_1_127' title="bbox 1290 3069 2175 3116; baseline 0.002 -12"><span class='ocrx_word' id='word_1_927' title='bbox 1290 3069 1347 3113; x_wconf 89' lang='lat' dir='ltr'><em>pro</em></span> <span class='ocrx_word' id='word_1_928' title='bbox 1362 3095 1372 3110; x_wconf 95' lang='lat'>,</span> <span class='ocrx_word' id='word_1_929' title='bbox 1401 3070 1447 3104; x_wconf 89' lang='lat' dir='ltr'><em>est</em></span> <span class='ocrx_word' id='word_1_930' title='bbox 1461 3072 1553 3114; x_wconf 87' lang='lat' dir='ltr'><em>supra</em></span> <span class='ocrx_word' id='word_1_931' title='bbox 1563 3070 1832 3107; x_wconf 80' lang='lat' dir='ltr'><em>demonstratum.</em></span> <span class='ocrx_word' id='word_1_932' title='bbox 1866 3069 1998 3104; x_wconf 78' lang='lat' dir='ltr'><em>Ethlnc</em></span> <span class='ocrx_word' id='word_1_933' title='bbox 2023 3070 2175 3116; x_wconf 87' lang='lat' dir='ltr'><em>intellige</em></span> 
     </span>
     <span class='ocr_line' id='line_1_128' title="bbox 1290 3119 2175 3161; baseline 0.003 -9"><span class='ocrx_word' id='word_1_934' title='bbox 1290 3119 1457 3155; x_wconf 83' lang='lat' dir='ltr'><em>Praesentis</em></span> <span class='ocrx_word' id='word_1_935' title='bbox 1491 3121 1641 3155; x_wconf 89' lang='lat' dir='ltr'><em>Canonis</em></span> <span class='ocrx_word' id='word_1_936' title='bbox 1667 3121 1781 3156; x_wconf 83' lang='lat' dir='ltr'><em>verba:</em></span> <span class='ocrx_word' id='word_1_937' title='bbox 1807 3125 1880 3153; x_wconf 83' lang='lat' dir='ltr'><em>Non</em></span> <span class='ocrx_word' id='word_1_938' title='bbox 1900 3119 2094 3161; x_wconf 79' lang='lat' dir='ltr'><em>reprehendet</em></span> <span class='ocrx_word' id='word_1_939' title='bbox 2119 3134 2175 3155; x_wconf 83' lang='lat' dir='ltr'><em>nos</em></span> 
     </span>
     <span class='ocr_line' id='line_1_129' title="bbox 1292 3167 2173 3214; baseline 0.002 -12"><span class='ocrx_word' id='word_1_940' title='bbox 1292 3169 1438 3213; x_wconf 86' lang='lat' dir='ltr'><em>quispiam</em></span> <span class='ocrx_word' id='word_1_941' title='bbox 1449 3194 1460 3210; x_wconf 86' lang='lat'>‚</span> <span class='ocrx_word' id='word_1_942' title='bbox 1485 3180 1628 3212; x_wconf 81' lang='lat' dir='ltr'><em>quartam</em></span> <span class='ocrx_word' id='word_1_943' title='bbox 1638 3173 1672 3205; x_wconf 63' lang='lat'><em>&lt;5</em></span> <span class='ocrx_word' id='word_1_944' title='bbox 1677 3170 1798 3214; x_wconf 74' lang='lat' dir='ltr'><em>sextam</em></span> <span class='ocrx_word' id='word_1_945' title='bbox 1802 3170 1918 3212; x_wconf 82' lang='lat' dir='ltr'><em>feriam</em></span> <span class='ocrx_word' id='word_1_946' title='bbox 1939 3167 2133 3212; x_wconf 82' lang='lat' dir='ltr'><em>observantes</em></span> <span class='ocrx_word' id='word_1_947' title='bbox 2160 3196 2173 3212; x_wconf 90' lang='lat'><strong>,</strong></span> 
     </span>
     <span class='ocr_line' id='line_1_130' title="bbox 1295 3219 2173 3264; baseline 0.002 -12"><span class='ocrx_word' id='word_1_948' title='bbox 1295 3226 1327 3253; x_wconf 85' lang='lat' dir='ltr'><em>in</em></span> <span class='ocrx_word' id='word_1_949' title='bbox 1347 3220 1452 3262; x_wconf 76' lang='lat' dir='ltr'><em>quibus</em></span> <span class='ocrx_word' id='word_1_950' title='bbox 1464 3220 1547 3254; x_wconf 87' lang='lat' dir='ltr'><em>nobis</em></span> <span class='ocrx_word' id='word_1_951' title='bbox 1562 3223 1707 3262; x_wconf 67' lang='lat' dir='ltr'><em>jejunare</em></span> <span class='ocrx_word' id='word_1_952' title='bbox 1712 3219 1871 3264; x_wconf 69' lang='lat' dir='ltr'><em>secundum</em></span> <span class='ocrx_word' id='word_1_953' title='bbox 1883 3220 2173 3262; x_wconf 77' lang='lat' dir='ltr'><em>Traditionemprae-</em></span> 
     </span>
     <span class='ocr_line' id='line_1_131' title="bbox 1292 3268 2177 3316; baseline 0.003 -14"><span class='ocrx_word' id='word_1_954' title='bbox 1292 3277 1409 3311; x_wconf 82' lang='lat' dir='ltr'><em>ceptum</em></span> <span class='ocrx_word' id='word_1_955' title='bbox 1432 3269 1477 3310; x_wconf 86' lang='lat' dir='ltr'><em>est.</em></span> <span class='ocrx_word' id='word_1_956' title='bbox 1505 3271 1659 3316; x_wconf 79' lang='lat' dir='ltr'><em>Affirmat</em></span> <span class='ocrx_word' id='word_1_957' title='bbox 1679 3271 1739 3306; x_wconf 84' lang='lat' dir='ltr'><em>tria</em></span> <span class='ocrx_word' id='word_1_958' title='bbox 1750 3294 1760 3310; x_wconf 94' lang='lat'><strong>,</strong></span> <span class='ocrx_word' id='word_1_959' title='bbox 1786 3268 1892 3312; x_wconf 79' lang='lat' dir='ltr'><em>primo</em></span> <span class='ocrx_word' id='word_1_960' title='bbox 1904 3292 1915 3308; x_wconf 87' lang='lat'><strong>,</strong></span> <span class='ocrx_word' id='word_1_961' title='bbox 1941 3269 2031 3312; x_wconf 88' lang='lat' dir='ltr'><em>quod</em></span> <span class='ocrx_word' id='word_1_962' title='bbox 2044 3268 2091 3304; x_wconf 85' lang='lat' dir='ltr'><em>hae</em></span> <span class='ocrx_word' id='word_1_963' title='bbox 2100 3270 2177 3314; x_wconf 70' lang='lat' dir='ltr'><em>Jeju-</em></span> 
     </span>
     <span class='ocr_line' id='line_1_132' title="bbox 1293 3317 2177 3365; baseline 0.005 -13"><span class='ocrx_word' id='word_1_964' title='bbox 1293 3320 1342 3355; x_wconf 90' lang='lat' dir='ltr'><em>nii</em></span> <span class='ocrx_word' id='word_1_965' title='bbox 1363 3320 1467 3363; x_wconf 87' lang='lat' dir='ltr'><em>Leges</em></span> <span class='ocrx_word' id='word_1_966' title='bbox 1486 3330 1567 3354; x_wconf 90' lang='lat' dir='ltr'><em>tunc</em></span> <span class='ocrx_word' id='word_1_967' title='bbox 1576 3318 1678 3354; x_wconf 60' lang='lat' dir='ltr'><em>&#39;essent</em></span> <span class='ocrx_word' id='word_1_968' title='bbox 1699 3318 1784 3362; x_wconf 89' lang='lat' dir='ltr'><em>apud</em></span> <span class='ocrx_word' id='word_1_969' title='bbox 1807 3317 2051 3354; x_wconf 81' lang='lat' dir='ltr'><em>Alexandrinos</em></span> <span class='ocrx_word' id='word_1_970' title='bbox 2077 3330 2177 3365; x_wconf 84' lang='lat' dir='ltr'><em>atque</em></span> 
     </span>
     <span class='ocr_line' id='line_1_133' title="bbox 1294 3367 2178 3414; baseline 0.003 -13"><span class='ocrx_word' id='word_1_971' title='bbox 1294 3369 1489 3414; x_wconf 86' lang='lat' dir='ltr'><em>AEgyptios.</em></span> <span class='ocrx_word' id='word_1_972' title='bbox 1517 3368 1667 3404; x_wconf 70' lang='lat' dir='ltr'><em>secunde·</em></span> <span class='ocrx_word' id='word_1_973' title='bbox 1679 3393 1691 3409; x_wconf 90' lang='lat'>‚</span> <span class='ocrx_word' id='word_1_974' title='bbox 1701 3367 1790 3411; x_wconf 78' lang='lat' dir='ltr'><em>quod</em></span> <span class='ocrx_word' id='word_1_975' title='bbox 1801 3367 1888 3402; x_wconf 84' lang='lat' dir='ltr'><em>istud</em></span> <span class='ocrx_word' id='word_1_976' title='bbox 1901 3367 2103 3413; x_wconf 85' lang='lat' dir='ltr'><em>Praeceptum</em></span> <span class='ocrx_word' id='word_1_977' title='bbox 2125 3371 2178 3405; x_wconf 83' lang='lat' dir='ltr'><em>ist-</em></span> 
     </span>
     <span class='ocr_line' id='line_1_134' title="bbox 1296 3417 2179 3464; baseline 0.005 -13"><span class='ocrx_word' id='word_1_978' title='bbox 1296 3417 1351 3452; x_wconf 84' lang='lat' dir='ltr'><em>hic</em></span> <span class='ocrx_word' id='word_1_979' title='bbox 1372 3420 1495 3464; x_wconf 88' lang='lat' dir='ltr'><em>vigeret</em></span> <span class='ocrx_word' id='word_1_980' title='bbox 1504 3431 1546 3453; x_wconf 83' lang='lat' dir='ltr'><em>ex</em></span> <span class='ocrx_word' id='word_1_981' title='bbox 1554 3420 1689 3462; x_wconf 87' lang='lat' dir='ltr'><em>antiqua</em></span> <span class='ocrx_word' id='word_1_982' title='bbox 1699 3417 1908 3452; x_wconf 79' lang='lat' dir='ltr'><em>Traditione.</em></span> <span class='ocrx_word' id='word_1_983' title='bbox 1929 3418 2050 3453; x_wconf 80' lang='lat' dir='ltr'><em>Tertio</em></span> <span class='ocrx_word' id='word_1_984' title='bbox 2063 3444 2075 3460; x_wconf 90' lang='lat'><strong>,</strong></span> <span class='ocrx_word' id='word_1_985' title='bbox 2085 3420 2179 3463; x_wconf 85' lang='lat' dir='ltr'><em>quod</em></span> 
     </span>
    </p>
   </div>
   <div class='ocr_carea' id='block_1_6' title="bbox 2214 2642 2242 2678">
    <p class='ocr_par' dir='ltr' id='par_1_8' title="bbox 2214 2642 2242 2678">
     <span class='ocr_line' id='line_1_135' title="bbox 2214 2642 2242 2678; baseline 0 -10"><span class='ocrx_word' id='word_1_986' title='bbox 2214 2642 2242 2678; x_wconf 61' lang='lat'><em>93</em></span> 
     </span>
    </p>
   </div>
   <div class='ocr_carea' id='block_1_7' title="bbox 314 3455 2180 3526">
    <p class='ocr_par' dir='ltr' id='par_1_9' title="bbox 314 3455 2180 3526">
     <span class='ocr_line' id='line_1_136' title="bbox 314 3455 2180 3526; baseline 0.001 -24"><span class='ocrx_word' id='word_1_987' title='bbox 314 3456 327 3464; x_wconf 40' lang='lat'><strong><em>³</em></strong></span> <span class='ocrx_word' id='word_1_988' title='bbox 360 3465 406 3504; x_wconf 80' lang='lat' dir='ltr'><em>Et</em></span> <span class='ocrx_word' id='word_1_989' title='bbox 423 3463 483 3501; x_wconf 77' lang='lat' dir='ltr'><em>illo</em></span> <span class='ocrx_word' id='word_1_990' title='bbox 511 3473 657 3510; x_wconf 75' lang='lat' dir='ltr'><em>tempore</em></span> <span class='ocrx_word' id='word_1_991' title='bbox 677 3475 744 3501; x_wconf 83' lang='lat' dir='ltr'><em>erat</em></span> <span class='ocrx_word' id='word_1_992' title='bbox 766 3467 1017 3504; x_wconf 74' lang='lat' dir='ltr'><em>numerosissime</em></span> <span class='ocrx_word' id='word_1_993' title='bbox 1029 3461 1234 3517; x_wconf 68' lang='lat' dir='ltr'><em>amplificata.</em></span> <span class='ocrx_word' id='word_1_994' title='bbox 1277 3455 1430 3526; x_wconf 65' lang='lat' dir='ltr'><em>{quidam</em></span> <span class='ocrx_word' id='word_1_995' title='bbox 1451 3469 1506 3505; x_wconf 80' lang='lat' dir='ltr'><em>isti</em></span> <span class='ocrx_word' id='word_1_996' title='bbox 1517 3469 1599 3515; x_wconf 86' lang='lat' dir='ltr'><em>Legi</em></span> <span class='ocrx_word' id='word_1_997' title='bbox 1609 3468 1868 3505; x_wconf 83' lang='lat' dir='ltr'><em>adversarentur:</em></span> <span class='ocrx_word' id='word_1_998' title='bbox 1896 3466 1983 3506; x_wconf 83' lang='lat' dir='ltr'><em>haud</em></span> <span class='ocrx_word' id='word_1_999' title='bbox 1996 3469 2095 3506; x_wconf 76' lang='lat' dir='ltr'><em>dubie</em></span> <span class='ocrx_word' id='word_1_1000' title='bbox 2108 3481 2180 3513; x_wconf 80' lang='lat' dir='ltr'><em>pro-</em></span> 
     </span>
    </p>
   </div>
   <div class='ocr_carea' id='block_1_8' title="bbox 1277 3518 2182 3555">
    <p class='ocr_par' dir='ltr' id='par_1_10' title="bbox 1277 3518 2182 3555">
     <span class='ocr_line' id='line_1_137' title="bbox 1277 3518 2182 3555; baseline 0.011 -10"><span class='ocrx_word' id='word_1_1001' title='bbox 1277 3527 1283 3545; x_wconf 73' lang='lat' dir='ltr'><em>i</em></span> <span class='ocrx_word' id='word_1_1002' title='bbox 2116 3518 2182 3555; x_wconf 59' lang='lat' dir='ltr'><em>cla·</em></span> 
     </span>
    </p>
   </div>
  </div>
 </body>
</html>
