<?xml version="1.0" encoding="UTF-8"?>
<!DOCTYPE html PUBLIC "-//W3C//DTD XHTML 1.0 Transitional//EN"
    "http://www.w3.org/TR/xhtml1/DTD/xhtml1-transitional.dtd">
<html xmlns="http://www.w3.org/1999/xhtml" xml:lang="en" lang="en">
 <head>
  <title>
</title>
<meta http-equiv="Content-Type" content="text/html;charset=utf-8" />
  <meta name='ocr-system' content='tesseract 3.04.00' />
  <meta name='ocr-capabilities' content='ocr_page ocr_carea ocr_par ocr_line ocrx_word'/>
</head>
<body>
  <div class='ocr_page' id='page_1' title='image "./operaomniastudio01lupuuoft_0415.png"; bbox 0 0 2346 3776; ppageno 0'>
   <div class='ocr_carea' id='block_1_1' title="bbox 643 109 1656 166">
    <p class='ocr_par' dir='ltr' id='par_1_1' title="bbox 643 109 1656 166">
     <span class='ocr_line' id='line_1_1' title="bbox 643 109 1656 166; baseline -0.001 -13"><span class='ocrx_word' id='word_1_1' title='bbox 643 109 950 166; x_wconf 66' lang='lat' dir='ltr'><em>Scnotus,</em></span> <span class='ocrx_word' id='word_1_2' title='bbox 985 124 1049 153; x_wconf 72' lang='lat' dir='ltr'><em>ET</em></span> <span class='ocrx_word' id='word_1_3' title='bbox 1085 122 1255 154; x_wconf 70' lang='lat' dir='ltr'><em>nous</em></span> <span class='ocrx_word' id='word_1_4' title='bbox 1291 122 1656 156; x_wconf 66' lang='lat' dir='ltr'><em>utus-rimu.</em></span> 
     </span>
    </p>
   </div>
   <div class='ocr_carea' id='block_1_2' title="bbox 216 191 1131 1438">
    <p class='ocr_par' dir='ltr' id='par_1_2' title="bbox 246 191 1127 279">
     <span class='ocr_line' id='line_1_2' title="bbox 246 191 1127 237; baseline -0.003 -7"><span class='ocrx_word' id='word_1_5' title='bbox 246 206 320 230; x_wconf 77' lang='lat' dir='ltr'><em>rum</em></span> <span class='ocrx_word' id='word_1_6' title='bbox 341 194 503 230; x_wconf 82' lang='lat' dir='ltr'><em>unionem</em></span> <span class='ocrx_word' id='word_1_7' title='bbox 513 191 548 230; x_wconf 89' lang='lat' dir='ltr'><em>in</em></span> <span class='ocrx_word' id='word_1_8' title='bbox 559 192 675 227; x_wconf 86' lang='lat' dir='ltr'><em>eadem</em></span> <span class='ocrx_word' id='word_1_9' title='bbox 695 191 857 237; x_wconf 83' lang='lat' dir='ltr'><em>hypostafi</em></span> <span class='ocrx_word' id='word_1_10' title='bbox 867 193 933 232; x_wconf 76' lang='lat' dir='ltr'><em>sine</em></span> <span class='ocrx_word' id='word_1_11' title='bbox 945 195 1038 230; x_wconf 86' lang='lat' dir='ltr'><em>omni</em></span> <span class='ocrx_word' id='word_1_12' title='bbox 1051 205 1127 229; x_wconf 92' lang='lat' dir='ltr'><em>con-</em></span> 
     </span>
     <span class='ocr_line' id='line_1_3' title="bbox 250 246 393 279; baseline -0.007 -1"><span class='ocrx_word' id='word_1_13' title='bbox 250 246 393 279; x_wconf 73' lang='lat' dir='ltr'><em>fusione.</em></span> 
     </span>
    </p>

    <p class='ocr_par' dir='ltr' id='par_1_3' title="bbox 243 292 1131 1077">
     <span class='ocr_line' id='line_1_4' title="bbox 296 292 1126 338; baseline -0.001 -9"><span class='ocrx_word' id='word_1_14' title='bbox 296 293 490 338; x_wconf 87' lang='lat' dir='ltr'>Respondet</span> <span class='ocrx_word' id='word_1_15' title='bbox 511 292 599 329; x_wconf 83' lang='lat' dir='ltr'><em>&amp;ad</em></span> <span class='ocrx_word' id='word_1_16' title='bbox 621 292 797 328; x_wconf 88' lang='lat' dir='ltr'><em>secundam</em></span> <span class='ocrx_word' id='word_1_17' title='bbox 808 293 843 328; x_wconf 87' lang='lat' dir='ltr'><em>in</em></span> <span class='ocrx_word' id='word_1_18' title='bbox 867 292 951 329; x_wconf 89' lang='lat' dir='ltr'><em>libro</em></span> <span class='ocrx_word' id='word_1_19' title='bbox 978 295 1019 329; x_wconf 87' lang='lat' dir='ltr'><em>ad</em></span> <span class='ocrx_word' id='word_1_20' title='bbox 1042 295 1126 328; x_wconf 85' lang='lat' dir='ltr'><em>Evo-</em></span> 
     </span>
     <span class='ocr_line' id='line_1_5' title="bbox 246 341 1128 388; baseline 0 -11"><span class='ocrx_word' id='word_1_21' title='bbox 246 344 355 388; x_wconf 86' lang='lat' dir='ltr'><em>ptium</em></span> <span class='ocrx_word' id='word_1_22' title='bbox 391 341 614 378; x_wconf 84' lang='lat' dir='ltr'><em>Ptolomaidis</em></span> <span class='ocrx_word' id='word_1_23' title='bbox 633 342 835 388; x_wconf 85' lang='lat' dir='ltr'>Episcopum</span> <span class='ocrx_word' id='word_1_24' title='bbox 860 356 867 376; x_wconf 76' lang='grc' dir='ltr'>ε</span> <span class='ocrx_word' id='word_1_25' title='bbox 909 343 1128 388; x_wconf 65' lang='lat' dir='ltr'><em>Anatbematisl</em></span> 
     </span>
     <span class='ocr_line' id='line_1_6' title="bbox 247 391 1129 439; baseline 0.001 -12"><span class='ocrx_word' id='word_1_26' title='bbox 247 405 314 427; x_wconf 87' lang='lat' dir='ltr'><em>mus</em></span> <span class='ocrx_word' id='word_1_27' title='bbox 334 391 433 436; x_wconf 82' lang='lat' dir='ltr'><em>afferit</em></span> <span class='ocrx_word' id='word_1_28' title='bbox 456 394 582 430; x_wconf 85' lang='lat' dir='ltr'><em>verbum</em></span> <span class='ocrx_word' id='word_1_29' title='bbox 604 396 784 429; x_wconf 80' lang='lat' dir='ltr'><em>naturaliter</em></span> <span class='ocrx_word' id='word_1_30' title='bbox 809 418 820 435; x_wconf 93' lang='lat'>,</span> <span class='ocrx_word' id='word_1_31' title='bbox 846 392 897 428; x_wconf 85' lang='lat' dir='ltr'><em>boc</em></span> <span class='ocrx_word' id='word_1_32' title='bbox 922 393 977 435; x_wconf 85' lang='lat' dir='ltr'><em>est,</em></span> <span class='ocrx_word' id='word_1_33' title='bbox 1007 407 1064 428; x_wconf 87' lang='lat' dir='ltr'><em>non</em></span> <span class='ocrx_word' id='word_1_34' title='bbox 1084 393 1129 439; x_wconf 69' lang='lat' dir='ltr'><em>Je-</em></span> 
     </span>
     <span class='ocr_line' id='line_1_7' title="bbox 246 441 1130 490; baseline 0 -13"><span class='ocrx_word' id='word_1_35' title='bbox 246 443 373 477; x_wconf 72' lang='lat' dir='ltr'><em>cundum</em></span> <span class='ocrx_word' id='word_1_36' title='bbox 390 441 486 486; x_wconf 74' lang='lat' dir='ltr'><em>fi’lam</em></span> <span class='ocrx_word' id='word_1_37' title='bbox 507 445 706 490; x_wconf 75' lang='lat' dir='ltr'><em>dignitatem,</em></span> <span class='ocrx_word' id='word_1_38' title='bbox 735 444 942 479; x_wconf 68' lang='lat' dir='ltr'><em>auHoritatem</em></span> <span class='ocrx_word' id='word_1_39' title='bbox 967 469 978 485; x_wconf 91' lang='lat'><strong><em>,</em></strong></span> <span class='ocrx_word' id='word_1_40' title='bbox 1004 447 1130 479; x_wconf 83' lang='lat' dir='ltr'><em>eandem</em></span> 
     </span>
     <span class='ocr_line' id='line_1_8' title="bbox 243 492 1131 537; baseline 0.001 -12"><span class='ocrx_word' id='word_1_41' title='bbox 243 492 399 535; x_wconf 74' lang='lat' dir='ltr'><em>ffliationis</em></span> <span class='ocrx_word' id='word_1_42' title='bbox 433 500 661 531; x_wconf 76' lang='lat' dir='ltr'><em>nominationem</em></span> <span class='ocrx_word' id='word_1_43' title='bbox 682 519 692 535; x_wconf 93' lang='lat'>,</span> <span class='ocrx_word' id='word_1_44' title='bbox 728 495 781 527; x_wconf 87' lang='lat' dir='ltr'><em>vel</em></span> <span class='ocrx_word' id='word_1_45' title='bbox 800 495 895 528; x_wconf 88' lang='lat' dir='ltr'><em>aliam</em></span> <span class='ocrx_word' id='word_1_46' title='bbox 915 501 1055 537; x_wconf 85' lang='lat' dir='ltr'><em>quamvis</em></span> <span class='ocrx_word' id='word_1_47' title='bbox 1079 495 1131 528; x_wconf 58' lang='lat' dir='ltr'><em>ha,</em></span> 
     </span>
     <span class='ocr_line' id='line_1_9' title="bbox 247 542 1130 587; baseline 0 -11"><span class='ocrx_word' id='word_1_48' title='bbox 247 542 414 578; x_wconf 70' lang='lat' dir='ltr'><em>hirudinem</em></span> <span class='ocrx_word' id='word_1_49' title='bbox 431 569 441 584; x_wconf 95' lang='lat'><strong><em>,</em></strong></span> <span class='ocrx_word' id='word_1_50' title='bbox 462 542 522 587; x_wconf 89' lang='lat' dir='ltr'><em>sed</em></span> <span class='ocrx_word' id='word_1_51' title='bbox 540 546 612 583; x_wconf 66' lang='lat' dir='ltr'><em>vere</em></span> <span class='ocrx_word' id='word_1_52' title='bbox 635 550 752 583; x_wconf 81' lang='lat' dir='ltr'><em>unitum</em></span> <span class='ocrx_word' id='word_1_53' title='bbox 769 542 887 587; x_wconf 61' lang='lat' dir='ltr'><em>santqae</em></span> <span class='ocrx_word' id='word_1_54' title='bbox 912 551 996 578; x_wconf 83' lang='lat' dir='ltr'><em>carni</em></span> <span class='ocrx_word' id='word_1_55' title='bbox 1008 545 1130 580; x_wconf 82' lang='lat' dir='ltr'><em>habenti</em></span> 
     </span>
     <span class='ocr_line' id='line_1_10' title="bbox 248 594 1129 638; baseline 0.006 -14"><span class='ocrx_word' id='word_1_56' title='bbox 248 594 424 627; x_wconf 77' lang='lat' dir='ltr'><em>rationalem</em></span> <span class='ocrx_word' id='word_1_57' title='bbox 448 600 582 630; x_wconf 72' lang='lat' dir='ltr'><em>animam</em></span> <span class='ocrx_word' id='word_1_58' title='bbox 596 618 606 634; x_wconf 93' lang='lat'>,</span> <span class='ocrx_word' id='word_1_59' title='bbox 633 596 711 629; x_wconf 87' lang='lat' dir='ltr'><em>nullo</em></span> <span class='ocrx_word' id='word_1_60' title='bbox 730 595 814 627; x_wconf 88' lang='lat' dir='ltr'><em>modo</em></span> <span class='ocrx_word' id='word_1_61' title='bbox 836 595 1037 638; x_wconf 77' lang='lat' dir='ltr'><em>dividendum</em></span> <span class='ocrx_word' id='word_1_62' title='bbox 1056 596 1107 638; x_wconf 82' lang='lat' dir='ltr'><em>esse</em></span> <span class='ocrx_word' id='word_1_63' title='bbox 1120 619 1129 634; x_wconf 91' lang='lat'>,</span> 
     </span>
     <span class='ocr_line' id='line_1_11' title="bbox 248 644 1130 691; baseline 0.003 -16"><span class='ocrx_word' id='word_1_64' title='bbox 248 654 285 675; x_wconf 89' lang='lat' dir='ltr'><em>ne</em></span> <span class='ocrx_word' id='word_1_65' title='bbox 307 644 381 677; x_wconf 87' lang='lat' dir='ltr'><em>duos</em></span> <span class='ocrx_word' id='word_1_66' title='bbox 401 649 598 691; x_wconf 76' lang='lat' dir='ltr'><em>imaginemur</em></span> <span class='ocrx_word' id='word_1_67' title='bbox 608 645 685 687; x_wconf 71' lang='lat' dir='ltr'><em>filios</em></span> <span class='ocrx_word' id='word_1_68' title='bbox 698 669 708 684; x_wconf 92' lang='lat'><strong><em>,</em></strong></span> <span class='ocrx_word' id='word_1_69' title='bbox 735 645 992 686; x_wconf 62' lang='lat' dir='ltr'><em>&amp;impartibilem</em></span> <span class='ocrx_word' id='word_1_70' title='bbox 1010 652 1130 687; x_wconf 86' lang='lat' dir='ltr'><em>partia-</em></span> 
     </span>
     <span class='ocr_line' id='line_1_12' title="bbox 248 693 1129 734; baseline 0.002 -8"><span class='ocrx_word' id='word_1_71' title='bbox 248 705 333 730; x_wconf 81' lang='lat' dir='ltr'><em>mur.</em></span> <span class='ocrx_word' id='word_1_72' title='bbox 365 693 543 730; x_wconf 84' lang='lat' dir='ltr'><em>Unionem</em></span> <span class='ocrx_word' id='word_1_73' title='bbox 560 695 739 730; x_wconf 81' lang='lat' dir='ltr'>naturalem</span> <span class='ocrx_word' id='word_1_74' title='bbox 752 695 815 728; x_wconf 77' lang='lat' dir='ltr'><em>esse</em></span> <span class='ocrx_word' id='word_1_75' title='bbox 829 695 909 734; x_wconf 83' lang='lat' dir='ltr'><em>dicit</em></span> <span class='ocrx_word' id='word_1_76' title='bbox 931 696 998 729; x_wconf 85' lang='lat' dir='ltr'><em>fine</em></span> <span class='ocrx_word' id='word_1_77' title='bbox 1013 696 1129 728; x_wconf 91' lang='lat' dir='ltr'><em>confu-</em></span> 
     </span>
     <span class='ocr_line' id='line_1_13' title="bbox 248 742 1129 788; baseline 0.002 -12"><span class='ocrx_word' id='word_1_78' title='bbox 248 743 340 777; x_wconf 75' lang='lat' dir='ltr'><em>sione</em></span> <span class='ocrx_word' id='word_1_79' title='bbox 354 755 482 785; x_wconf 86' lang='lat' dir='ltr'><em>veram,</em></span> <span class='ocrx_word' id='word_1_80' title='bbox 510 744 719 788; x_wconf 83' lang='lat' dir='ltr'><em>ostenditque</em></span> <span class='ocrx_word' id='word_1_81' title='bbox 742 742 997 786; x_wconf 61' lang='lat' dir='ltr'><em>Theodoeetum</em></span> <span class='ocrx_word' id='word_1_82' title='bbox 1015 769 1026 785; x_wconf 92' lang='lat'>‚</span> <span class='ocrx_word' id='word_1_83' title='bbox 1052 745 1129 788; x_wconf 90' lang='lat' dir='ltr'>Epi-</span> 
     </span>
     <span class='ocr_line' id='line_1_14' title="bbox 246 794 1127 839; baseline 0.001 -13"><span class='ocrx_word' id='word_1_84' title='bbox 246 794 380 836; x_wconf 84' lang='lat' dir='ltr'>scopum</span> <span class='ocrx_word' id='word_1_85' title='bbox 402 795 568 839; x_wconf 85' lang='lat' dir='ltr'><em>infigniter</em></span> <span class='ocrx_word' id='word_1_86' title='bbox 585 795 719 830; x_wconf 62' lang='lat' dir='ltr'><em>doctum</em></span> <span class='ocrx_word' id='word_1_87' title='bbox 731 817 741 837; x_wconf 78' lang='lat'>‚</span> <span class='ocrx_word' id='word_1_88' title='bbox 771 794 937 837; x_wconf 82' lang='lat' dir='ltr'><strong>pueriliter</strong></span> <span class='ocrx_word' id='word_1_89' title='bbox 949 820 959 835; x_wconf 94' lang='lat'><strong><em>,</em></strong></span> <span class='ocrx_word' id='word_1_90' title='bbox 986 794 1127 839; x_wconf 79' lang='lat' dir='ltr'><em>frigide,</em></span> 
     </span>
     <span class='ocr_line' id='line_1_15' title="bbox 248 843 1128 926; baseline 0.002 -50"><span class='ocrx_word' id='word_1_91' title='bbox 248 843 387 888; x_wconf 76' lang='lat' dir='ltr'><em>indigne</em></span> <span class='ocrx_word' id='word_1_92' title='bbox 398 843 526 880; x_wconf 88' lang='lat' dir='ltr'>deviare</span> <span class='ocrx_word' id='word_1_93' title='bbox 538 869 545 876; x_wconf 93' lang='lat'>.</span> <span class='ocrx_word' id='word_1_94' title='bbox 573 845 661 926; x_wconf 47' lang='grc' dir='ltr'><em>(ἧψε</em></span> <span class='ocrx_word' id='word_1_95' title='bbox 671 845 762 883; x_wconf 82' lang='lat' dir='ltr'><em>enim</em></span> <span class='ocrx_word' id='word_1_96' title='bbox 777 845 856 877; x_wconf 88' lang='lat' dir='ltr'><em>ferat</em></span> <span class='ocrx_word' id='word_1_97' title='bbox 867 856 969 881; x_wconf 86' lang='lat' dir='ltr'><em>omne</em></span> <span class='ocrx_word' id='word_1_98' title='bbox 982 844 1128 883; x_wconf 78' lang='lat' dir='ltr'><em>naturale</em></span> 
     </span>
     <span class='ocr_line' id='line_1_16' title="bbox 247 894 1130 935; baseline 0 -8"><span class='ocrx_word' id='word_1_99' title='bbox 247 894 310 927; x_wconf 80' lang='lat' dir='ltr'><em>effe</em></span> <span class='ocrx_word' id='word_1_100' title='bbox 331 895 478 929; x_wconf 68' lang='lat' dir='ltr'><em>coastum</em></span> <span class='ocrx_word' id='word_1_101' title='bbox 490 895 525 928; x_wconf 72' lang='grc' dir='ltr'><em>ὅ(</em></span> <span class='ocrx_word' id='word_1_102' title='bbox 548 895 603 928; x_wconf 91' lang='lat' dir='ltr'><em>vio</em></span> <span class='ocrx_word' id='word_1_103' title='bbox 616 895 755 931; x_wconf 82' lang='lat' dir='ltr'><em>entum?</em></span> <span class='ocrx_word' id='word_1_104' title='bbox 780 896 905 927; x_wconf 80' lang='lat' dir='ltr'><em>Etenim</em></span> <span class='ocrx_word' id='word_1_105' title='bbox 917 898 998 928; x_wconf 85' lang='lat' dir='ltr'><em>Deus</em></span> <span class='ocrx_word' id='word_1_106' title='bbox 1017 895 1056 935; x_wconf 86' lang='lat' dir='ltr'><em>est</em></span> <span class='ocrx_word' id='word_1_107' title='bbox 1076 907 1130 928; x_wconf 86' lang='lat' dir='ltr'><em>na-</em></span> 
     </span>
     <span class='ocr_line' id='line_1_17' title="bbox 247 943 1128 991; baseline 0.003 -16"><span class='ocrx_word' id='word_1_108' title='bbox 247 943 388 976; x_wconf 83' lang='lat' dir='ltr'><em>turaliter</em></span> <span class='ocrx_word' id='word_1_109' title='bbox 413 946 496 976; x_wconf 88' lang='lat' dir='ltr'><em>Deus</em></span> <span class='ocrx_word' id='word_1_110' title='bbox 517 968 529 985; x_wconf 90' lang='lat'><strong>,</strong></span> <span class='ocrx_word' id='word_1_111' title='bbox 548 943 676 987; x_wconf 55' lang='lat' dir='ltr'><em>sanstus</em></span> <span class='ocrx_word' id='word_1_112' title='bbox 703 970 713 985; x_wconf 93' lang='lat'>,</span> <span class='ocrx_word' id='word_1_113' title='bbox 726 944 826 989; x_wconf 71' lang='lat' dir='ltr'><em>Juflus</em></span> <span class='ocrx_word' id='word_1_114' title='bbox 848 969 859 985; x_wconf 91' lang='lat'>,</span> <span class='ocrx_word' id='word_1_115' title='bbox 884 945 977 978; x_wconf 88' lang='lat' dir='ltr'><em>bonus</em></span> <span class='ocrx_word' id='word_1_116' title='bbox 1000 970 1011 991; x_wconf 56' lang='lat'><em>2</em></span> <span class='ocrx_word' id='word_1_117' title='bbox 1037 950 1128 985; x_wconf 81' lang='lat' dir='ltr'><em>vita,</em></span> 
     </span>
     <span class='ocr_line' id='line_1_18' title="bbox 246 990 1127 1038; baseline 0.003 -13"><span class='ocrx_word' id='word_1_118' title='bbox 246 993 322 1032; x_wconf 82' lang='lat' dir='ltr'><em>lux,</em></span> <span class='ocrx_word' id='word_1_119' title='bbox 330 990 506 1035; x_wconf 77' lang='lat' dir='ltr'><em>sapientia,</em></span> <span class='ocrx_word' id='word_1_120' title='bbox 527 1000 648 1031; x_wconf 77' lang='lat' dir='ltr'><em>virtus:</em></span> <span class='ocrx_word' id='word_1_121' title='bbox 672 1000 779 1038; x_wconf 79' lang='lat' dir='ltr'><em>Neque</em></span> <span class='ocrx_word' id='word_1_122' title='bbox 788 1004 891 1036; x_wconf 79' lang='lat' dir='ltr'><em>tamen</em></span> <span class='ocrx_word' id='word_1_123' title='bbox 895 1004 1011 1038; x_wconf 83' lang='lat' dir='ltr'><em>praeter</em></span> <span class='ocrx_word' id='word_1_124' title='bbox 1024 996 1127 1035; x_wconf 78' lang='lat' dir='ltr'><em>volun-</em></span> 
     </span>
     <span class='ocr_line' id='line_1_19' title="bbox 246 1043 512 1077; baseline 0.008 -3"><span class='ocrx_word' id='word_1_125' title='bbox 246 1050 342 1076; x_wconf 80' lang='lat' dir='ltr'><em>tatem</em></span> <span class='ocrx_word' id='word_1_126' title='bbox 355 1044 388 1076; x_wconf 63' lang='lat' dir='ltr'><em>eb·</em></span> <span class='ocrx_word' id='word_1_127' title='bbox 399 1043 512 1077; x_wconf 69' lang='lat' dir='ltr'><em>walle.</em></span> 
     </span>
    </p>

    <p class='ocr_par' dir='ltr' id='par_1_4' title="bbox 248 1093 1129 1190">
     <span class='ocr_line' id='line_1_20' title="bbox 298 1093 1128 1140; baseline 0.004 -14"><span class='ocrx_word' id='word_1_128' title='bbox 298 1093 445 1140; x_wconf 76' lang='lat' dir='ltr'><em>Qaestio</em></span> <span class='ocrx_word' id='word_1_129' title='bbox 465 1095 573 1139; x_wconf 86' lang='lat' dir='ltr'><em>gravis</em></span> <span class='ocrx_word' id='word_1_130' title='bbox 583 1095 629 1128; x_wconf 88' lang='lat' dir='ltr'><em>est</em></span> <span class='ocrx_word' id='word_1_131' title='bbox 643 1120 654 1136; x_wconf 93' lang='lat'>,</span> <span class='ocrx_word' id='word_1_132' title='bbox 682 1095 856 1137; x_wconf 85' lang='lat' dir='ltr'><em>quomodo</em></span> <span class='ocrx_word' id='word_1_133' title='bbox 868 1097 1004 1134; x_wconf 67' lang='lat' dir='ltr'><em>Sausius</em></span> <span class='ocrx_word' id='word_1_134' title='bbox 1017 1097 1128 1139; x_wconf 85' lang='lat' dir='ltr'><em>Cytil-</em></span> 
     </span>
     <span class='ocr_line' id='line_1_21' title="bbox 248 1143 1129 1190; baseline 0.005 -14"><span class='ocrx_word' id='word_1_135' title='bbox 248 1143 299 1176; x_wconf 89' lang='lat' dir='ltr'><em>lus</em></span> <span class='ocrx_word' id='word_1_136' title='bbox 318 1144 406 1178; x_wconf 85' lang='lat' dir='ltr'><em>dicat</em></span> <span class='ocrx_word' id='word_1_137' title='bbox 419 1145 454 1177; x_wconf 88' lang='lat' dir='ltr'><em>in</em></span> <span class='ocrx_word' id='word_1_138' title='bbox 467 1144 602 1190; x_wconf 78' lang='lat' dir='ltr'><em>Christo</em></span> <span class='ocrx_word' id='word_1_139' title='bbox 618 1146 771 1184; x_wconf 86' lang='lat' dir='ltr'><em>Domino</em></span> <span class='ocrx_word' id='word_1_140' title='bbox 783 1147 894 1182; x_wconf 80' lang='lat' dir='ltr'><em>unitas</em></span> <span class='ocrx_word' id='word_1_141' title='bbox 916 1159 985 1181; x_wconf 93' lang='lat' dir='ltr'><em>non</em></span> <span class='ocrx_word' id='word_1_142' title='bbox 1008 1147 1129 1181; x_wconf 88' lang='lat' dir='ltr'><em>solum-</em></span> 
     </span>
    </p>

    <p class='ocr_par' dir='ltr' id='par_1_5' title="bbox 216 1192 1128 1438">
     <span class='ocr_line' id='line_1_22' title="bbox 216 1192 1127 1245; baseline 0.001 -16"><span class='ocrx_word' id='word_1_143' title='bbox 216 1226 218 1229; x_wconf 90' lang='lat'>.</span> <span class='ocrx_word' id='word_1_144' title='bbox 248 1192 352 1227; x_wconf 78' lang='lat' dir='ltr'><em>m&#39;odo</em></span> <span class='ocrx_word' id='word_1_145' title='bbox 378 1204 531 1235; x_wconf 78' lang='lat' dir='ltr'><em>naturas,</em></span> <span class='ocrx_word' id='word_1_146' title='bbox 560 1195 614 1229; x_wconf 91' lang='lat' dir='ltr'><em>sed</em></span> <span class='ocrx_word' id='word_1_147' title='bbox 634 1195 763 1239; x_wconf 79' lang='lat' dir='ltr'><em>&amp;ipsas</em></span> <span class='ocrx_word' id='word_1_148' title='bbox 784 1196 1018 1236; x_wconf 67' lang='lat' dir='ltr'><em>subsistentias,</em></span> <span class='ocrx_word' id='word_1_149' title='bbox 1045 1197 1127 1245; x_wconf 82' lang='lat' dir='ltr'><em>Qo</em></span> 
     </span>
     <span class='ocr_line' id='line_1_23' title="bbox 248 1244 1128 1286; baseline 0.007 -11"><span class='ocrx_word' id='word_1_150' title='bbox 248 1244 407 1284; x_wconf 87' lang='lat' dir='ltr'><em>loquendi</em></span> <span class='ocrx_word' id='word_1_151' title='bbox 431 1245 534 1279; x_wconf 91' lang='lat' dir='ltr'><em>modo</em></span> <span class='ocrx_word' id='word_1_152' title='bbox 557 1247 661 1286; x_wconf 88' lang='lat' dir='ltr'><em>utitur</em></span> <span class='ocrx_word' id='word_1_153' title='bbox 685 1247 786 1280; x_wconf 88' lang='lat' dir='ltr'><em>etiam</em></span> <span class='ocrx_word' id='word_1_154' title='bbox 811 1248 846 1280; x_wconf 87' lang='lat' dir='ltr'><em>in</em></span> <span class='ocrx_word' id='word_1_155' title='bbox 867 1246 952 1280; x_wconf 88' lang='lat' dir='ltr'><em>libro</em></span> <span class='ocrx_word' id='word_1_156' title='bbox 978 1246 1019 1280; x_wconf 82' lang='lat' dir='ltr'><em>ad</em></span> <span class='ocrx_word' id='word_1_157' title='bbox 1045 1246 1128 1281; x_wconf 82' lang='lat' dir='ltr'><em>Evo—</em></span> 
     </span>
     <span class='ocr_line' id='line_1_24' title="bbox 246 1293 1128 1345; baseline 0.005 -19"><span class='ocrx_word' id='word_1_158' title='bbox 246 1293 352 1345; x_wconf 84' lang='lat' dir='ltr'><em>ptium</em></span> <span class='ocrx_word' id='word_1_159' title='bbox 375 1294 576 1339; x_wconf 81' lang='lat' dir='ltr'>Episcopum</span> <span class='ocrx_word' id='word_1_160' title='bbox 598 1296 749 1337; x_wconf 66' lang='lat' dir='ltr'><em>adversus</em></span> <span class='ocrx_word' id='word_1_161' title='bbox 771 1297 953 1331; x_wconf 79' lang='lat' dir='ltr'>calumnias</span> <span class='ocrx_word' id='word_1_162' title='bbox 970 1295 1128 1330; x_wconf 89' lang='lat' dir='ltr'><em>Theodo-</em></span> 
     </span>
     <span class='ocr_line' id='line_1_25' title="bbox 244 1344 1127 1389; baseline 0.003 -13"><span class='ocrx_word' id='word_1_163' title='bbox 244 1344 326 1385; x_wconf 68' lang='lat' dir='ltr'><em>reti.</em></span> <span class='ocrx_word' id='word_1_164' title='bbox 353 1346 440 1387; x_wconf 77' lang='lat' dir='ltr'><em>,Quia</em></span> <span class='ocrx_word' id='word_1_165' title='bbox 463 1351 509 1377; x_wconf 80' lang='lat' dir='ltr'><em>ait</em></span> <span class='ocrx_word' id='word_1_166' title='bbox 520 1345 755 1382; x_wconf 80' lang='lat' dir='ltr'><em>Theodoretus</em></span> <span class='ocrx_word' id='word_1_167' title='bbox 778 1349 868 1381; x_wconf 74' lang='lat' dir='ltr'><em>eiDei</em></span> <span class='ocrx_word' id='word_1_168' title='bbox 880 1346 986 1387; x_wconf 83' lang='lat' dir='ltr'><em>forma</em></span> <span class='ocrx_word' id='word_1_169' title='bbox 1011 1346 1127 1389; x_wconf 88' lang='lat' dir='ltr'><em>adsum-</em></span> 
     </span>
     <span class='ocr_line' id='line_1_26' title="bbox 245 1392 1128 1438; baseline 0.003 -13"><span class='ocrx_word' id='word_1_170' title='bbox 245 1400 336 1434; x_wconf 80' lang='lat' dir='ltr'><em>ptam</em></span> <span class='ocrx_word' id='word_1_171' title='bbox 351 1392 437 1436; x_wconf 76' lang='lat' dir='ltr'><em>servi</em></span> <span class='ocrx_word' id='word_1_172' title='bbox 446 1395 582 1436; x_wconf 88' lang='lat' dir='ltr'><em>formam</em></span> <span class='ocrx_word' id='word_1_173' title='bbox 596 1421 606 1436; x_wconf 93' lang='lat'><strong><em>,</em></strong></span> <span class='ocrx_word' id='word_1_174' title='bbox 633 1399 734 1431; x_wconf 88' lang='lat' dir='ltr'><em>doceat</em></span> <span class='ocrx_word' id='word_1_175' title='bbox 757 1403 788 1429; x_wconf 84' lang='lat' dir='ltr'><em>in</em></span> <span class='ocrx_word' id='word_1_176' title='bbox 801 1401 931 1435; x_wconf 83' lang='lat' dir='ltr'><em>medium</em></span> <span class='ocrx_word' id='word_1_177' title='bbox 943 1398 1106 1438; x_wconf 85' lang='lat' dir='ltr'><em>procedens</em></span> <span class='ocrx_word' id='word_1_178' title='bbox 1117 1421 1128 1436; x_wconf 92' lang='lat'>‚</span> 
     </span>
    </p>
   </div>
   <div class='ocr_carea' id='block_1_3' title="bbox 241 1436 1160 1490">
    <p class='ocr_par' dir='ltr' id='par_1_6' title="bbox 241 1436 1160 1490">
     <span class='ocr_line' id='line_1_27' title="bbox 241 1436 1160 1490; baseline 0.002 -15"><span class='ocrx_word' id='word_1_179' title='bbox 241 1441 388 1486; x_wconf 73' lang='lat' dir='ltr'><em>stab-sque</em></span> <span class='ocrx_word' id='word_1_180' title='bbox 395 1443 582 1487; x_wconf 65' lang='lat' dir='ltr'><em>subsistentiis</em></span> <span class='ocrx_word' id='word_1_181' title='bbox 589 1445 662 1489; x_wconf 73' lang='lat' dir='ltr'><em>fhlae</em></span> <span class='ocrx_word' id='word_1_182' title='bbox 675 1442 927 1490; x_wconf 63' lang='lat' dir='ltr'><em>&amp;perseformae</em></span> <span class='ocrx_word' id='word_1_183' title='bbox 937 1452 1130 1480; x_wconf 85' lang='lat' dir='ltr'><em>convenerint</em></span> <span class='ocrx_word' id='word_1_184' title='bbox 1150 1436 1160 1448; x_wconf 64' lang='lat'>&#39;</span> 
     </span>
    </p>
   </div>
   <div class='ocr_carea' id='block_1_4' title="bbox 74 1492 1136 2441">
    <p class='ocr_par' dir='ltr' id='par_1_7' title="bbox 248 1492 1130 1539">
     <span class='ocr_line' id='line_1_28' title="bbox 248 1492 1130 1539; baseline -0.002 -10"><span class='ocrx_word' id='word_1_185' title='bbox 248 1492 384 1536; x_wconf 71' lang='lat' dir='ltr'><em>interse.</em></span> <span class='ocrx_word' id='word_1_186' title='bbox 411 1497 472 1528; x_wconf 83' lang='lat' dir='ltr'><em>sed</em></span> <span class='ocrx_word' id='word_1_187' title='bbox 482 1496 613 1536; x_wconf 80' lang='lat' dir='ltr'><em>existimo</em></span> <span class='ocrx_word' id='word_1_188' title='bbox 624 1522 634 1537; x_wconf 94' lang='lat'>,</span> <span class='ocrx_word' id='word_1_189' title='bbox 657 1496 762 1539; x_wconf 80' lang='lat' dir='ltr'><em>ipsese</em></span> <span class='ocrx_word' id='word_1_190' title='bbox 772 1496 878 1535; x_wconf 82' lang='lat' dir='ltr'><em>statim</em></span> <span class='ocrx_word' id='word_1_191' title='bbox 896 1505 1010 1529; x_wconf 83' lang='lat' dir='ltr'><em>evertet</em></span> <span class='ocrx_word' id='word_1_192' title='bbox 1021 1520 1029 1526; x_wconf 93' lang='lat'>.</span> <span class='ocrx_word' id='word_1_193' title='bbox 1056 1499 1130 1527; x_wconf 87' lang='lat' dir='ltr'><em>Non</em></span> 
     </span>
    </p>

    <p class='ocr_par' dir='ltr' id='par_1_8' title="bbox 248 1542 1129 1637">
     <span class='ocr_line' id='line_1_29' title="bbox 249 1542 1129 1586; baseline 0.003 -11"><span class='ocrx_word' id='word_1_194' title='bbox 249 1549 330 1580; x_wconf 67' lang='lat' dir='ltr'><em>enim</em></span> <span class='ocrx_word' id='word_1_195' title='bbox 344 1542 555 1584; x_wconf 77' lang='lat' dir='ltr'><em>fimilttudines</em></span> <span class='ocrx_word' id='word_1_196' title='bbox 578 1549 696 1578; x_wconf 75' lang='lat' dir='ltr'><em>omnino</em></span> <span class='ocrx_word' id='word_1_197' title='bbox 708 1556 766 1577; x_wconf 88' lang='lat' dir='ltr'><em>non</em></span> <span class='ocrx_word' id='word_1_198' title='bbox 781 1544 965 1586; x_wconf 69' lang='lat' dir='ltr'><em>subsistentes</em></span> <span class='ocrx_word' id='word_1_199' title='bbox 979 1544 1129 1586; x_wconf 74' lang='lat' dir='ltr'><em>&amp;fhrmae</em></span> 
     </span>
     <span class='ocr_line' id='line_1_30' title="bbox 248 1592 1129 1637; baseline 0.005 -14"><span class='ocrx_word' id='word_1_200' title='bbox 248 1602 450 1625; x_wconf 86' lang='lat' dir='ltr'><em>convenerunt</em></span> <span class='ocrx_word' id='word_1_201' title='bbox 472 1600 552 1626; x_wconf 86' lang='lat' dir='ltr'><em>inter</em></span> <span class='ocrx_word' id='word_1_202' title='bbox 566 1592 602 1636; x_wconf 80' lang='lat' dir='ltr'><em>se</em></span> <span class='ocrx_word' id='word_1_203' title='bbox 619 1602 677 1636; x_wconf 85' lang='lat' dir='ltr'><em>per</em></span> <span class='ocrx_word' id='word_1_204' title='bbox 699 1601 838 1627; x_wconf 87' lang='lat' dir='ltr'><em>unionem</em></span> <span class='ocrx_word' id='word_1_205' title='bbox 859 1594 1129 1637; x_wconf 70' lang='lat' dir='ltr'><em>dispensatoriam,</em></span> 
     </span>
    </p>

    <p class='ocr_par' dir='ltr' id='par_1_9' title="bbox 236 1640 1130 1735">
     <span class='ocr_line' id='line_1_31' title="bbox 236 1640 1130 1685; baseline 0.002 -11"><span class='ocrx_word' id='word_1_206' title='bbox 236 1640 303 1684; x_wconf 71' lang='lat' dir='ltr'><em>sed</em></span> <span class='ocrx_word' id='word_1_207' title='bbox 318 1653 415 1675; x_wconf 88' lang='lat' dir='ltr'><em>rerum</em></span> <span class='ocrx_word' id='word_1_208' title='bbox 430 1641 496 1683; x_wconf 81' lang='lat' dir='ltr'><em>five</em></span> <span class='ocrx_word' id='word_1_209' title='bbox 510 1643 691 1685; x_wconf 75' lang='lat' dir='ltr'><em>hypostaseon</em></span> <span class='ocrx_word' id='word_1_210' title='bbox 711 1654 873 1678; x_wconf 80' lang='lat' dir='ltr'><em>conventus</em></span> <span class='ocrx_word' id='word_1_211' title='bbox 886 1644 994 1685; x_wconf 77' lang='lat' dir='ltr'><em>fac‘lus</em></span> <span class='ocrx_word' id='word_1_212' title='bbox 1009 1644 1046 1684; x_wconf 87' lang='lat' dir='ltr'><em>est</em></span> <span class='ocrx_word' id='word_1_213' title='bbox 1059 1669 1068 1684; x_wconf 90' lang='lat'>‚</span> <span class='ocrx_word' id='word_1_214' title='bbox 1097 1653 1130 1677; x_wconf 88' lang='lat' dir='ltr'><em>ut</em></span> 
     </span>
     <span class='ocr_line' id='line_1_32' title="bbox 249 1691 1130 1735; baseline 0.008 -12"><span class='ocrx_word' id='word_1_215' title='bbox 249 1691 475 1728; x_wconf 72' lang='lat' dir='ltr'><em>humanationis</em></span> <span class='ocrx_word' id='word_1_216' title='bbox 489 1699 567 1725; x_wconf 82' lang='lat' dir='ltr'><em>ratio</em></span> <span class='ocrx_word' id='word_1_217' title='bbox 579 1695 651 1730; x_wconf 57' lang='lat' dir='ltr'><em>vere?</em></span> <span class='ocrx_word' id='word_1_218' title='bbox 663 1693 756 1735; x_wconf 71' lang='lat' dir='ltr'><em>fac‘Ja</em></span> <span class='ocrx_word' id='word_1_219' title='bbox 775 1696 935 1732; x_wconf 80' lang='lat' dir='ltr'><em>credatur·</em></span> <span class='ocrx_word' id='word_1_220' title='bbox 964 1694 1007 1727; x_wconf 86' lang='lat' dir='ltr'><em>Et</em></span> <span class='ocrx_word' id='word_1_221' title='bbox 1018 1695 1053 1727; x_wconf 81' lang='lat' dir='ltr'><em>in</em></span> <span class='ocrx_word' id='word_1_222' title='bbox 1081 1694 1130 1727; x_wconf 87' lang='lat' dir='ltr'><em>lit-</em></span> 
     </span>
    </p>

    <p class='ocr_par' dir='ltr' id='par_1_10' title="bbox 248 1740 1129 1787">
     <span class='ocr_line' id='line_1_33' title="bbox 248 1740 1129 1787; baseline 0.003 -13"><span class='ocrx_word' id='word_1_223' title='bbox 248 1742 326 1775; x_wconf 86' lang='lat' dir='ltr'><em>teris</em></span> <span class='ocrx_word' id='word_1_224' title='bbox 359 1740 400 1774; x_wconf 83' lang='lat' dir='ltr'><em>ad</em></span> <span class='ocrx_word' id='word_1_225' title='bbox 428 1742 643 1781; x_wconf 82' lang='lat' dir='ltr'><em>Valerianum</em></span> <span class='ocrx_word' id='word_1_226' title='bbox 674 1744 875 1787; x_wconf 81' lang='lat' dir='ltr'>Episcopum</span> <span class='ocrx_word' id='word_1_227' title='bbox 901 1744 1129 1784; x_wconf 87' lang='lat' dir='ltr'><em>Iconiensem,</em></span> 
     </span>
    </p>

    <p class='ocr_par' dir='ltr' id='par_1_11' title="bbox 74 1790 1131 1886">
     <span class='ocr_line' id='line_1_34' title="bbox 74 1790 1129 1841; baseline 0.003 -18"><span class='ocrx_word' id='word_1_228' title='bbox 74 1798 211 1837; x_wconf 68' lang='lat' dir='ltr'>1..3.g.40.</span> <span class='ocrx_word' id='word_1_229' title='bbox 249 1790 456 1825; x_wconf 85' lang='lat' dir='ltr'><em>exstantibus</em></span> <span class='ocrx_word' id='word_1_230' title='bbox 478 1792 564 1841; x_wconf 64' lang='lat' dir='ltr'><em>inter</em></span> <span class='ocrx_word' id='word_1_231' title='bbox 585 1795 653 1827; x_wconf 66' lang='lat' dir='ltr'><em>adia</em></span> <span class='ocrx_word' id='word_1_232' title='bbox 675 1795 802 1836; x_wconf 89' lang='lat' dir='ltr'><em>Synodi</em></span> <span class='ocrx_word' id='word_1_233' title='bbox 820 1792 1009 1837; x_wconf 82' lang='lat' dir='ltr'><em>Ephefinae:</em></span> <span class='ocrx_word' id='word_1_234' title='bbox 1036 1796 1129 1828; x_wconf 74' lang='lat' dir='ltr'><em>Simu—</em></span> 
     </span>
     <span class='ocr_line' id='line_1_35' title="bbox 251 1841 1131 1886; baseline 0.001 -11"><span class='ocrx_word' id='word_1_235' title='bbox 251 1843 319 1880; x_wconf 77' lang='lat' dir='ltr'><em>Iant</em></span> <span class='ocrx_word' id='word_1_236' title='bbox 339 1841 514 1882; x_wconf 74' lang='lat' dir='ltr'><em>Nestor-iani</em></span> <span class='ocrx_word' id='word_1_237' title='bbox 530 1855 621 1879; x_wconf 79' lang='lat' dir='ltr'><em>unum</em></span> <span class='ocrx_word' id='word_1_238' title='bbox 633 1843 780 1884; x_wconf 84' lang='lat' dir='ltr'><em>Christum</em></span> <span class='ocrx_word' id='word_1_239' title='bbox 803 1845 837 1878; x_wconf 64' lang='grc' dir='ltr'><em>(π</em></span> <span class='ocrx_word' id='word_1_240' title='bbox 850 1845 964 1878; x_wconf 83' lang='lat' dir='ltr'><em>Filium</em></span> <span class='ocrx_word' id='word_1_241' title='bbox 979 1844 1110 1886; x_wconf 65' lang='lat' dir='ltr'><em>confiteri</em></span> <span class='ocrx_word' id='word_1_242' title='bbox 1121 1868 1131 1883; x_wconf 94' lang='lat'><em>‚</em></span> 
     </span>
    </p>

    <p class='ocr_par' dir='ltr' id='par_1_12' title="bbox 253 1891 1131 1937">
     <span class='ocr_line' id='line_1_36' title="bbox 253 1891 1131 1937; baseline 0.003 -14"><span class='ocrx_word' id='word_1_243' title='bbox 253 1903 400 1934; x_wconf 85' lang='lat' dir='ltr'><em>unamque</em></span> <span class='ocrx_word' id='word_1_244' title='bbox 427 1891 510 1934; x_wconf 78' lang='lat' dir='ltr'><em>ipfius</em></span> <span class='ocrx_word' id='word_1_245' title='bbox 529 1892 688 1935; x_wconf 71' lang='lat' dir='ltr'><em>personam</em></span> <span class='ocrx_word' id='word_1_246' title='bbox 715 1895 768 1937; x_wconf 81' lang='lat' dir='ltr'><em>effe</em></span> <span class='ocrx_word' id='word_1_247' title='bbox 790 1896 894 1929; x_wconf 78' lang='lat' dir='ltr'><em>dicunt</em></span> <span class='ocrx_word' id='word_1_248' title='bbox 916 1906 925 1936; x_wconf 88' lang='lat'>;</span> <span class='ocrx_word' id='word_1_249' title='bbox 946 1893 1008 1937; x_wconf 71' lang='lat' dir='ltr'><em>fid</em></span> <span class='ocrx_word' id='word_1_250' title='bbox 1029 1892 1131 1936; x_wconf 85' lang='lat' dir='ltr'><em>rursus</em></span> 
     </span>
    </p>

    <p class='ocr_par' dir='ltr' id='par_1_13' title="bbox 251 1941 1131 1988">
     <span class='ocr_line' id='line_1_37' title="bbox 251 1941 1131 1988; baseline 0.002 -15"><span class='ocrx_word' id='word_1_251' title='bbox 251 1942 316 1980; x_wconf 67' lang='lat' dir='ltr'><em>cum</em></span> <span class='ocrx_word' id='word_1_252' title='bbox 336 1947 368 1974; x_wconf 88' lang='lat' dir='ltr'><em>in</em></span> <span class='ocrx_word' id='word_1_253' title='bbox 390 1943 467 1974; x_wconf 87' lang='lat' dir='ltr'><em>duas</em></span> <span class='ocrx_word' id='word_1_254' title='bbox 482 1943 649 1986; x_wconf 70' lang='lat' dir='ltr'><em>Hypostafi’s</em></span> <span class='ocrx_word' id='word_1_255' title='bbox 665 1944 848 1988; x_wconf 85' lang='lat' dir='ltr'><em>distinguunt</em></span> <span class='ocrx_word' id='word_1_256' title='bbox 867 1950 996 1978; x_wconf 80' lang='lat' dir='ltr'><em>invicem</em></span> <span class='ocrx_word' id='word_1_257' title='bbox 1031 1941 1131 1984; x_wconf 62' lang='lat' dir='ltr'><em>distin-</em></span> 
     </span>
    </p>

    <p class='ocr_par' dir='ltr' id='par_1_14' title="bbox 252 1991 1133 2040">
     <span class='ocr_line' id='line_1_38' title="bbox 252 1991 1133 2040; baseline 0.001 -16"><span class='ocrx_word' id='word_1_258' title='bbox 252 1992 318 2024; x_wconf 62' lang='lat' dir='ltr'><em>?las</em></span> <span class='ocrx_word' id='word_1_259' title='bbox 333 2001 422 2033; x_wconf 83' lang='lat' dir='ltr'><em>atque</em></span> <span class='ocrx_word' id='word_1_260' title='bbox 439 1991 581 2040; x_wconf 78' lang='lat' dir='ltr'><em>diversas</em></span> <span class='ocrx_word' id='word_1_261' title='bbox 592 2019 602 2035; x_wconf 88' lang='lat'>‚</span> <span class='ocrx_word' id='word_1_262' title='bbox 628 1994 748 2036; x_wconf 76' lang='lat' dir='ltr'><em>mfflerii</em></span> <span class='ocrx_word' id='word_1_263' title='bbox 759 1995 927 2033; x_wconf 58' lang='lat' dir='ltr'><em>dofflrinam</em></span> <span class='ocrx_word' id='word_1_264' title='bbox 934 2001 1056 2037; x_wconf 76' lang='lat' dir='ltr'><em>penitus</em></span> <span class='ocrx_word' id='word_1_265' title='bbox 1063 2002 1133 2035; x_wconf 86' lang='lat' dir='ltr'><em>per-</em></span> 
     </span>
    </p>

    <p class='ocr_par' dir='ltr' id='par_1_15' title="bbox 251 2040 1132 2090">
     <span class='ocr_line' id='line_1_39' title="bbox 251 2040 1132 2090; baseline 0.002 -15"><span class='ocrx_word' id='word_1_266' title='bbox 251 2050 398 2075; x_wconf 84' lang='lat' dir='ltr'><em>vertunt.</em></span> <span class='ocrx_word' id='word_1_267' title='bbox 428 2040 580 2078; x_wconf 85' lang='lat' dir='ltr'><em>Eosistic</em></span> <span class='ocrx_word' id='word_1_268' title='bbox 591 2043 754 2078; x_wconf 77' lang='lat' dir='ltr'><em>continuo</em></span> <span class='ocrx_word' id='word_1_269' title='bbox 765 2045 932 2090; x_wconf 85' lang='lat' dir='ltr'><em>exagitat,</em></span> <span class='ocrx_word' id='word_1_270' title='bbox 959 2056 1027 2079; x_wconf 90' lang='lat' dir='ltr'><em>non</em></span> <span class='ocrx_word' id='word_1_271' title='bbox 1041 2043 1132 2086; x_wconf 76' lang='lat' dir='ltr'><em>quod</em></span> 
     </span>
    </p>

    <p class='ocr_par' dir='ltr' id='par_1_16' title="bbox 252 2091 1132 2138">
     <span class='ocr_line' id='line_1_40' title="bbox 252 2091 1132 2138; baseline 0.002 -13"><span class='ocrx_word' id='word_1_272' title='bbox 252 2091 334 2125; x_wconf 84' lang='lat' dir='ltr'><em>duas</em></span> <span class='ocrx_word' id='word_1_273' title='bbox 356 2092 389 2124; x_wconf 88' lang='lat' dir='ltr'><em>in</em></span> <span class='ocrx_word' id='word_1_274' title='bbox 406 2092 558 2127; x_wconf 91' lang='lat' dir='ltr'><em>Domino</em></span> <span class='ocrx_word' id='word_1_275' title='bbox 568 2093 756 2137; x_wconf 82' lang='lat' dir='ltr'><em>hypostases</em></span> <span class='ocrx_word' id='word_1_276' title='bbox 768 2095 915 2129; x_wconf 84' lang='lat' dir='ltr'><em>dicerent</em></span> <span class='ocrx_word' id='word_1_277' title='bbox 929 2120 940 2136; x_wconf 90' lang='lat'><em>,</em></span> <span class='ocrx_word' id='word_1_278' title='bbox 966 2095 1021 2129; x_wconf 88' lang='lat' dir='ltr'><em>sed</em></span> <span class='ocrx_word' id='word_1_279' title='bbox 1042 2094 1132 2138; x_wconf 78' lang='lat' dir='ltr'><em>quod</em></span> 
     </span>
    </p>

    <p class='ocr_par' dir='ltr' id='par_1_17' title="bbox 252 2141 1131 2188">
     <span class='ocr_line' id='line_1_41' title="bbox 252 2141 1131 2188; baseline 0.001 -13"><span class='ocrx_word' id='word_1_280' title='bbox 252 2141 335 2175; x_wconf 84' lang='lat' dir='ltr'><em>duas</em></span> <span class='ocrx_word' id='word_1_281' title='bbox 355 2141 478 2176; x_wconf 82' lang='lat' dir='ltr'><em>divisas</em></span> <span class='ocrx_word' id='word_1_282' title='bbox 498 2155 536 2178; x_wconf 91' lang='lat' dir='ltr'><em>ac</em></span> <span class='ocrx_word' id='word_1_283' title='bbox 554 2145 681 2177; x_wconf 78' lang='lat' dir='ltr'>seorsim</span> <span class='ocrx_word' id='word_1_284' title='bbox 710 2145 932 2180; x_wconf 84' lang='lat' dir='ltr'><em>subfistentes.</em></span> <span class='ocrx_word' id='word_1_285' title='bbox 961 2143 1131 2188; x_wconf 86' lang='lat' dir='ltr'><em>Ejusmodi</em></span> 
     </span>
    </p>

    <p class='ocr_par' dir='ltr' id='par_1_18' title="bbox 252 2191 1134 2275">
     <span class='ocr_line' id='line_1_42' title="bbox 252 2191 1134 2275; baseline 0.005 -52"><span class='ocrx_word' id='word_1_286' title='bbox 252 2191 347 2275; x_wconf 56' lang='lat' dir='ltr'><em>{lura</em></span> <span class='ocrx_word' id='word_1_287' title='bbox 368 2193 457 2225; x_wconf 90' lang='lat' dir='ltr'><em>illius</em></span> <span class='ocrx_word' id='word_1_288' title='bbox 479 2193 571 2235; x_wconf 77' lang='lat' dir='ltr'><em>loca,</em></span> <span class='ocrx_word' id='word_1_289' title='bbox 601 2193 770 2234; x_wconf 77' lang='lat' dir='ltr'><em>Christum</em></span> <span class='ocrx_word' id='word_1_290' title='bbox 793 2195 981 2234; x_wconf 84' lang='lat' dir='ltr'><em>Dominum</em></span> <span class='ocrx_word' id='word_1_291' title='bbox 1003 2194 1022 2235; x_wconf 76' lang='grc' dir='ltr'>ὲ</span> <span class='ocrx_word' id='word_1_292' title='bbox 1041 2195 1134 2238; x_wconf 87' lang='lat' dir='ltr'><em>pluri-</em></span> 
     </span>
    </p>

    <p class='ocr_par' dir='ltr' id='par_1_19' title="bbox 254 2241 1136 2385">
     <span class='ocr_line' id='line_1_43' title="bbox 280 2241 1136 2288; baseline 0.005 -15"><span class='ocrx_word' id='word_1_293' title='bbox 280 2241 364 2275; x_wconf 89' lang='lat' dir='ltr'><em>usin</em></span> <span class='ocrx_word' id='word_1_294' title='bbox 391 2254 495 2276; x_wconf 86' lang='lat' dir='ltr'><em>unum</em></span> <span class='ocrx_word' id='word_1_295' title='bbox 516 2244 789 2279; x_wconf 82' lang='lat' dir='ltr'><em>concurrentibus</em></span> <span class='ocrx_word' id='word_1_296' title='bbox 808 2257 846 2279; x_wconf 88' lang='lat' dir='ltr'><em>ac</em></span> <span class='ocrx_word' id='word_1_297' title='bbox 869 2246 1047 2279; x_wconf 88' lang='lat' dir='ltr'><em>inconfufis</em></span> <span class='ocrx_word' id='word_1_298' title='bbox 1069 2255 1136 2288; x_wconf 86' lang='lat' dir='ltr'><em>per·</em></span> 
     </span>
     <span class='ocr_line' id='line_1_44' title="bbox 254 2292 1134 2338; baseline 0.003 -14"><span class='ocrx_word' id='word_1_299' title='bbox 254 2292 468 2326; x_wconf 83' lang='lat' dir='ltr'><em>manentibus</em></span> <span class='ocrx_word' id='word_1_300' title='bbox 487 2293 696 2328; x_wconf 78' lang='lat' dir='ltr'><em>subsistentiis</em></span> <span class='ocrx_word' id='word_1_301' title='bbox 718 2295 952 2338; x_wconf 85' lang='lat' dir='ltr'>componentia</span> <span class='ocrx_word' id='word_1_302' title='bbox 965 2319 975 2335; x_wconf 91' lang='lat'><strong>,</strong></span> <span class='ocrx_word' id='word_1_303' title='bbox 1001 2295 1134 2328; x_wconf 86' lang='lat' dir='ltr'>adducit</span> 
     </span>
     <span class='ocr_line' id='line_1_45' title="bbox 257 2341 1135 2385; baseline 0.003 -10"><span class='ocrx_word' id='word_1_304' title='bbox 257 2341 436 2376; x_wconf 86' lang='lat' dir='ltr'>Facundus</span> <span class='ocrx_word' id='word_1_305' title='bbox 458 2343 707 2382; x_wconf 81' lang='lat' dir='ltr'><em>Hermianenfis</em></span> <span class='ocrx_word' id='word_1_306' title='bbox 727 2369 733 2376; x_wconf 88' lang='lat'><strong>.</strong></span> <span class='ocrx_word' id='word_1_307' title='bbox 760 2346 881 2385; x_wconf 80' lang='lat' dir='ltr'><em>Favere</em></span> <span class='ocrx_word' id='word_1_308' title='bbox 907 2345 1035 2379; x_wconf 88' lang='lat' dir='ltr'><em>videtur</em></span> <span class='ocrx_word' id='word_1_309' title='bbox 1057 2346 1135 2379; x_wconf 83' lang='lat' dir='ltr'><em>San-</em></span> 
     </span>
    </p>

    <p class='ocr_par' dir='ltr' id='par_1_20' title="bbox 78 2392 1134 2441">
     <span class='ocr_line' id='line_1_46' title="bbox 78 2392 1134 2441; baseline 0.005 -18"><span class='ocrx_word' id='word_1_310' title='bbox 78 2411 160 2439; x_wconf 31' lang='lat' dir='ltr'><em>Lu‘</em></span> <span class='ocrx_word' id='word_1_311' title='bbox 179 2416 237 2441; x_wconf 85' lang='lat' dir='ltr'><strong>c·7·</strong></span> <span class='ocrx_word' id='word_1_312' title='bbox 255 2392 326 2425; x_wconf 70' lang='lat' dir='ltr'><em>stus</em></span> <span class='ocrx_word' id='word_1_313' title='bbox 349 2392 419 2426; x_wconf 88' lang='lat' dir='ltr'><em>Leo</em></span> <span class='ocrx_word' id='word_1_314' title='bbox 446 2392 605 2428; x_wconf 79' lang='lat' dir='ltr'><em>Pontifex</em></span> <span class='ocrx_word' id='word_1_315' title='bbox 631 2395 666 2428; x_wconf 89' lang='lat' dir='ltr'><em>in</em></span> <span class='ocrx_word' id='word_1_316' title='bbox 690 2396 838 2430; x_wconf 81' lang='lat' dir='ltr'><em>sermone</em></span> <span class='ocrx_word' id='word_1_317' title='bbox 865 2395 906 2429; x_wconf 88' lang='lat' dir='ltr'><em>de</em></span> <span class='ocrx_word' id='word_1_318' title='bbox 930 2395 1134 2438; x_wconf 82' lang='lat' dir='ltr'><em>Epiphania:</em></span> 
     </span>
    </p>
   </div>
   <div class='ocr_carea' id='block_1_5' title="bbox 77 2443 1135 2488">
    <p class='ocr_par' dir='ltr' id='par_1_21' title="bbox 26 2443 1135 2488">
     <span class='ocr_line' id='line_1_47' title="bbox 77 2443 1135 2488; baseline 0.008 -18.586"><span class='ocrx_word' id='word_1_319' title='bbox 77 2455 164 2485; x_wconf 54' lang='lat' dir='ltr'><em>but-3·</em></span> <span class='ocrx_word' id='word_1_320' title='bbox 183 2454 247 2478; x_wconf 79' lang='lat' dir='ltr'>c,2‚-‘</span> <span class='ocrx_word' id='word_1_321' title='bbox 257 2445 343 2484; x_wconf 85' lang='lat' dir='ltr'><em>Magi</em></span> <span class='ocrx_word' id='word_1_322' title='bbox 366 2444 523 2475; x_wconf 79' lang='lat' dir='ltr'><em>adoraturi</em></span> <span class='ocrx_word' id='word_1_323' title='bbox 544 2455 636 2476; x_wconf 82' lang='lat' dir='ltr'><em>unum</em></span> <span class='ocrx_word' id='word_1_324' title='bbox 651 2468 661 2483; x_wconf 90' lang='lat'><em>,</em></span> <span class='ocrx_word' id='word_1_325' title='bbox 690 2451 751 2477; x_wconf 82' lang='lat' dir='ltr'><em>tria</em></span> <span class='ocrx_word' id='word_1_326' title='bbox 768 2443 802 2488; x_wconf 76' lang='lat' dir='ltr'><em>fi·</em></span> <span class='ocrx_word' id='word_1_327' title='bbox 818 2445 908 2487; x_wconf 87' lang='lat' dir='ltr'><em>fimul</em></span> <span class='ocrx_word' id='word_1_328' title='bbox 919 2447 1030 2478; x_wconf 78' lang='lat' dir='ltr'><em>credidi</em></span> <span class='ocrx_word' id='word_1_329' title='bbox 1052 2458 1067 2478; x_wconf 80' lang='lat' dir='ltr'><em>e</em></span> <span class='ocrx_word' id='word_1_330' title='bbox 1085 2447 1135 2478; x_wconf 87' lang='lat' dir='ltr'><em>de-</em></span> 
     </span>
    </p>
   </div>
   <div class='ocr_carea' id='block_1_6' title="bbox 250 2489 1137 3596">
    <p class='ocr_par' dir='ltr' id='par_1_22' title="bbox 257 2489 1134 2583">
     <span class='ocr_line' id='line_1_48' title="bbox 257 2489 1134 2540; baseline 0.01 -19"><span class='ocrx_word' id='word_1_331' title='bbox 257 2489 420 2536; x_wconf 82' lang='lat' dir='ltr'><em>monstrant</em></span> <span class='ocrx_word' id='word_1_332' title='bbox 448 2504 455 2523; x_wconf 71' lang='grc' dir='ltr'>ε</span> <span class='ocrx_word' id='word_1_333' title='bbox 486 2497 563 2531; x_wconf 69' lang='lat' dir='ltr'><em>Auro</em></span> <span class='ocrx_word' id='word_1_334' title='bbox 594 2493 772 2531; x_wconf 80' lang='lat' dir='ltr'><em>honorantes</em></span> <span class='ocrx_word' id='word_1_335' title='bbox 793 2494 953 2538; x_wconf 85' lang='lat' dir='ltr'><em>personam</em></span> <span class='ocrx_word' id='word_1_336' title='bbox 988 2499 1134 2540; x_wconf 79' lang='lat' dir='ltr'><em>Regiam,</em></span> 
     </span>
     <span class='ocr_line' id='line_1_49' title="bbox 257 2539 881 2583; baseline 0.011 -11"><span class='ocrx_word' id='word_1_337' title='bbox 257 2539 376 2579; x_wconf 78' lang='lat' dir='ltr'><em>myrrha</em></span> <span class='ocrx_word' id='word_1_338' title='bbox 397 2541 560 2575; x_wconf 85' lang='lat' dir='ltr'><em>humanam</em></span> <span class='ocrx_word' id='word_1_339' title='bbox 574 2568 583 2583; x_wconf 94' lang='lat'>,</span> <span class='ocrx_word' id='word_1_340' title='bbox 610 2543 696 2578; x_wconf 84' lang='lat' dir='ltr'><em>thure</em></span> <span class='ocrx_word' id='word_1_341' title='bbox 717 2548 881 2579; x_wconf 83' lang='lat' dir='ltr'><em>Divinam.</em></span> 
     </span>
    </p>

    <p class='ocr_par' dir='ltr' id='par_1_23' title="bbox 250 2590 1137 3545">
     <span class='ocr_line' id='line_1_50' title="bbox 309 2590 1136 2639; baseline 0.008 -16"><span class='ocrx_word' id='word_1_342' title='bbox 309 2590 356 2627; x_wconf 84' lang='lat' dir='ltr'><em>At</em></span> <span class='ocrx_word' id='word_1_343' title='bbox 379 2590 455 2624; x_wconf 74' lang='lat' dir='ltr'><em>vero</em></span> <span class='ocrx_word' id='word_1_344' title='bbox 477 2594 510 2626; x_wconf 89' lang='lat' dir='ltr'><em>in</em></span> <span class='ocrx_word' id='word_1_345' title='bbox 535 2594 608 2628; x_wconf 87' lang='lat' dir='ltr'><em>aliis</em></span> <span class='ocrx_word' id='word_1_346' title='bbox 631 2594 712 2629; x_wconf 78' lang='lat' dir='ltr'><em>locis</em></span> <span class='ocrx_word' id='word_1_347' title='bbox 734 2596 821 2630; x_wconf 89' lang='lat' dir='ltr'><em>idem</em></span> <span class='ocrx_word' id='word_1_348' title='bbox 833 2596 969 2630; x_wconf 56' lang='lat' dir='ltr'><em>sanetus</em></span> <span class='ocrx_word' id='word_1_349' title='bbox 990 2596 1136 2639; x_wconf 89' lang='lat' dir='ltr'><em>Cyrillus</em></span> 
     </span>
     <span class='ocr_line' id='line_1_51' title="bbox 258 2640 1136 2686; baseline 0.008 -13"><span class='ocrx_word' id='word_1_350' title='bbox 258 2640 385 2685; x_wconf 81' lang='lat' dir='ltr'><em>dogma</em></span> <span class='ocrx_word' id='word_1_351' title='bbox 409 2642 494 2683; x_wconf 81' lang='lat' dir='ltr'><em>istud</em></span> <span class='ocrx_word' id='word_1_352' title='bbox 516 2652 672 2686; x_wconf 84' lang='lat' dir='ltr'><em>tanquam</em></span> <span class='ocrx_word' id='word_1_353' title='bbox 684 2647 922 2681; x_wconf 83' lang='lat' dir='ltr'><em>Nestorianum</em></span> <span class='ocrx_word' id='word_1_354' title='bbox 943 2646 1136 2682; x_wconf 83' lang='lat' dir='ltr'><em>constantis-</em></span> 
     </span>
     <span class='ocr_line' id='line_1_52' title="bbox 257 2690 1134 2738; baseline 0.009 -15"><span class='ocrx_word' id='word_1_355' title='bbox 257 2691 333 2724; x_wconf 79' lang='lat' dir='ltr'><em>fime</em></span> <span class='ocrx_word' id='word_1_356' title='bbox 355 2690 490 2727; x_wconf 83' lang='lat' dir='ltr'><em>damnat</em></span> <span class='ocrx_word' id='word_1_357' title='bbox 518 2717 530 2738; x_wconf 78' lang='lat'>‚</span> <span class='ocrx_word' id='word_1_358' title='bbox 556 2695 703 2729; x_wconf 86' lang='lat' dir='ltr'><em>adserens</em></span> <span class='ocrx_word' id='word_1_359' title='bbox 723 2696 861 2731; x_wconf 84' lang='lat' dir='ltr'><em>duarum</em></span> <span class='ocrx_word' id='word_1_360' title='bbox 876 2707 1071 2738; x_wconf 64' lang='lat' dir='ltr'><em>&gt;naturarum</em></span> <span class='ocrx_word' id='word_1_361' title='bbox 1099 2698 1134 2730; x_wconf 91' lang='lat' dir='ltr'><em>in</em></span> 
     </span>
     <span class='ocr_line' id='line_1_53' title="bbox 255 2740 1132 2791; baseline 0.008 -17"><span class='ocrx_word' id='word_1_362' title='bbox 255 2752 323 2774; x_wconf 87' lang='lat' dir='ltr'><em>una</em></span> <span class='ocrx_word' id='word_1_363' title='bbox 343 2740 505 2786; x_wconf 67' lang='lat' dir='ltr'><em>hypostasi</em></span> <span class='ocrx_word' id='word_1_364' title='bbox 519 2746 679 2779; x_wconf 84' lang='lat' dir='ltr'><em>unionem</em></span> <span class='ocrx_word' id='word_1_365' title='bbox 692 2747 755 2781; x_wconf 78' lang='lat' dir='ltr'><em>effe</em></span> <span class='ocrx_word' id='word_1_366' title='bbox 767 2747 865 2782; x_wconf 87' lang='lat' dir='ltr'><em>fidem</em></span> <span class='ocrx_word' id='word_1_367' title='bbox 880 2747 1111 2791; x_wconf 86' lang='lat' dir='ltr'><em>Apostolicam</em></span> <span class='ocrx_word' id='word_1_368' title='bbox 1123 2771 1132 2787; x_wconf 94' lang='lat'>,</span> 
     </span>
     <span class='ocr_line' id='line_1_54' title="bbox 258 2790 1135 2836; baseline 0.01 -13"><span class='ocrx_word' id='word_1_369' title='bbox 258 2790 400 2835; x_wconf 71' lang='lat' dir='ltr'><em>ideoque</em></span> <span class='ocrx_word' id='word_1_370' title='bbox 421 2805 556 2832; x_wconf 79' lang='lat' dir='ltr'><em>omnem</em></span> <span class='ocrx_word' id='word_1_371' title='bbox 578 2796 765 2831; x_wconf 77' lang='lat' dir='ltr'><em>credentem</em></span> <span class='ocrx_word' id='word_1_372' title='bbox 789 2808 845 2831; x_wconf 85' lang='lat' dir='ltr'><em>aut</em></span> <span class='ocrx_word' id='word_1_373' title='bbox 865 2797 1034 2836; x_wconf 60' lang='lat' dir='ltr'><em>,dicentem</em></span> <span class='ocrx_word' id='word_1_374' title='bbox 1055 2797 1135 2832; x_wconf 83' lang='lat' dir='ltr'><em>duas</em></span> 
     </span>
     <span class='ocr_line' id='line_1_55' title="bbox 255 2839 1135 2890; baseline 0.014 -17"><span class='ocrx_word' id='word_1_375' title='bbox 255 2839 446 2884; x_wconf 76' lang='lat' dir='ltr'><em>hypostases</em></span> <span class='ocrx_word' id='word_1_376' title='bbox 464 2846 526 2878; x_wconf 79' lang='lat' dir='ltr'><em>esse</em></span> <span class='ocrx_word' id='word_1_377' title='bbox 540 2844 647 2880; x_wconf 76' lang='lat' dir='ltr'><em>abina</em></span> <span class='ocrx_word' id='word_1_378' title='bbox 669 2848 799 2890; x_wconf 86' lang='lat' dir='ltr'><em>penitus</em></span> <span class='ocrx_word' id='word_1_379' title='bbox 809 2848 973 2884; x_wconf 81' lang='lat' dir='ltr'><em>alienum.</em></span> <span class='ocrx_word' id='word_1_380' title='bbox 1001 2848 1045 2884; x_wconf 83' lang='lat' dir='ltr'><em>Et</em></span> <span class='ocrx_word' id='word_1_381' title='bbox 1057 2846 1135 2881; x_wconf 77' lang='lat' dir='ltr'><em>hlnc</em></span> 
     </span>
     <span class='ocr_line' id='line_1_56' title="bbox 257 2892 1136 2943; baseline 0.008 -20"><span class='ocrx_word' id='word_1_382' title='bbox 257 2892 407 2925; x_wconf 72' lang='lat' dir='ltr'><em>adversus</em></span> <span class='ocrx_word' id='word_1_383' title='bbox 420 2893 514 2928; x_wconf 72' lang='lat' dir='ltr'><em>illum</em></span> <span class='ocrx_word' id='word_1_384' title='bbox 526 2895 635 2929; x_wconf 80' lang='lat' dir='ltr'><em>scribit</em></span> <span class='ocrx_word' id='word_1_385' title='bbox 648 2896 802 2938; x_wconf 79' lang='lat' dir='ltr'><em>Synodus</em></span> <span class='ocrx_word' id='word_1_386' title='bbox 819 2897 1000 2934; x_wconf 78' lang='lat' dir='ltr'><em>Orientali&#39;s</em></span> <span class='ocrx_word' id='word_1_387' title='bbox 1013 2910 1023 2930; x_wconf 91' lang='lat'><em>.·</em></span> <span class='ocrx_word' id='word_1_388' title='bbox 1049 2898 1136 2943; x_wconf 63' lang='lat' dir='ltr'><em>Illum</em></span> 
     </span>
     <span class='ocr_line' id='line_1_57' title="bbox 253 2939 1135 2988; baseline 0.009 -16"><span class='ocrx_word' id='word_1_389' title='bbox 253 2939 374 2983; x_wconf 87' lang='lat' dir='ltr'><em>suorum</em></span> <span class='ocrx_word' id='word_1_390' title='bbox 412 2944 568 2976; x_wconf 84' lang='lat' dir='ltr'><em>verborum</em></span> <span class='ocrx_word' id='word_1_391' title='bbox 602 2947 874 2987; x_wconf 64' lang='lat' dir='ltr'><em>commonefacimus</em></span> <span class='ocrx_word' id='word_1_392' title='bbox 910 2972 920 2987; x_wconf 95' lang='lat'>,</span> <span class='ocrx_word' id='word_1_393' title='bbox 956 2947 1135 2988; x_wconf 83' lang='lat' dir='ltr'><em>ostendentes</em></span> 
     </span>
     <span class='ocr_line' id='line_1_58' title="bbox 258 2989 1135 3046; baseline 0.01 -24"><span class='ocrx_word' id='word_1_394' title='bbox 258 2989 354 3033; x_wconf 86' lang='lat' dir='ltr'><em>ipsum</em></span> <span class='ocrx_word' id='word_1_395' title='bbox 380 2992 458 3025; x_wconf 87' lang='lat' dir='ltr'><em>duas</em></span> <span class='ocrx_word' id='word_1_396' title='bbox 474 2994 673 3037; x_wconf 83' lang='lat' dir='ltr'><em>subfistentias</em></span> <span class='ocrx_word' id='word_1_397' title='bbox 701 2997 808 3039; x_wconf 76' lang='lat' dir='ltr'><em>dixiffe</em></span> <span class='ocrx_word' id='word_1_398' title='bbox 829 2999 1017 3046; x_wconf 42' lang='lat' dir='ltr'><em>:Quomodo</em></span> <span class='ocrx_word' id='word_1_399' title='bbox 1043 3003 1135 3042; x_wconf 86' lang='lat' dir='ltr'><em>igitur</em></span> 
     </span>
     <span class='ocr_line' id='line_1_59' title="bbox 258 3041 1136 3089; baseline 0.009 -18"><span class='ocrx_word' id='word_1_400' title='bbox 258 3041 342 3082; x_wconf 88' lang='lat' dir='ltr'><em>quafi</em></span> <span class='ocrx_word' id='word_1_401' title='bbox 371 3042 480 3076; x_wconf 85' lang='lat' dir='ltr'><em>oblitus</em></span> <span class='ocrx_word' id='word_1_402' title='bbox 497 3043 619 3087; x_wconf 87' lang='lat' dir='ltr'><em>suorum</em></span> <span class='ocrx_word' id='word_1_403' title='bbox 645 3047 797 3080; x_wconf 82' lang='lat' dir='ltr'><em>verborum</em></span> <span class='ocrx_word' id='word_1_404' title='bbox 831 3045 876 3081; x_wconf 81' lang='lat' dir='ltr'><em>ad</em></span> <span class='ocrx_word' id='word_1_405' title='bbox 898 3045 989 3080; x_wconf 83' lang='lat' dir='ltr'><em>unam</em></span> <span class='ocrx_word' id='word_1_406' title='bbox 1011 3046 1136 3089; x_wconf 63' lang='lat' dir='ltr'><em>hyposta-</em></span> 
     </span>
     <span class='ocr_line' id='line_1_60' title="bbox 250 3089 1136 3137; baseline 0.009 -15"><span class='ocrx_word' id='word_1_407' title='bbox 250 3089 299 3131; x_wconf 85' lang='lat' dir='ltr'><em>fin</em></span> <span class='ocrx_word' id='word_1_408' title='bbox 325 3098 398 3134; x_wconf 83' lang='lat' dir='ltr'><em>cogit</em></span> <span class='ocrx_word' id='word_1_409' title='bbox 418 3116 428 3132; x_wconf 90' lang='lat'>,</span> <span class='ocrx_word' id='word_1_410' title='bbox 472 3104 601 3126; x_wconf 83' lang='lat' dir='ltr'><em>naturas</em></span> <span class='ocrx_word' id='word_1_411' title='bbox 626 3096 808 3137; x_wconf 75' lang='lat' dir='ltr'><em>confundens</em></span> <span class='ocrx_word' id='word_1_412' title='bbox 830 3100 843 3131; x_wconf 87' lang='grc'><em>.&gt;</em></span> <span class='ocrx_word' id='word_1_413' title='bbox 878 3098 921 3132; x_wconf 89' lang='lat' dir='ltr'><em>Et</em></span> <span class='ocrx_word' id='word_1_414' title='bbox 954 3099 1039 3132; x_wconf 87' lang='lat' dir='ltr'><em>infra</em></span> <span class='ocrx_word' id='word_1_415' title='bbox 1061 3110 1067 3129; x_wconf 93' lang='lat'><strong>:</strong></span> <span class='ocrx_word' id='word_1_416' title='bbox 1098 3102 1136 3130; x_wconf 87' lang='lat' dir='ltr'><em>Ut</em></span> 
     </span>
     <span class='ocr_line' id='line_1_61' title="bbox 251 3140 1137 3191; baseline 0.011 -18"><span class='ocrx_word' id='word_1_417' title='bbox 251 3140 470 3187; x_wconf 69' lang='lat' dir='ltr'><em>ostenderemus</em></span> <span class='ocrx_word' id='word_1_418' title='bbox 495 3149 560 3177; x_wconf 81' lang='lat' dir='ltr'><em>eum</em></span> <span class='ocrx_word' id='word_1_419' title='bbox 586 3147 686 3189; x_wconf 68' lang='lat' dir='ltr'><em>dicere</em></span> <span class='ocrx_word' id='word_1_420' title='bbox 699 3148 785 3191; x_wconf 51' lang='lat' dir='ltr'><em>duas,</em></span> <span class='ocrx_word' id='word_1_421' title='bbox 810 3146 967 3191; x_wconf 69' lang='lat' dir='ltr'><em>hypostases</em></span> <span class='ocrx_word' id='word_1_422' title='bbox 982 3169 1000 3189; x_wconf 42' lang='lat' dir='ltr'><em>v,</em></span> <span class='ocrx_word' id='word_1_423' title='bbox 1027 3158 1062 3182; x_wconf 82' lang='lat' dir='ltr'><em>ac</em></span> <span class='ocrx_word' id='word_1_424' title='bbox 1080 3147 1137 3189; x_wconf 79' lang='lat' dir='ltr'><em>sibi</em></span> 
     </span>
     <span class='ocr_line' id='line_1_62' title="bbox 258 3190 1136 3241; baseline 0.009 -19"><span class='ocrx_word' id='word_1_425' title='bbox 258 3190 311 3233; x_wconf 84' lang='lat' dir='ltr'><em>esse</em></span> <span class='ocrx_word' id='word_1_426' title='bbox 331 3198 534 3235; x_wconf 83' lang='lat' dir='ltr'><em>contrarium,</em></span> <span class='ocrx_word' id='word_1_427' title='bbox 560 3194 747 3239; x_wconf 87' lang='lat' dir='ltr'><em>apposuimus</em></span> <span class='ocrx_word' id='word_1_428' title='bbox 770 3209 825 3237; x_wconf 87' lang='lat' dir='ltr'><em>ea,</em></span> <span class='ocrx_word' id='word_1_429' title='bbox 853 3209 920 3240; x_wconf 83' lang='lat' dir='ltr'><em>quae</em></span> <span class='ocrx_word' id='word_1_430' title='bbox 943 3199 1011 3234; x_wconf 87' lang='lat' dir='ltr'><em>olim</em></span> <span class='ocrx_word' id='word_1_431' title='bbox 1021 3198 1060 3230; x_wconf 89' lang='lat' dir='ltr'><em>ab</em></span> <span class='ocrx_word' id='word_1_432' title='bbox 1074 3197 1136 3241; x_wconf 84' lang='lat' dir='ltr'><em>ipso</em></span> 
     </span>
     <span class='ocr_line' id='line_1_63' title="bbox 258 3240 1135 3294; baseline 0.011 -22"><span class='ocrx_word' id='word_1_433' title='bbox 258 3241 340 3274; x_wconf 64' lang='lat' dir='ltr'><em>dieta</em></span> <span class='ocrx_word' id='word_1_434' title='bbox 370 3240 442 3284; x_wconf 87' lang='lat' dir='ltr'><em>sunt</em></span> <span class='ocrx_word' id='word_1_435' title='bbox 468 3269 475 3276; x_wconf 88' lang='lat'><strong>.</strong></span> <span class='ocrx_word' id='word_1_436' title='bbox 512 3245 625 3294; x_wconf 80' lang='lat' dir='ltr'><em>Qam</em></span> <span class='ocrx_word' id='word_1_437' title='bbox 661 3247 956 3282; x_wconf 63' lang='lat' dir='ltr'><em>contradi-{tionem</em></span> <span class='ocrx_word' id='word_1_438' title='bbox 990 3248 1135 3293; x_wconf 84' lang='lat' dir='ltr'><em>exagitat</em></span> 
     </span>
     <span class='ocr_line' id='line_1_64' title="bbox 257 3293 1133 3340; baseline 0.009 -16"><span class='ocrx_word' id='word_1_439' title='bbox 257 3293 357 3331; x_wconf 73' lang='lat' dir='ltr'><em>etiam</em></span> <span class='ocrx_word' id='word_1_440' title='bbox 368 3293 621 3337; x_wconf 75' lang='lat' dir='ltr'><em>Theodorems-</em></span> <span class='ocrx_word' id='word_1_441' title='bbox 650 3298 806 3340; x_wconf 87' lang='lat' dir='ltr'><em>Episcopi</em></span> <span class='ocrx_word' id='word_1_442' title='bbox 819 3299 900 3332; x_wconf 86' lang='lat' dir='ltr'><em>item</em></span> <span class='ocrx_word' id='word_1_443' title='bbox 914 3298 1085 3332; x_wconf 78' lang='lat' dir='ltr'><em>Severiani</em></span> <span class='ocrx_word' id='word_1_444' title='bbox 1100 3298 1133 3331; x_wconf 91' lang='lat' dir='ltr'><em>in</em></span> 
     </span>
     <span class='ocr_line' id='line_1_65' title="bbox 260 3340 1135 3391; baseline 0.008 -16"><span class='ocrx_word' id='word_1_445' title='bbox 260 3340 451 3382; x_wconf 82' lang='lat' dir='ltr'><em>Collatione</em></span> <span class='ocrx_word' id='word_1_446' title='bbox 465 3345 791 3391; x_wconf 75' lang='lat' dir='ltr'><em>Constantinopolim</em></span> <span class='ocrx_word' id='word_1_447' title='bbox 798 3359 837 3381; x_wconf 85' lang='lat' dir='ltr'><em>na</em></span> <span class='ocrx_word' id='word_1_448' title='bbox 861 3346 972 3387; x_wconf 80' lang='lat' dir='ltr'><em>habita</em></span> <span class='ocrx_word' id='word_1_449' title='bbox 986 3360 1060 3385; x_wconf 87' lang='lat' dir='ltr'><em>cum</em></span> <span class='ocrx_word' id='word_1_450' title='bbox 1076 3348 1135 3382; x_wconf 80' lang='lat' dir='ltr'><em>Ca-</em></span> 
     </span>
     <span class='ocr_line' id='line_1_66' title="bbox 257 3389 1135 3443; baseline 0.006 -18"><span class='ocrx_word' id='word_1_451' title='bbox 257 3389 393 3426; x_wconf 87' lang='lat' dir='ltr'><em>tholicis</em></span> <span class='ocrx_word' id='word_1_452' title='bbox 414 3395 471 3430; x_wconf 93' lang='lat' dir='ltr'><em>sub</em></span> <span class='ocrx_word' id='word_1_453' title='bbox 484 3396 665 3439; x_wconf 79' lang='lat' dir='ltr'><em>Justiniano</em></span> <span class='ocrx_word' id='word_1_454' title='bbox 680 3394 852 3443; x_wconf 82' lang='lat' dir='ltr'><em>Augusto:</em></span> <span class='ocrx_word' id='word_1_455' title='bbox 879 3398 1005 3436; x_wconf 80' lang='lat' dir='ltr'><em>cyrillus</em></span> <span class='ocrx_word' id='word_1_456' title='bbox 1017 3403 1050 3431; x_wconf 76' lang='lat' dir='ltr'><em>in</em></span> <span class='ocrx_word' id='word_1_457' title='bbox 1061 3396 1135 3440; x_wconf 80' lang='lat' dir='ltr'>Epi-</span> 
     </span>
     <span class='ocr_line' id='line_1_67' title="bbox 253 3441 1135 3490; baseline 0.007 -17"><span class='ocrx_word' id='word_1_458' title='bbox 253 3441 330 3482; x_wconf 77' lang='lat' dir='ltr'><em>stola</em></span> <span class='ocrx_word' id='word_1_459' title='bbox 353 3444 502 3478; x_wconf 83' lang='lat' dir='ltr'><em>duodecim</em></span> <span class='ocrx_word' id='word_1_460' title='bbox 523 3450 729 3489; x_wconf 84' lang='lat' dir='ltr'><em>Capitulorum</em></span> <span class='ocrx_word' id='word_1_461' title='bbox 751 3449 830 3480; x_wconf 86' lang='lat' dir='ltr'><em>duas</em></span> <span class='ocrx_word' id='word_1_462' title='bbox 851 3446 1052 3490; x_wconf 82' lang='lat' dir='ltr'><em>subfistentias</em></span> <span class='ocrx_word' id='word_1_463' title='bbox 1078 3457 1135 3489; x_wconf 85' lang='lat' dir='ltr'><em>pro</em></span> 
     </span>
     <span class='ocr_line' id='line_1_68' title="bbox 259 3491 1133 3545; baseline 0.007 -20"><span class='ocrx_word' id='word_1_464' title='bbox 259 3491 376 3526; x_wconf 84' lang='lat' dir='ltr'><em>duabus</em></span> <span class='ocrx_word' id='word_1_465' title='bbox 398 3502 515 3528; x_wconf 84' lang='lat' dir='ltr'><em>naturis</em></span> <span class='ocrx_word' id='word_1_466' title='bbox 533 3496 632 3540; x_wconf 81' lang='lat' dir='ltr'><em>posuit</em></span> <span class='ocrx_word' id='word_1_467' title='bbox 658 3523 667 3538; x_wconf 90' lang='lat'>,</span> <span class='ocrx_word' id='word_1_468' title='bbox 693 3498 842 3541; x_wconf 84' lang='lat' dir='ltr'>adeoque</span> <span class='ocrx_word' id='word_1_469' title='bbox 864 3498 981 3532; x_wconf 87' lang='lat' dir='ltr'><em>erravit</em></span> <span class='ocrx_word' id='word_1_470' title='bbox 1003 3522 1010 3529; x_wconf 85' lang='lat'><strong>.</strong></span> <span class='ocrx_word' id='word_1_471' title='bbox 1038 3498 1133 3545; x_wconf 80' lang='lat' dir='ltr'><em>Qiin</em></span> 
     </span>
    </p>

    <p class='ocr_par' dir='ltr' id='par_1_24' title="bbox 357 3545 829 3596">
     <span class='ocr_line' id='line_1_69' title="bbox 357 3545 829 3596; baseline 0.004 -18"><span class='ocrx_word' id='word_1_472' title='bbox 357 3545 496 3596; x_wconf 72' lang='lat' dir='ltr'><em>Canones</em></span> <span class='ocrx_word' id='word_1_473' title='bbox 509 3547 710 3590; x_wconf 72' lang='lat' dir='ltr'><em>ConcEphes</em></span> <span class='ocrx_word' id='word_1_474' title='bbox 727 3551 796 3580; x_wconf 87' lang='lat' dir='ltr'><em>Tom</em></span> <span class='ocrx_word' id='word_1_475' title='bbox 808 3552 829 3580; x_wconf 86' lang='lat'><em>1.</em></span> 
     </span>
    </p>
   </div>
   <div class='ocr_carea' id='block_1_7' title="bbox 32 2884 159 2946">
    <p class='ocr_par' dir='ltr' id='par_1_25' title="bbox 32 2884 159 2946">
     <span class='ocr_line' id='line_1_70' title="bbox 32 2884 159 2946; baseline -0.008 -7"><span class='ocrx_word' id='word_1_476' title='bbox 32 2884 36 2887; x_wconf 31' lang='grc'><strong><em>1</em></strong></span> <span class='ocrx_word' id='word_1_477' title='bbox 81 2910 159 2946; x_wconf 89' lang='lat' dir='ltr'>C.3.</span> 
     </span>
    </p>
   </div>
   <div class='ocr_carea' id='block_1_8' title="bbox 870 3635 894 3649">
    <p class='ocr_par' dir='ltr' id='par_1_26' title="bbox 870 3635 894 3649">
     <span class='ocr_line' id='line_1_71' title="bbox 870 3635 894 3649; baseline 0 -2"><span class='ocrx_word' id='word_1_478' title='bbox 870 3635 894 3649; x_wconf 36' lang='grc' dir='ltr'><strong><em>Ἀ</em></strong></span> 
     </span>
    </p>
   </div>
   <div class='ocr_carea' id='block_1_9' title="bbox 1894 126 1988 177">
    <p class='ocr_par' dir='ltr' id='par_1_27' title="bbox 1894 126 1988 177">
     <span class='ocr_line' id='line_1_72' title="bbox 1894 126 1988 177; baseline 0.064 -6"><span class='ocrx_word' id='word_1_479' title='bbox 1894 126 1988 177; x_wconf 92' lang='lat'><em>377</em></span> 
     </span>
    </p>
   </div>
   <div class='ocr_carea' id='block_1_10' title="bbox 1186 191 2234 3579">
    <p class='ocr_par' dir='ltr' id='par_1_28' title="bbox 1186 191 2222 736">
     <span class='ocr_line' id='line_1_73' title="bbox 1199 191 2072 238; baseline 0.003 -11"><span class='ocrx_word' id='word_1_480' title='bbox 1199 192 1303 227; x_wconf 78' lang='lat' dir='ltr'><em>immo</em></span> <span class='ocrx_word' id='word_1_481' title='bbox 1326 192 1445 236; x_wconf 85' lang='lat' dir='ltr'><em>Cyrilli</em></span> <span class='ocrx_word' id='word_1_482' title='bbox 1469 191 1621 227; x_wconf 87' lang='lat' dir='ltr'><em>defensor</em></span> <span class='ocrx_word' id='word_1_483' title='bbox 1645 202 1742 238; x_wconf 75' lang='lat' dir='ltr'><em>atque</em></span> <span class='ocrx_word' id='word_1_484' title='bbox 1764 195 1991 232; x_wconf 85' lang='lat' dir='ltr'><em>Encomiastes</em></span> <span class='ocrx_word' id='word_1_485' title='bbox 2013 196 2072 230; x_wconf 75' lang='lat' dir='ltr'><em>Fa-</em></span> 
     </span>
     <span class='ocr_line' id='line_1_74' title="bbox 1195 242 2075 289; baseline 0.002 -11"><span class='ocrx_word' id='word_1_486' title='bbox 1195 244 1323 278; x_wconf 88' lang='lat' dir='ltr'><em>cundus</em></span> <span class='ocrx_word' id='word_1_487' title='bbox 1335 243 1582 277; x_wconf 83' lang='lat' dir='ltr'><em>Hermianenfis</em></span> <span class='ocrx_word' id='word_1_488' title='bbox 1602 242 1674 286; x_wconf 89' lang='lat' dir='ltr'>post</span> <span class='ocrx_word' id='word_1_489' title='bbox 1684 251 1873 280; x_wconf 86' lang='lat' dir='ltr'><em>enumerata</em></span> <span class='ocrx_word' id='word_1_490' title='bbox 1893 247 1967 281; x_wconf 83' lang='lat' dir='ltr'><em>loca</em></span> <span class='ocrx_word' id='word_1_491' title='bbox 1992 246 2075 289; x_wconf 74' lang='lat' dir='ltr'><em>ejus-</em></span> 
     </span>
     <span class='ocr_line' id='line_1_75' title="bbox 1195 292 2222 343; baseline 0.001 -16"><span class='ocrx_word' id='word_1_492' title='bbox 1195 294 1289 329; x_wconf 88' lang='lat' dir='ltr'>modi</span> <span class='ocrx_word' id='word_1_493' title='bbox 1312 294 1440 337; x_wconf 85' lang='lat' dir='ltr'><em>pergit:</em></span> <span class='ocrx_word' id='word_1_494' title='bbox 1467 292 1634 334; x_wconf 74' lang='lat' dir='ltr'><em>confideret</em></span> <span class='ocrx_word' id='word_1_495' title='bbox 1655 293 1759 326; x_wconf 58' lang='lat' dir='ltr'><em>Ledor</em></span> <span class='ocrx_word' id='word_1_496' title='bbox 1781 318 1791 333; x_wconf 89' lang='lat'>,</span> <span class='ocrx_word' id='word_1_497' title='bbox 1810 298 1948 336; x_wconf 85' lang='lat' dir='ltr'><em>quomodo</em></span> <span class='ocrx_word' id='word_1_498' title='bbox 1969 297 2074 339; x_wconf 83' lang='lat' dir='ltr'><em>affera-</em></span> <span class='ocrx_word' id='word_1_499' title='bbox 2087 310 2222 343; x_wconf 44' lang='lat' dir='ltr'><em>Lam,</em></span> 
     </span>
     <span class='ocr_line' id='line_1_76' title="bbox 1195 342 2073 386; baseline 0.002 -9"><span class='ocrx_word' id='word_1_500' title='bbox 1195 353 1245 377; x_wconf 87' lang='lat' dir='ltr'><em>tur</em></span> <span class='ocrx_word' id='word_1_501' title='bbox 1268 368 1279 384; x_wconf 85' lang='lat'>‚</span> <span class='ocrx_word' id='word_1_502' title='bbox 1305 344 1386 386; x_wconf 72' lang='lat' dir='ltr'><em>quod</em></span> <span class='ocrx_word' id='word_1_503' title='bbox 1403 348 1436 375; x_wconf 88' lang='lat' dir='ltr'><em>in</em></span> <span class='ocrx_word' id='word_1_504' title='bbox 1468 342 1582 383; x_wconf 73' lang='lat' dir='ltr'><em>Christo</em></span> <span class='ocrx_word' id='word_1_505' title='bbox 1607 349 1726 376; x_wconf 83' lang='lat' dir='ltr'><em>naturis</em></span> <span class='ocrx_word' id='word_1_506' title='bbox 1748 344 1900 385; x_wconf 65' lang='lat' dir='ltr'><em>inconfuse</em></span> <span class='ocrx_word' id='word_1_507' title='bbox 1924 351 2073 379; x_wconf 81' lang='lat' dir='ltr'><em>manenti-</em></span> 
     </span>
     <span class='ocr_line' id='line_1_77' title="bbox 1194 391 2073 437; baseline 0.002 -11"><span class='ocrx_word' id='word_1_508' title='bbox 1194 394 1248 428; x_wconf 75' lang='lat' dir='ltr'><em>bus</em></span> <span class='ocrx_word' id='word_1_509' title='bbox 1266 392 1455 437; x_wconf 77' lang='lat' dir='ltr'><em>subfistentiae</em></span> <span class='ocrx_word' id='word_1_510' title='bbox 1477 405 1587 436; x_wconf 86' lang='lat' dir='ltr'><em>quoque</em></span> <span class='ocrx_word' id='word_1_511' title='bbox 1603 391 1836 435; x_wconf 74' lang='lat' dir='ltr'><em>permanserunt</em></span> <span class='ocrx_word' id='word_1_512' title='bbox 1861 418 1872 433; x_wconf 95' lang='lat'><strong><em>,</em></strong></span> <span class='ocrx_word' id='word_1_513' title='bbox 1907 406 1977 435; x_wconf 82' lang='lat' dir='ltr'><em>quae</em></span> <span class='ocrx_word' id='word_1_514' title='bbox 1997 407 2073 428; x_wconf 90' lang='lat' dir='ltr'><em>nun-</em></span> 
     </span>
     <span class='ocr_line' id='line_1_78' title="bbox 1194 441 2071 486; baseline 0.002 -10"><span class='ocrx_word' id='word_1_515' title='bbox 1194 456 1284 486; x_wconf 86' lang='lat' dir='ltr'><em>quam</em></span> <span class='ocrx_word' id='word_1_516' title='bbox 1299 443 1447 484; x_wconf 79' lang='lat' dir='ltr'><em>fuerunt:</em></span> <span class='ocrx_word' id='word_1_517' title='bbox 1477 446 1629 486; x_wconf 74' lang='lat' dir='ltr'><em>‚Quoniam</em></span> <span class='ocrx_word' id='word_1_518' title='bbox 1648 441 1766 486; x_wconf 87' lang='lat' dir='ltr'><em>semper</em></span> <span class='ocrx_word' id='word_1_519' title='bbox 1775 444 1820 477; x_wconf 89' lang='lat' dir='ltr'><em>ad</em></span> <span class='ocrx_word' id='word_1_520' title='bbox 1829 446 1886 477; x_wconf 82' lang='lat' dir='ltr'><em>Dei</em></span> <span class='ocrx_word' id='word_1_521' title='bbox 1906 443 2071 486; x_wconf 82' lang='lat' dir='ltr'><em>Verbisub-</em></span> 
     </span>
     <span class='ocr_line' id='line_1_79' title="bbox 1188 492 2071 536; baseline 0 -9"><span class='ocrx_word' id='word_1_522' title='bbox 1188 493 1348 535; x_wconf 67' lang='lat' dir='ltr'><em>sistentiam</em></span> <span class='ocrx_word' id='word_1_523' title='bbox 1381 492 1555 528; x_wconf 79' lang='lat' dir='ltr'><em>humanitas</em></span> <span class='ocrx_word' id='word_1_524' title='bbox 1576 495 1630 526; x_wconf 81' lang='lat' dir='ltr'><em>illa</em></span> <span class='ocrx_word' id='word_1_525' title='bbox 1650 498 1800 534; x_wconf 80' lang='lat' dir='ltr'><em>pertinuit</em></span> <span class='ocrx_word' id='word_1_526' title='bbox 1823 517 1833 533; x_wconf 84' lang='lat'>‚</span> <span class='ocrx_word' id='word_1_527' title='bbox 1859 504 2071 536; x_wconf 75' lang='lat' dir='ltr'><em>nunquamque</em></span> 
     </span>
     <span class='ocr_line' id='line_1_80' title="bbox 1187 541 2073 586; baseline 0 -11"><span class='ocrx_word' id='word_1_528' title='bbox 1187 542 1252 586; x_wconf 78' lang='lat' dir='ltr'><em>sola</em></span> <span class='ocrx_word' id='word_1_529' title='bbox 1265 544 1347 576; x_wconf 79' lang='lat' dir='ltr'><em>velut</em></span> <span class='ocrx_word' id='word_1_530' title='bbox 1361 548 1393 577; x_wconf 81' lang='lat' dir='ltr'><em>in</em></span> <span class='ocrx_word' id='word_1_531' title='bbox 1400 541 1527 585; x_wconf 81' lang='lat' dir='ltr'><em>perfima</em></span> <span class='ocrx_word' id='word_1_532' title='bbox 1530 550 1657 585; x_wconf 78' lang='lat' dir='ltr'><em>propria</em></span> <span class='ocrx_word' id='word_1_533' title='bbox 1665 541 1799 586; x_wconf 78' lang='lat' dir='ltr'><em>substitit</em></span> <span class='ocrx_word' id='word_1_534' title='bbox 1808 542 1994 586; x_wconf 85' lang='lat' dir='ltr'><em>adsumentis</em></span> <span class='ocrx_word' id='word_1_535' title='bbox 1999 541 2073 585; x_wconf 88' lang='lat' dir='ltr'><em>sub-</em></span> 
     </span>
     <span class='ocr_line' id='line_1_81' title="bbox 1186 591 2102 636; baseline 0 -10"><span class='ocrx_word' id='word_1_536' title='bbox 1186 592 1346 635; x_wconf 69' lang='lat' dir='ltr'><em>sistentiam</em></span> <span class='ocrx_word' id='word_1_537' title='bbox 1375 593 1465 625; x_wconf 57' lang='lat' dir='ltr'><em>naria</em></span> <span class='ocrx_word' id='word_1_538' title='bbox 1478 617 1489 633; x_wconf 88' lang='lat'>‚</span> <span class='ocrx_word' id='word_1_539' title='bbox 1515 594 1549 633; x_wconf 62' lang='lat'><em>(9</em></span> <span class='ocrx_word' id='word_1_540' title='bbox 1571 598 1604 626; x_wconf 77' lang='lat' dir='ltr'><em>in</em></span> <span class='ocrx_word' id='word_1_541' title='bbox 1625 594 1710 626; x_wconf 85' lang='lat' dir='ltr'><em>illam</em></span> <span class='ocrx_word' id='word_1_542' title='bbox 1735 591 1881 635; x_wconf 73' lang='lat' dir='ltr'><em>nascendo</em></span> <span class='ocrx_word' id='word_1_543' title='bbox 1901 591 2046 636; x_wconf 82' lang='lat' dir='ltr'><em>tranfiens</em></span> <span class='ocrx_word' id='word_1_544' title='bbox 2060 617 2071 632; x_wconf 90' lang='lat'>,</span> <span class='ocrx_word' id='word_1_545' title='bbox 2092 631 2102 635; x_wconf 21' lang='grc' dir='ltr'>χ</span> 
     </span>
     <span class='ocr_line' id='line_1_82' title="bbox 1192 641 2070 685; baseline 0 -8"><span class='ocrx_word' id='word_1_546' title='bbox 1192 645 1246 677; x_wconf 84' lang='lat' dir='ltr'><em>vel</em></span> <span class='ocrx_word' id='word_1_547' title='bbox 1264 641 1444 685; x_wconf 81' lang='lat' dir='ltr'><em>transeundo</em></span> <span class='ocrx_word' id='word_1_548' title='bbox 1465 641 1587 685; x_wconf 74' lang='lat' dir='ltr'><em>naftens</em></span> <span class='ocrx_word' id='word_1_549' title='bbox 1608 667 1618 682; x_wconf 90' lang='lat'>‚</span> <span class='ocrx_word' id='word_1_550' title='bbox 1645 649 1689 675; x_wconf 87' lang='lat' dir='ltr'><em>cui</em></span> <span class='ocrx_word' id='word_1_551' title='bbox 1700 642 1790 685; x_wconf 70' lang='lat' dir='ltr'><em>causa</em></span> <span class='ocrx_word' id='word_1_552' title='bbox 1801 644 1937 683; x_wconf 82' lang='lat' dir='ltr'><em>oriendi,</em></span> <span class='ocrx_word' id='word_1_553' title='bbox 1963 651 2070 677; x_wconf 82' lang='lat' dir='ltr'><em>totum·</em></span> 
     </span>
     <span class='ocr_line' id='line_1_83' title="bbox 1192 690 1867 736; baseline -0.003 -10"><span class='ocrx_word' id='word_1_554' title='bbox 1192 705 1247 736; x_wconf 89' lang='lat' dir='ltr'><em>que</em></span> <span class='ocrx_word' id='word_1_555' title='bbox 1270 694 1351 735; x_wconf 84' lang='lat' dir='ltr'><em>quod</em></span> <span class='ocrx_word' id='word_1_556' title='bbox 1358 701 1424 725; x_wconf 82' lang='lat' dir='ltr'><em>orta</em></span> <span class='ocrx_word' id='word_1_557' title='bbox 1434 691 1471 732; x_wconf 83' lang='lat' dir='ltr'><em>est</em></span> <span class='ocrx_word' id='word_1_558' title='bbox 1485 716 1497 732; x_wconf 87' lang='lat'>‚</span> <span class='ocrx_word' id='word_1_559' title='bbox 1521 691 1587 735; x_wconf 79' lang='lat' dir='ltr'><em>ipsa</em></span> <span class='ocrx_word' id='word_1_560' title='bbox 1590 693 1657 733; x_wconf 85' lang='lat' dir='ltr'><em>fuit</em></span> <span class='ocrx_word' id='word_1_561' title='bbox 1679 690 1867 735; x_wconf 85' lang='lat' dir='ltr'><em>adsumptio.</em></span> 
     </span>
    </p>

    <p class='ocr_par' dir='ltr' id='par_1_29' title="bbox 1186 741 2206 1477">
     <span class='ocr_line' id='line_1_84' title="bbox 1242 741 2069 790; baseline 0.004 -14"><span class='ocrx_word' id='word_1_562' title='bbox 1242 742 1335 776; x_wconf 84' lang='lat' dir='ltr'><em>Hinc</em></span> <span class='ocrx_word' id='word_1_563' title='bbox 1345 741 1487 776; x_wconf 77' lang='lat' dir='ltr'><em>omnino</em></span> <span class='ocrx_word' id='word_1_564' title='bbox 1509 753 1629 786; x_wconf 82' lang='lat' dir='ltr'><em>magna</em></span> <span class='ocrx_word' id='word_1_565' title='bbox 1646 741 1690 775; x_wconf 89' lang='lat' dir='ltr'><em>est</em></span> <span class='ocrx_word' id='word_1_566' title='bbox 1714 743 1847 790; x_wconf 80' lang='lat' dir='ltr'><em>quaestio</em></span> <span class='ocrx_word' id='word_1_567' title='bbox 1859 767 1871 784; x_wconf 89' lang='lat'>,</span> <span class='ocrx_word' id='word_1_568' title='bbox 1897 742 2069 786; x_wconf 86' lang='lat' dir='ltr'><em>quomodo</em></span> 
     </span>
     <span class='ocr_line' id='line_1_85' title="bbox 1192 791 2069 836; baseline 0 -10"><span class='ocrx_word' id='word_1_569' title='bbox 1192 793 1337 836; x_wconf 86' lang='lat' dir='ltr'><em>Cyrillus</em></span> <span class='ocrx_word' id='word_1_570' title='bbox 1348 793 1435 827; x_wconf 90' lang='lat' dir='ltr'><em>dicat</em></span> <span class='ocrx_word' id='word_1_571' title='bbox 1446 803 1515 826; x_wconf 90' lang='lat' dir='ltr'><em>non</em></span> <span class='ocrx_word' id='word_1_572' title='bbox 1526 791 1656 831; x_wconf 77' lang='lat' dir='ltr'><em>tantum</em></span> <span class='ocrx_word' id='word_1_573' title='bbox 1668 791 1779 831; x_wconf 82' lang='lat' dir='ltr'><em>ambas</em></span> <span class='ocrx_word' id='word_1_574' title='bbox 1791 803 1920 830; x_wconf 84' lang='lat' dir='ltr'><em>naturas</em></span> <span class='ocrx_word' id='word_1_575' title='bbox 1933 816 1944 832; x_wconf 91' lang='lat'><strong>,</strong></span> <span class='ocrx_word' id='word_1_576' title='bbox 1969 792 2021 826; x_wconf 87' lang='lat' dir='ltr'><em>sed</em></span> <span class='ocrx_word' id='word_1_577' title='bbox 2034 793 2069 826; x_wconf 71' lang='grc' dir='ltr'><em>ὅ(</em></span> 
     </span>
     <span class='ocr_line' id='line_1_86' title="bbox 1191 841 2069 886; baseline -0.001 -10"><span class='ocrx_word' id='word_1_578' title='bbox 1191 843 1303 878; x_wconf 87' lang='lat' dir='ltr'><em>ambas</em></span> <span class='ocrx_word' id='word_1_579' title='bbox 1324 853 1433 878; x_wconf 85' lang='lat' dir='ltr'><em>earum</em></span> <span class='ocrx_word' id='word_1_580' title='bbox 1459 841 1672 879; x_wconf 82' lang='lat' dir='ltr'><em>subsistentias</em></span> <span class='ocrx_word' id='word_1_581' title='bbox 1692 842 1727 875; x_wconf 89' lang='lat' dir='ltr'><em>in</em></span> <span class='ocrx_word' id='word_1_582' title='bbox 1750 842 1903 876; x_wconf 91' lang='lat' dir='ltr'><em>Domino</em></span> <span class='ocrx_word' id='word_1_583' title='bbox 1926 842 2069 886; x_wconf 86' lang='lat' dir='ltr'><em>integras</em></span> 
     </span>
     <span class='ocr_line' id='line_1_87' title="bbox 1191 891 2071 939; baseline -0.005 -12"><span class='ocrx_word' id='word_1_584' title='bbox 1191 903 1286 936; x_wconf 88' lang='lat' dir='ltr'><em>atque</em></span> <span class='ocrx_word' id='word_1_585' title='bbox 1309 893 1497 926; x_wconf 75' lang='lat' dir='ltr'><em>inconfusas</em></span> <span class='ocrx_word' id='word_1_586' title='bbox 1511 891 1729 937; x_wconf 68' lang='lat' dir='ltr'><em>permansisse.</em></span> <span class='ocrx_word' id='word_1_587' title='bbox 1758 891 1894 926; x_wconf 86' lang='lat' dir='ltr'><em>Etenim</em></span> <span class='ocrx_word' id='word_1_588' title='bbox 1916 891 2071 939; x_wconf 56' lang='lat' dir='ltr'><em>Qintiav</em></span> 
     </span>
     <span class='ocr_line' id='line_1_88' title="bbox 1193 941 2072 986; baseline 0 -10"><span class='ocrx_word' id='word_1_589' title='bbox 1193 955 1252 977; x_wconf 89' lang='lat' dir='ltr'><em>nus</em></span> <span class='ocrx_word' id='word_1_590' title='bbox 1276 968 1287 985; x_wconf 88' lang='lat'>,</span> <span class='ocrx_word' id='word_1_591' title='bbox 1314 942 1500 979; x_wconf 85' lang='lat' dir='ltr'><em>Asculanus</em></span> <span class='ocrx_word' id='word_1_592' title='bbox 1530 942 1566 977; x_wconf 87' lang='lat' dir='ltr'><em>in</em></span> <span class='ocrx_word' id='word_1_593' title='bbox 1588 941 1711 986; x_wconf 83' lang='lat' dir='ltr'>Apulia</span> <span class='ocrx_word' id='word_1_594' title='bbox 1734 941 1792 975; x_wconf 90' lang='lat' dir='ltr'><em>sub</em></span> <span class='ocrx_word' id='word_1_595' title='bbox 1823 941 1934 976; x_wconf 84' lang='lat' dir='ltr'><em>Felice</em></span> <span class='ocrx_word' id='word_1_596' title='bbox 1972 942 2072 976; x_wconf 88' lang='lat' dir='ltr'><em>tertio</em></span> 
     </span>
     <span class='ocr_line' id='line_1_89' title="bbox 1193 990 2071 1036; baseline 0 -10"><span class='ocrx_word' id='word_1_597' title='bbox 1193 993 1355 1029; x_wconf 74' lang='lat' dir='ltr'><em>pontifice</em></span> <span class='ocrx_word' id='word_1_598' title='bbox 1363 993 1543 1036; x_wconf 83' lang='lat' dir='ltr'>Episcopus</span> <span class='ocrx_word' id='word_1_599' title='bbox 1554 1017 1565 1033; x_wconf 87' lang='lat'>‚</span> <span class='ocrx_word' id='word_1_600' title='bbox 1592 993 1677 1030; x_wconf 86' lang='lat' dir='ltr'><em>inter</em></span> <span class='ocrx_word' id='word_1_601' title='bbox 1687 992 1770 1026; x_wconf 87' lang='lat' dir='ltr'><em>alios</em></span> <span class='ocrx_word' id='word_1_602' title='bbox 1779 990 2071 1030; x_wconf 84' lang='lat' dir='ltr'><em>anathematismos</em></span> 
     </span>
     <span class='ocr_line' id='line_1_90' title="bbox 1191 1040 2071 1085; baseline -0.002 -8"><span class='ocrx_word' id='word_1_603' title='bbox 1191 1044 1291 1083; x_wconf 83' lang='lat' dir='ltr'><em>etiam</em></span> <span class='ocrx_word' id='word_1_604' title='bbox 1303 1042 1391 1080; x_wconf 87' lang='lat' dir='ltr'><em>hunc</em></span> <span class='ocrx_word' id='word_1_605' title='bbox 1404 1043 1488 1076; x_wconf 87' lang='lat' dir='ltr'><em>mifit</em></span> <span class='ocrx_word' id='word_1_606' title='bbox 1499 1042 1540 1076; x_wconf 87' lang='lat' dir='ltr'><em>ad</em></span> <span class='ocrx_word' id='word_1_607' title='bbox 1551 1041 1685 1076; x_wconf 87' lang='lat' dir='ltr'><em>Petrum</em></span> <span class='ocrx_word' id='word_1_608' title='bbox 1698 1040 1893 1085; x_wconf 84' lang='lat' dir='ltr'><em>Cnapheum</em></span> <span class='ocrx_word' id='word_1_609' title='bbox 1904 1066 1913 1081; x_wconf 90' lang='lat'>,</span> <span class='ocrx_word' id='word_1_610' title='bbox 1933 1041 2071 1076; x_wconf 51' lang='lat' dir='ltr'><em>Patriae</em></span> 
     </span>
     <span class='ocr_line' id='line_1_91' title="bbox 1191 1091 2072 1136; baseline -0.003 -9"><span class='ocrx_word' id='word_1_611' title='bbox 1191 1092 1287 1127; x_wconf 87' lang='lat' dir='ltr'><em>cham</em></span> <span class='ocrx_word' id='word_1_612' title='bbox 1315 1091 1567 1136; x_wconf 82' lang='lat' dir='ltr'><em>Antiochenum</em></span> <span class='ocrx_word' id='word_1_613' title='bbox 1590 1105 1597 1124; x_wconf 77' lang='lat' dir='ltr'><em>z</em></span> <span class='ocrx_word' id='word_1_614' title='bbox 1625 1094 1656 1128; x_wconf 76' lang='lat' dir='ltr'><em>si</em></span> <span class='ocrx_word' id='word_1_615' title='bbox 1675 1099 1743 1134; x_wconf 87' lang='lat' dir='ltr'><em>quis</em></span> <span class='ocrx_word' id='word_1_616' title='bbox 1774 1093 1847 1125; x_wconf 84' lang='lat' dir='ltr'><em>dicit</em></span> <span class='ocrx_word' id='word_1_617' title='bbox 1892 1093 1970 1126; x_wconf 86' lang='lat' dir='ltr'><em>duas</em></span> <span class='ocrx_word' id='word_1_618' title='bbox 2001 1100 2072 1133; x_wconf 87' lang='lat' dir='ltr'><em>per-</em></span> 
     </span>
     <span class='ocr_line' id='line_1_92' title="bbox 1186 1141 2069 1186; baseline -0.003 -10"><span class='ocrx_word' id='word_1_619' title='bbox 1186 1142 1278 1186; x_wconf 80' lang='lat' dir='ltr'><em>sonas</em></span> <span class='ocrx_word' id='word_1_620' title='bbox 1291 1142 1357 1184; x_wconf 83' lang='lat' dir='ltr'><em>five</em></span> <span class='ocrx_word' id='word_1_621' title='bbox 1377 1141 1572 1186; x_wconf 72' lang='lat' dir='ltr'><em>subsistentias</em></span> <span class='ocrx_word' id='word_1_622' title='bbox 1587 1167 1598 1182; x_wconf 94' lang='lat'>‚</span> <span class='ocrx_word' id='word_1_623' title='bbox 1626 1143 1660 1182; x_wconf 61' lang='grc' dir='ltr'><strong>Ψ</strong></span> <span class='ocrx_word' id='word_1_624' title='bbox 1673 1153 1730 1174; x_wconf 92' lang='lat' dir='ltr'><em>non</em></span> <span class='ocrx_word' id='word_1_625' title='bbox 1735 1142 1837 1183; x_wconf 71' lang='lat' dir='ltr'><em>potius</em></span> <span class='ocrx_word' id='word_1_626' title='bbox 1847 1142 1925 1175; x_wconf 85' lang='lat' dir='ltr'><em>duas</em></span> <span class='ocrx_word' id='word_1_627' title='bbox 1939 1149 2069 1179; x_wconf 67' lang='lat' dir='ltr'><em>naturas</em></span> 
     </span>
     <span class='ocr_line' id='line_1_93' title="bbox 1191 1190 2063 1236; baseline -0.006 -10"><span class='ocrx_word' id='word_1_628' title='bbox 1191 1201 1223 1226; x_wconf 86' lang='lat' dir='ltr'><em>in</em></span> <span class='ocrx_word' id='word_1_629' title='bbox 1234 1205 1327 1230; x_wconf 88' lang='lat' dir='ltr'><em>unam</em></span> <span class='ocrx_word' id='word_1_630' title='bbox 1331 1191 1492 1236; x_wconf 87' lang='lat' dir='ltr'><em>personam</em></span> <span class='ocrx_word' id='word_1_631' title='bbox 1503 1194 1538 1226; x_wconf 62' lang='grc' dir='ltr'><em>Θ</em></span> <span class='ocrx_word' id='word_1_632' title='bbox 1547 1203 1641 1225; x_wconf 86' lang='lat' dir='ltr'><em>unam</em></span> <span class='ocrx_word' id='word_1_633' title='bbox 1659 1190 1874 1234; x_wconf 80' lang='lat' dir='ltr'><em>subfistentiam</em></span> <span class='ocrx_word' id='word_1_634' title='bbox 1894 1202 2063 1224; x_wconf 61' lang='lat' dir='ltr'><em>concurren,</em></span> 
     </span>
     <span class='ocr_line' id='line_1_94' title="bbox 1193 1239 2072 1284; baseline -0.003 -8"><span class='ocrx_word' id='word_1_635' title='bbox 1193 1253 1237 1277; x_wconf 82' lang='lat' dir='ltr'><em>tes</em></span> <span class='ocrx_word' id='word_1_636' title='bbox 1251 1268 1262 1284; x_wconf 92' lang='lat'>‚</span> <span class='ocrx_word' id='word_1_637' title='bbox 1281 1245 1441 1277; x_wconf 87' lang='lat' dir='ltr'><em>damnetur</em></span> <span class='ocrx_word' id='word_1_638' title='bbox 1456 1269 1463 1275; x_wconf 96' lang='lat'>.</span> <span class='ocrx_word' id='word_1_639' title='bbox 1492 1243 1627 1276; x_wconf 87' lang='lat' dir='ltr'><em>Etenim</em></span> <span class='ocrx_word' id='word_1_640' title='bbox 1635 1240 1764 1284; x_wconf 66' lang='lat' dir='ltr'><em>persona</em></span> <span class='ocrx_word' id='word_1_641' title='bbox 1774 1266 1785 1282; x_wconf 94' lang='lat'>‚</span> <span class='ocrx_word' id='word_1_642' title='bbox 1805 1253 1866 1284; x_wconf 87' lang='lat' dir='ltr'><em>qua</em></span> <span class='ocrx_word' id='word_1_643' title='bbox 1873 1239 2002 1284; x_wconf 74' lang='lat' dir='ltr'><em>persona</em></span> <span class='ocrx_word' id='word_1_644' title='bbox 2013 1240 2050 1280; x_wconf 85' lang='lat' dir='ltr'><em>est</em></span> <span class='ocrx_word' id='word_1_645' title='bbox 2061 1264 2072 1280; x_wconf 86' lang='lat'>‚</span> 
     </span>
     <span class='ocr_line' id='line_1_95' title="bbox 1193 1290 2206 1338; baseline -0.001 -11"><span class='ocrx_word' id='word_1_646' title='bbox 1193 1306 1251 1327; x_wconf 86' lang='lat' dir='ltr'><em>non</em></span> <span class='ocrx_word' id='word_1_647' title='bbox 1267 1293 1360 1338; x_wconf 85' lang='lat' dir='ltr'><em>potest</em></span> <span class='ocrx_word' id='word_1_648' title='bbox 1385 1299 1465 1331; x_wconf 78' lang='lat' dir='ltr'><em>uniri</em></span> <span class='ocrx_word' id='word_1_649' title='bbox 1483 1290 1618 1335; x_wconf 81' lang='lat' dir='ltr'><em>personae</em></span> <span class='ocrx_word' id='word_1_650' title='bbox 1632 1316 1642 1332; x_wconf 90' lang='lat'>,</span> <span class='ocrx_word' id='word_1_651' title='bbox 1668 1293 1715 1325; x_wconf 90' lang='lat' dir='ltr'><em>uti</em></span> <span class='ocrx_word' id='word_1_652' title='bbox 1739 1292 1825 1335; x_wconf 85' lang='lat' dir='ltr'><em>apud</em></span> <span class='ocrx_word' id='word_1_653' title='bbox 1852 1290 2013 1324; x_wconf 87' lang='lat' dir='ltr'><em>Photium</em></span> <span class='ocrx_word' id='word_1_654' title='bbox 2035 1291 2071 1324; x_wconf 87' lang='lat' dir='ltr'><em>in</em></span> <span class='ocrx_word' id='word_1_655' title='bbox 2093 1295 2120 1325; x_wconf 88' lang='lat' dir='ltr'><em>L.</em></span> <span class='ocrx_word' id='word_1_656' title='bbox 2139 1296 2206 1325; x_wconf 73' lang='lat'><em>228«</em></span> 
     </span>
     <span class='ocr_line' id='line_1_96' title="bbox 1194 1341 2073 1381; baseline -0.002 -5"><span class='ocrx_word' id='word_1_657' title='bbox 1194 1343 1400 1381; x_wconf 85' lang='lat' dir='ltr'><em>Bibliotheca</em></span> <span class='ocrx_word' id='word_1_658' title='bbox 1421 1342 1612 1378; x_wconf 87' lang='lat' dir='ltr'><em>ostenditin</em></span> <span class='ocrx_word' id='word_1_659' title='bbox 1637 1341 1752 1375; x_wconf 84' lang='lat' dir='ltr'><em>litteris</em></span> <span class='ocrx_word' id='word_1_660' title='bbox 1774 1342 1814 1375; x_wconf 90' lang='lat' dir='ltr'><em>ad</em></span> <span class='ocrx_word' id='word_1_661' title='bbox 1838 1341 2073 1379; x_wconf 85' lang='lat' dir='ltr'><em>Domitianum</em></span> 
     </span>
     <span class='ocr_line' id='line_1_97' title="bbox 1194 1390 2073 1436; baseline -0.002 -9"><span class='ocrx_word' id='word_1_662' title='bbox 1194 1394 1352 1428; x_wconf 81' lang='lat' dir='ltr'><em>Melitinae</em></span> <span class='ocrx_word' id='word_1_663' title='bbox 1363 1393 1561 1436; x_wconf 79' lang='lat' dir='ltr'>Episcopum</span> <span class='ocrx_word' id='word_1_664' title='bbox 1571 1393 1703 1427; x_wconf 62' lang='lat' dir='ltr'><em>Sanetus</em></span> <span class='ocrx_word' id='word_1_665' title='bbox 1711 1390 1876 1426; x_wconf 75' lang='lat' dir='ltr'><em>Effemius</em></span> <span class='ocrx_word' id='word_1_666' title='bbox 1886 1390 2073 1426; x_wconf 75' lang='lat' dir='ltr'><em>patriarcha</em></span> 
     </span>
     <span class='ocr_line' id='line_1_98' title="bbox 1194 1442 1450 1477; baseline 0 -1"><span class='ocrx_word' id='word_1_667' title='bbox 1194 1442 1430 1477; x_wconf 88' lang='lat' dir='ltr'><em>Antiochenus</em></span> <span class='ocrx_word' id='word_1_668' title='bbox 1443 1468 1450 1476; x_wconf 83' lang='grc'><strong>.</strong></span> 
     </span>
    </p>

    <p class='ocr_par' dir='ltr' id='par_1_30' title="bbox 1192 1490 2234 2787">
     <span class='ocr_line' id='line_1_99' title="bbox 1241 1490 2074 1535; baseline -0.004 -9"><span class='ocrx_word' id='word_1_669' title='bbox 1241 1492 1297 1531; x_wconf 80' lang='lat' dir='ltr'><em>Ad</em></span> <span class='ocrx_word' id='word_1_670' title='bbox 1321 1493 1448 1527; x_wconf 83' lang='lat' dir='ltr'><em>nodum</em></span> <span class='ocrx_word' id='word_1_671' title='bbox 1462 1490 1552 1528; x_wconf 88' lang='lat' dir='ltr'><em>hunc</em></span> <span class='ocrx_word' id='word_1_672' title='bbox 1570 1490 1742 1535; x_wconf 82' lang='lat' dir='ltr'><em>respondet</em></span> <span class='ocrx_word' id='word_1_673' title='bbox 1763 1490 1852 1529; x_wconf 86' lang='lat' dir='ltr'><em>idem</em></span> <span class='ocrx_word' id='word_1_674' title='bbox 1863 1490 2029 1527; x_wconf 81' lang='lat' dir='ltr'><em>Efremius</em></span> <span class='ocrx_word' id='word_1_675' title='bbox 2041 1490 2074 1523; x_wconf 90' lang='lat' dir='ltr'><em>in</em></span> 
     </span>
     <span class='ocr_line' id='line_1_100' title="bbox 1195 1540 2079 1583; baseline -0.002 -8"><span class='ocrx_word' id='word_1_676' title='bbox 1195 1542 1295 1575; x_wconf 82' lang='lat' dir='ltr'><em>relata</em></span> <span class='ocrx_word' id='word_1_677' title='bbox 1312 1541 1434 1582; x_wconf 78' lang='lat' dir='ltr'><em>ibidem</em></span> <span class='ocrx_word' id='word_1_678' title='bbox 1460 1541 1615 1576; x_wconf 83' lang='lat' dir='ltr'><em>oratione</em></span> <span class='ocrx_word' id='word_1_679' title='bbox 1638 1542 1679 1576; x_wconf 88' lang='lat' dir='ltr'><em>de</em></span> <span class='ocrx_word' id='word_1_680' title='bbox 1699 1541 1777 1574; x_wconf 66' lang='lat' dir='ltr'><em>actis</em></span> <span class='ocrx_word' id='word_1_681' title='bbox 1799 1540 1976 1583; x_wconf 86' lang='lat' dir='ltr'><em>Synodicis</em></span> <span class='ocrx_word' id='word_1_682' title='bbox 1997 1540 2079 1583; x_wconf 55' lang='lat' dir='ltr'><em>Syn*</em></span> 
     </span>
     <span class='ocr_line' id='line_1_101' title="bbox 1193 1589 2078 1634; baseline -0.003 -9"><span class='ocrx_word' id='word_1_683' title='bbox 1193 1591 1302 1625; x_wconf 69' lang='lat' dir='ltr'><em>clerici</em></span> <span class='ocrx_word' id='word_1_684' title='bbox 1323 1590 1517 1624; x_wconf 70' lang='lat' dir='ltr'><em>Tharsensis</em></span> <span class='ocrx_word' id='word_1_685' title='bbox 1539 1592 1697 1634; x_wconf 87' lang='lat' dir='ltr'>Episcopi</span> <span class='ocrx_word' id='word_1_686' title='bbox 1721 1616 1731 1630; x_wconf 89' lang='lat'>,</span> <span class='ocrx_word' id='word_1_687' title='bbox 1756 1589 1933 1624; x_wconf 88' lang='lat' dir='ltr'><em>ostendens</em></span> <span class='ocrx_word' id='word_1_688' title='bbox 1957 1590 2078 1627; x_wconf 84' lang='lat' dir='ltr'><em>beatum</em></span> 
     </span>
     <span class='ocr_line' id='line_1_102' title="bbox 1193 1639 2079 1683; baseline 0 -10"><span class='ocrx_word' id='word_1_689' title='bbox 1193 1642 1334 1679; x_wconf 78' lang='lat' dir='ltr'><em>cyrillum</em></span> <span class='ocrx_word' id='word_1_690' title='bbox 1367 1641 1473 1677; x_wconf 83' lang='lat' dir='ltr'><em>alicubi</em></span> <span class='ocrx_word' id='word_1_691' title='bbox 1499 1640 1720 1674; x_wconf 87' lang='lat' dir='ltr'>NATURA</span> <span class='ocrx_word' id='word_1_692' title='bbox 1743 1648 1801 1681; x_wconf 83' lang='lat' dir='ltr'><em>pro</em></span> <span class='ocrx_word' id='word_1_693' title='bbox 1828 1639 1958 1683; x_wconf 71' lang='lat' dir='ltr'><em>persona</em></span> <span class='ocrx_word' id='word_1_694' title='bbox 1993 1639 2079 1683; x_wconf 72' lang='lat' dir='ltr'><em>usum</em></span> 
     </span>
     <span class='ocr_line' id='line_1_103' title="bbox 1192 1689 2079 1735; baseline 0 -11"><span class='ocrx_word' id='word_1_695' title='bbox 1192 1692 1243 1735; x_wconf 82' lang='lat' dir='ltr'><em>effe</em></span> <span class='ocrx_word' id='word_1_696' title='bbox 1256 1704 1266 1724; x_wconf 91' lang='lat'><em>:</em></span> <span class='ocrx_word' id='word_1_697' title='bbox 1295 1689 1352 1724; x_wconf 90' lang='lat' dir='ltr'><em>ubi</em></span> <span class='ocrx_word' id='word_1_698' title='bbox 1377 1701 1495 1733; x_wconf 87' lang='lat' dir='ltr'><em>nempe</em></span> <span class='ocrx_word' id='word_1_699' title='bbox 1516 1690 1598 1723; x_wconf 88' lang='lat' dir='ltr'><em>dicit</em></span> <span class='ocrx_word' id='word_1_700' title='bbox 1612 1689 1780 1727; x_wconf 80' lang='lat' dir='ltr'><em>Christum</em></span> <span class='ocrx_word' id='word_1_701' title='bbox 1804 1691 1994 1724; x_wconf 89' lang='lat' dir='ltr'><em>Dominum</em></span> <span class='ocrx_word' id='word_1_702' title='bbox 2015 1691 2079 1725; x_wconf 77' lang='lat' dir='ltr'><em>este</em></span> 
     </span>
     <span class='ocr_line' id='line_1_104' title="bbox 1192 1739 2212 1792; baseline 0 -18"><span class='ocrx_word' id='word_1_703' title='bbox 1192 1753 1283 1774; x_wconf 86' lang='lat' dir='ltr'><em>unam</em></span> <span class='ocrx_word' id='word_1_704' title='bbox 1312 1748 1456 1774; x_wconf 87' lang='lat' dir='ltr'><em>naturam</em></span> <span class='ocrx_word' id='word_1_705' title='bbox 1489 1743 1547 1773; x_wconf 88' lang='lat' dir='ltr'><em>Dei</em></span> <span class='ocrx_word' id='word_1_706' title='bbox 1583 1740 1672 1773; x_wconf 79' lang='lat' dir='ltr'><em>Verbi</em></span> <span class='ocrx_word' id='word_1_707' title='bbox 1711 1745 1931 1773; x_wconf 84' lang='lat' dir='ltr'><em>incarnatam.</em></span> <span class='ocrx_word' id='word_1_708' title='bbox 1973 1739 2079 1786; x_wconf 71' lang='lat' dir='ltr'><em>Qiod</em></span> <span class='ocrx_word' id='word_1_709' title='bbox 2098 1757 2128 1785; x_wconf 60' lang='lat' dir='ltr'><em>L,</em></span> <span class='ocrx_word' id='word_1_710' title='bbox 2146 1764 2212 1792; x_wconf 27' lang='lat'><em>230?</em></span> 
     </span>
     <span class='ocr_line' id='line_1_105' title="bbox 1194 1788 2079 1834; baseline 0 -10"><span class='ocrx_word' id='word_1_711' title='bbox 1194 1792 1299 1834; x_wconf 88' lang='lat' dir='ltr'><em>ipsum</em></span> <span class='ocrx_word' id='word_1_712' title='bbox 1333 1790 1499 1831; x_wconf 83' lang='lat' dir='ltr'><em>adseverat</em></span> <span class='ocrx_word' id='word_1_713' title='bbox 1531 1790 1666 1824; x_wconf 67' lang='lat' dir='ltr'><em>Sanctus</em></span> <span class='ocrx_word' id='word_1_714' title='bbox 1695 1788 1858 1834; x_wconf 86' lang='lat' dir='ltr'>Eulogius</span> <span class='ocrx_word' id='word_1_715' title='bbox 1889 1789 2079 1824; x_wconf 79' lang='lat' dir='ltr'><em>patriarcha</em></span> 
     </span>
     <span class='ocr_line' id='line_1_106' title="bbox 1194 1839 2080 1878; baseline 0 -4"><span class='ocrx_word' id='word_1_716' title='bbox 1194 1840 1439 1875; x_wconf 82' lang='lat' dir='ltr'><em>Alexandrinus</em></span> <span class='ocrx_word' id='word_1_717' title='bbox 1453 1841 1486 1874; x_wconf 91' lang='lat' dir='ltr'><em>in</em></span> <span class='ocrx_word' id='word_1_718' title='bbox 1502 1839 1611 1878; x_wconf 84' lang='lat' dir='ltr'><em>relatis</em></span> <span class='ocrx_word' id='word_1_719' title='bbox 1623 1839 1744 1873; x_wconf 89' lang='lat' dir='ltr'><em>ibidem</em></span> <span class='ocrx_word' id='word_1_720' title='bbox 1754 1839 1961 1874; x_wconf 83' lang='lat' dir='ltr'><em>orationibus</em></span> <span class='ocrx_word' id='word_1_721' title='bbox 1972 1841 2080 1874; x_wconf 86' lang='lat' dir='ltr'><em>adver-</em></span> 
     </span>
     <span class='ocr_line' id='line_1_107' title="bbox 1193 1872 2213 1932; baseline 0 -7"><span class='ocrx_word' id='word_1_722' title='bbox 1193 1892 1265 1925; x_wconf 74' lang='lat' dir='ltr'><em>sum</em></span> <span class='ocrx_word' id='word_1_723' title='bbox 1277 1891 1533 1928; x_wconf 80' lang='lat' dir='ltr'><em>calumniatores</em></span> <span class='ocrx_word' id='word_1_724' title='bbox 1543 1890 1670 1932; x_wconf 88' lang='lat' dir='ltr'><em>Synodi</em></span> <span class='ocrx_word' id='word_1_725' title='bbox 1683 1889 1981 1927; x_wconf 82' lang='lat' dir='ltr'><em>Chalcedonenfis.</em></span> <span class='ocrx_word' id='word_1_726' title='bbox 2010 1889 2082 1925; x_wconf 86' lang='lat' dir='ltr'><em>Ad·</em></span> <span class='ocrx_word' id='word_1_727' title='bbox 2098 1872 2126 1900; x_wconf 52' lang='grc' dir='ltr'><em>ι’</em></span> <span class='ocrx_word' id='word_1_728' title='bbox 2147 1879 2213 1907; x_wconf 64' lang='lat'>&#39;⁸²9&#39;</span> 
     </span>
     <span class='ocr_line' id='line_1_108' title="bbox 1193 1939 2081 1981; baseline -0.001 -6"><span class='ocrx_word' id='word_1_729' title='bbox 1193 1942 1242 1975; x_wconf 84' lang='lat' dir='ltr'><em>dit</em></span> <span class='ocrx_word' id='word_1_730' title='bbox 1258 1941 1424 1976; x_wconf 70' lang='lat' dir='ltr'><em>Efrequs</em></span> <span class='ocrx_word' id='word_1_731' title='bbox 1437 1940 1536 1974; x_wconf 84' lang='lat' dir='ltr'><em>etiam</em></span> <span class='ocrx_word' id='word_1_732' title='bbox 1550 1942 1620 1974; x_wconf 85' lang='lat' dir='ltr'><em>vice</em></span> <span class='ocrx_word' id='word_1_733' title='bbox 1633 1942 1722 1974; x_wconf 84' lang='lat' dir='ltr'><em>versa</em></span> <span class='ocrx_word' id='word_1_734' title='bbox 1737 1939 1954 1974; x_wconf 73' lang='lat' dir='ltr'><em>Athanasium</em></span> <span class='ocrx_word' id='word_1_735' title='bbox 1966 1965 1976 1981; x_wconf 92' lang='lat'>‚</span> <span class='ocrx_word' id='word_1_736' title='bbox 1997 1941 2081 1974; x_wconf 78' lang='lat' dir='ltr'><em>Bafi-</em></span> 
     </span>
     <span class='ocr_line' id='line_1_109' title="bbox 1195 1989 2079 2034; baseline 0 -9"><span class='ocrx_word' id='word_1_737' title='bbox 1195 1992 1298 2031; x_wconf 85' lang='lat' dir='ltr'><em>lium,</em></span> <span class='ocrx_word' id='word_1_738' title='bbox 1325 2003 1363 2024; x_wconf 83' lang='lat' dir='ltr'><em>ac</em></span> <span class='ocrx_word' id='word_1_739' title='bbox 1375 1991 1497 2034; x_wconf 87' lang='lat' dir='ltr'><em>Julium</em></span> <span class='ocrx_word' id='word_1_740' title='bbox 1522 1989 1722 2026; x_wconf 79' lang='lat' dir='ltr'><em>Pontificem</em></span> <span class='ocrx_word' id='word_1_741' title='bbox 1743 1990 1943 2034; x_wconf 86' lang='lat' dir='ltr'><em>quandoque</em></span> <span class='ocrx_word' id='word_1_742' title='bbox 1967 2002 2046 2025; x_wconf 89' lang='lat' dir='ltr'><em>voce</em></span> <span class='ocrx_word' id='word_1_743' title='bbox 2068 2015 2079 2031; x_wconf 91' lang='lat'>‚</span> 
     </span>
     <span class='ocr_line' id='line_1_110' title="bbox 1195 2038 2080 2084; baseline 0.002 -11"><span class='ocrx_word' id='word_1_744' title='bbox 1195 2040 1352 2084; x_wconf 73' lang='lat' dir='ltr'><em>Hypqliafis</em></span> <span class='ocrx_word' id='word_1_745' title='bbox 1365 2065 1375 2079; x_wconf 93' lang='lat'>‚</span> <span class='ocrx_word' id='word_1_746' title='bbox 1402 2042 1456 2074; x_wconf 90' lang='lat' dir='ltr'><em>seu</em></span> <span class='ocrx_word' id='word_1_747' title='bbox 1468 2066 1476 2080; x_wconf 93' lang='lat'>‚</span> <span class='ocrx_word' id='word_1_748' title='bbox 1499 2038 1685 2083; x_wconf 80' lang='lat' dir='ltr'><em>subfistentia</em></span> <span class='ocrx_word' id='word_1_749' title='bbox 1705 2065 1714 2079; x_wconf 95' lang='lat'>,</span> <span class='ocrx_word' id='word_1_750' title='bbox 1739 2044 1788 2075; x_wconf 89' lang='lat' dir='ltr'><em>uti</em></span> <span class='ocrx_word' id='word_1_751' title='bbox 1806 2053 1865 2084; x_wconf 88' lang='lat' dir='ltr'><em>pro</em></span> <span class='ocrx_word' id='word_1_752' title='bbox 1879 2052 1961 2075; x_wconf 91' lang='lat' dir='ltr'><em>voce</em></span> <span class='ocrx_word' id='word_1_753' title='bbox 1973 2066 1983 2081; x_wconf 93' lang='lat'>,</span> <span class='ocrx_word' id='word_1_754' title='bbox 2010 2045 2080 2075; x_wconf 85' lang='lat' dir='ltr'><em>Na-</em></span> 
     </span>
     <span class='ocr_line' id='line_1_111' title="bbox 1195 2089 2081 2134; baseline 0.001 -11"><span class='ocrx_word' id='word_1_755' title='bbox 1195 2101 1266 2124; x_wconf 84' lang='lat' dir='ltr'><em>tura</em></span> <span class='ocrx_word' id='word_1_756' title='bbox 1278 2116 1288 2131; x_wconf 88' lang='lat'>,</span> <span class='ocrx_word' id='word_1_757' title='bbox 1314 2090 1498 2134; x_wconf 77' lang='lat' dir='ltr'><em>eodemque</em></span> <span class='ocrx_word' id='word_1_758' title='bbox 1510 2090 1612 2124; x_wconf 89' lang='lat' dir='ltr'><em>modo</em></span> <span class='ocrx_word' id='word_1_759' title='bbox 1624 2091 1715 2134; x_wconf 82' lang='lat' dir='ltr'><em>loqui</em></span> <span class='ocrx_word' id='word_1_760' title='bbox 1728 2092 1760 2124; x_wconf 89' lang='lat' dir='ltr'><em>in</em></span> <span class='ocrx_word' id='word_1_761' title='bbox 1775 2089 1839 2125; x_wconf 91' lang='lat' dir='ltr'><em>hoc</em></span> <span class='ocrx_word' id='word_1_762' title='bbox 1850 2090 2081 2125; x_wconf 81' lang='lat' dir='ltr'><em>anathematis-</em></span> 
     </span>
     <span class='ocr_line' id='line_1_112' title="bbox 1196 2140 2079 2184; baseline -0.002 -8"><span class='ocrx_word' id='word_1_763' title='bbox 1196 2154 1252 2175; x_wconf 88' lang='lat' dir='ltr'><em>mo</em></span> <span class='ocrx_word' id='word_1_764' title='bbox 1264 2142 1414 2175; x_wconf 69' lang='lat' dir='ltr'><em>Sanstum</em></span> <span class='ocrx_word' id='word_1_765' title='bbox 1428 2140 1593 2183; x_wconf 86' lang='lat' dir='ltr'><em>Cyrillum</em></span> <span class='ocrx_word' id='word_1_766' title='bbox 1605 2165 1615 2180; x_wconf 91' lang='lat'>‚</span> <span class='ocrx_word' id='word_1_767' title='bbox 1641 2151 1737 2184; x_wconf 90' lang='lat' dir='ltr'><em>atque</em></span> <span class='ocrx_word' id='word_1_768' title='bbox 1753 2142 1795 2174; x_wconf 82' lang='lat' dir='ltr'><em>ita</em></span> <span class='ocrx_word' id='word_1_769' title='bbox 1809 2141 1841 2173; x_wconf 90' lang='lat' dir='ltr'><em>in</em></span> <span class='ocrx_word' id='word_1_770' title='bbox 1855 2141 1922 2183; x_wconf 84' lang='lat' dir='ltr'><em>ejus</em></span> <span class='ocrx_word' id='word_1_771' title='bbox 1933 2141 2079 2175; x_wconf 65' lang='lat' dir='ltr'><em>dostrina</em></span> 
     </span>
     <span class='ocr_line' id='line_1_113' title="bbox 1197 2190 2079 2238; baseline 0.001 -14"><span class='ocrx_word' id='word_1_772' title='bbox 1197 2191 1395 2225; x_wconf 79' lang='lat' dir='ltr'><em>nullameffe</em></span> <span class='ocrx_word' id='word_1_773' title='bbox 1422 2190 1704 2232; x_wconf 72' lang='lat' dir='ltr'><em>contrarietatem.</em></span> <span class='ocrx_word' id='word_1_774' title='bbox 1734 2191 1947 2238; x_wconf 80' lang='lat' dir='ltr'><em>Qinimmo</em></span> <span class='ocrx_word' id='word_1_775' title='bbox 1975 2191 2079 2230; x_wconf 67' lang='lat' dir='ltr'><em>Nicaee</em></span> 
     </span>
     <span class='ocr_line' id='line_1_114' title="bbox 1198 2240 2076 2285; baseline -0.001 -10"><span class='ocrx_word' id='word_1_776' title='bbox 1198 2253 1238 2275; x_wconf 87' lang='lat' dir='ltr'><em>na</em></span> <span class='ocrx_word' id='word_1_777' title='bbox 1264 2241 1443 2285; x_wconf 83' lang='lat' dir='ltr'><em>Synodus‚</em></span> <span class='ocrx_word' id='word_1_778' title='bbox 1470 2241 1550 2275; x_wconf 87' lang='lat' dir='ltr'><em>dum</em></span> <span class='ocrx_word' id='word_1_779' title='bbox 1579 2240 1688 2274; x_wconf 81' lang='lat' dir='ltr'><em>Deum</em></span> <span class='ocrx_word' id='word_1_780' title='bbox 1713 2241 1836 2274; x_wconf 85' lang='lat' dir='ltr'><em>Filium</em></span> <span class='ocrx_word' id='word_1_781' title='bbox 1865 2241 2076 2281; x_wconf 78' lang='lat' dir='ltr'><em>definiteffe,</em></span> 
     </span>
     <span class='ocr_line' id='line_1_115' title="bbox 1196 2289 2079 2332; baseline -0.001 -7"><span class='ocrx_word' id='word_1_782' title='bbox 1196 2303 1265 2325; x_wconf 89' lang='lat' dir='ltr'><em>non</em></span> <span class='ocrx_word' id='word_1_783' title='bbox 1284 2302 1324 2325; x_wconf 82' lang='lat' dir='ltr'><em>ex</em></span> <span class='ocrx_word' id='word_1_784' title='bbox 1351 2291 1459 2325; x_wconf 82' lang='lat' dir='ltr'><em>aliena</em></span> <span class='ocrx_word' id='word_1_785' title='bbox 1480 2315 1490 2332; x_wconf 90' lang='lat'>‚</span> <span class='ocrx_word' id='word_1_786' title='bbox 1516 2290 1569 2324; x_wconf 92' lang='lat' dir='ltr'><em>sed</em></span> <span class='ocrx_word' id='word_1_787' title='bbox 1591 2301 1630 2323; x_wconf 84' lang='lat' dir='ltr'><em>ex</em></span> <span class='ocrx_word' id='word_1_788' title='bbox 1654 2291 1760 2324; x_wconf 87' lang='lat' dir='ltr'><em>Patris</em></span> <span class='ocrx_word' id='word_1_789' title='bbox 1781 2291 1915 2325; x_wconf 70' lang='lat' dir='ltr'><em>essentia</em></span> <span class='ocrx_word' id='word_1_790' title='bbox 1937 2292 1991 2324; x_wconf 90' lang='lat' dir='ltr'><em>seu</em></span> <span class='ocrx_word' id='word_1_791' title='bbox 2007 2289 2079 2324; x_wconf 88' lang='lat' dir='ltr'><em>sub-</em></span> 
     </span>
     <span class='ocr_line' id='line_1_116' title="bbox 1197 2341 2077 2385; baseline -0.001 -10"><span class='ocrx_word' id='word_1_792' title='bbox 1197 2341 1335 2378; x_wconf 81' lang='lat' dir='ltr'><em>sistentia</em></span> <span class='ocrx_word' id='word_1_793' title='bbox 1352 2366 1362 2384; x_wconf 79' lang='lat'><em>,</em></span> <span class='ocrx_word' id='word_1_794' title='bbox 1388 2341 1519 2375; x_wconf 87' lang='lat' dir='ltr'><em>videtur</em></span> <span class='ocrx_word' id='word_1_795' title='bbox 1545 2350 1717 2385; x_wconf 85' lang='lat' dir='ltr'><em>utramque</em></span> <span class='ocrx_word' id='word_1_796' title='bbox 1738 2352 1853 2374; x_wconf 87' lang='lat' dir='ltr'><em>vocem</em></span> <span class='ocrx_word' id='word_1_797' title='bbox 1878 2353 1936 2384; x_wconf 83' lang='lat' dir='ltr'><em>pro</em></span> <span class='ocrx_word' id='word_1_798' title='bbox 1958 2341 2077 2375; x_wconf 86' lang='lat' dir='ltr'><em>eodem</em></span> 
     </span>
     <span class='ocr_line' id='line_1_117' title="bbox 1196 2390 2074 2435; baseline 0 -11"><span class='ocrx_word' id='word_1_799' title='bbox 1196 2392 1351 2435; x_wconf 68' lang='lat' dir='ltr'><em>accepisse</em></span> <span class='ocrx_word' id='word_1_800' title='bbox 1374 2416 1383 2431; x_wconf 92' lang='lat'>‚</span> <span class='ocrx_word' id='word_1_801' title='bbox 1411 2390 1487 2424; x_wconf 77' lang='lat' dir='ltr'><em>licet</em></span> <span class='ocrx_word' id='word_1_802' title='bbox 1512 2390 1603 2424; x_wconf 86' lang='lat' dir='ltr'><em>aliud</em></span> <span class='ocrx_word' id='word_1_803' title='bbox 1626 2391 1704 2425; x_wconf 86' lang='lat' dir='ltr'><em>velit</em></span> <span class='ocrx_word' id='word_1_804' title='bbox 1727 2391 1860 2424; x_wconf 68' lang='lat' dir='ltr'><em>Sanaestus</em></span> <span class='ocrx_word' id='word_1_805' title='bbox 1881 2390 2018 2424; x_wconf 74' lang='lat' dir='ltr'><em>Basilius</em></span> <span class='ocrx_word' id='word_1_806' title='bbox 2041 2391 2074 2424; x_wconf 88' lang='lat' dir='ltr'><em>in</em></span> 
     </span>
     <span class='ocr_line' id='line_1_118' title="bbox 1197 2440 2145 2485; baseline 0 -10"><span class='ocrx_word' id='word_1_807' title='bbox 1197 2442 1389 2485; x_wconf 76' lang='lat' dir='ltr'><em>professione</em></span> <span class='ocrx_word' id='word_1_808' title='bbox 1399 2441 1474 2475; x_wconf 86' lang='lat' dir='ltr'><em>fidei</em></span> <span class='ocrx_word' id='word_1_809' title='bbox 1488 2441 1667 2484; x_wconf 83' lang='lat' dir='ltr'><em>praescripta</em></span> <span class='ocrx_word' id='word_1_810' title='bbox 1679 2440 1830 2475; x_wconf 85' lang='lat' dir='ltr'><em>Eustatio</em></span> <span class='ocrx_word' id='word_1_811' title='bbox 1842 2440 2077 2475; x_wconf 84' lang='lat' dir='ltr'><em>Sebastenfium</em></span> <span class='ocrx_word' id='word_1_812' title='bbox 2140 2479 2145 2485; x_wconf 51' lang='lat'>‚</span> 
     </span>
     <span class='ocr_line' id='line_1_119' title="bbox 1197 2478 2234 2549; baseline 0 -24"><span class='ocrx_word' id='word_1_813' title='bbox 1197 2493 1228 2525; x_wconf 94' lang='lat' dir='ltr'><em>in</em></span> <span class='ocrx_word' id='word_1_814' title='bbox 1244 2492 1402 2530; x_wconf 82' lang='lat' dir='ltr'><em>Armenia</em></span> <span class='ocrx_word' id='word_1_815' title='bbox 1420 2491 1658 2534; x_wconf 68' lang='lat' dir='ltr'><em>Metropolitae.</em></span> <span class='ocrx_word' id='word_1_816' title='bbox 1687 2492 1757 2534; x_wconf 85' lang='lat' dir='ltr'><em>lpse</em></span> <span class='ocrx_word' id='word_1_817' title='bbox 1768 2491 1904 2529; x_wconf 73' lang='lat' dir='ltr'><em>Basilius</em></span> <span class='ocrx_word' id='word_1_818' title='bbox 1917 2492 1949 2524; x_wconf 87' lang='lat' dir='ltr'><em>in</em></span> <span class='ocrx_word' id='word_1_819' title='bbox 1961 2491 2078 2531; x_wconf 78' lang='lat' dir='ltr'><em>litteris</em></span> <span class='ocrx_word' id='word_1_820' title='bbox 2096 2478 2234 2549; x_wconf 46' lang='lat' dir='ltr'><em>Eplsgffss</em></span> 
     </span>
     <span class='ocr_line' id='line_1_120' title="bbox 1195 2521 2232 2586; baseline 0 -11"><span class='ocrx_word' id='word_1_821' title='bbox 1195 2542 1236 2575; x_wconf 88' lang='lat' dir='ltr'><em>ad</em></span> <span class='ocrx_word' id='word_1_822' title='bbox 1258 2543 1386 2581; x_wconf 78' lang='lat' dir='ltr'><em>fratrem</em></span> <span class='ocrx_word' id='word_1_823' title='bbox 1400 2542 1494 2575; x_wconf 88' lang='lat' dir='ltr'><em>suum</em></span> <span class='ocrx_word' id='word_1_824' title='bbox 1517 2541 1716 2586; x_wconf 87' lang='lat' dir='ltr'><em>Gregorium</em></span> <span class='ocrx_word' id='word_1_825' title='bbox 1729 2540 1914 2583; x_wconf 78' lang='lat' dir='ltr'><em>Nyffenum</em></span> <span class='ocrx_word' id='word_1_826' title='bbox 1945 2541 2078 2584; x_wconf 85' lang='lat' dir='ltr'><em>Episco-</em></span> <span class='ocrx_word' id='word_1_827' title='bbox 2096 2521 2154 2557; x_wconf 62' lang='lat'><em>59¹¹</em></span> <span class='ocrx_word' id='word_1_828' title='bbox 2170 2529 2232 2555; x_wconf 76' lang='lat'><em>-34·</em></span> 
     </span>
     <span class='ocr_line' id='line_1_121' title="bbox 1197 2589 2078 2636; baseline -0.001 -11"><span class='ocrx_word' id='word_1_829' title='bbox 1197 2604 1274 2636; x_wconf 87' lang='lat' dir='ltr'><em>pum</em></span> <span class='ocrx_word' id='word_1_830' title='bbox 1288 2593 1406 2625; x_wconf 88' lang='lat' dir='ltr'><em>fatetur</em></span> <span class='ocrx_word' id='word_1_831' title='bbox 1428 2602 1566 2631; x_wconf 86' lang='lat' dir='ltr'><em>vocem,</em></span> <span class='ocrx_word' id='word_1_832' title='bbox 1593 2589 1772 2632; x_wconf 66' lang='lat' dir='ltr'><em>Hypostasts,</em></span> <span class='ocrx_word' id='word_1_833' title='bbox 1800 2603 1868 2624; x_wconf 90' lang='lat' dir='ltr'><em>non</em></span> <span class='ocrx_word' id='word_1_834' title='bbox 1892 2602 1951 2634; x_wconf 83' lang='lat' dir='ltr'><em>pro</em></span> <span class='ocrx_word' id='word_1_835' title='bbox 1974 2592 2078 2633; x_wconf 89' lang='lat' dir='ltr'><em>perso·</em></span> 
     </span>
     <span class='ocr_line' id='line_1_122' title="bbox 1197 2640 2078 2684; baseline -0.005 -7"><span class='ocrx_word' id='word_1_836' title='bbox 1197 2654 1258 2684; x_wconf 89' lang='lat' dir='ltr'><em>na,</em></span> <span class='ocrx_word' id='word_1_837' title='bbox 1286 2642 1339 2682; x_wconf 76' lang='lat' dir='ltr'><em>sed</em></span> <span class='ocrx_word' id='word_1_838' title='bbox 1351 2653 1409 2684; x_wconf 84' lang='lat' dir='ltr'><em>pro</em></span> <span class='ocrx_word' id='word_1_839' title='bbox 1431 2642 1566 2676; x_wconf 69' lang='lat' dir='ltr'><em>essentia</em></span> <span class='ocrx_word' id='word_1_840' title='bbox 1594 2641 1678 2679; x_wconf 88' lang='lat' dir='ltr'><em>sumi</em></span> <span class='ocrx_word' id='word_1_841' title='bbox 1701 2640 1742 2679; x_wconf 88' lang='lat' dir='ltr'><em>ab</em></span> <span class='ocrx_word' id='word_1_842' title='bbox 1756 2640 1922 2684; x_wconf 87' lang='lat' dir='ltr'><em>Apostolo</em></span> <span class='ocrx_word' id='word_1_843' title='bbox 1944 2640 1979 2674; x_wconf 91' lang='lat' dir='ltr'><em>in</em></span> <span class='ocrx_word' id='word_1_844' title='bbox 2001 2640 2078 2683; x_wconf 87' lang='lat' dir='ltr'>Epi.-</span> 
     </span>
     <span class='ocr_line' id='line_1_123' title="bbox 1197 2690 2075 2734; baseline -0.003 -8"><span class='ocrx_word' id='word_1_845' title='bbox 1197 2693 1279 2726; x_wconf 88' lang='lat' dir='ltr'><em>stola</em></span> <span class='ocrx_word' id='word_1_846' title='bbox 1292 2693 1332 2726; x_wconf 85' lang='lat' dir='ltr'><em>ad</em></span> <span class='ocrx_word' id='word_1_847' title='bbox 1357 2691 1533 2726; x_wconf 80' lang='lat' dir='ltr'><em>Hebraeos.</em></span> <span class='ocrx_word' id='word_1_848' title='bbox 1561 2690 1660 2725; x_wconf 75' lang='lat' dir='ltr'><em>Certe</em></span> <span class='ocrx_word' id='word_1_849' title='bbox 1686 2690 1793 2724; x_wconf 87' lang='lat' dir='ltr'><em>nostra</em></span> <span class='ocrx_word' id='word_1_850' title='bbox 1817 2690 1948 2734; x_wconf 84' lang='lat' dir='ltr'><em>vulgata</em></span> <span class='ocrx_word' id='word_1_851' title='bbox 1972 2691 2075 2724; x_wconf 84' lang='lat' dir='ltr'><em>verfio</em></span> 
     </span>
     <span class='ocr_line' id='line_1_124' title="bbox 1197 2739 2075 2787; baseline -0.006 -10"><span class='ocrx_word' id='word_1_852' title='bbox 1197 2743 1338 2787; x_wconf 78' lang='lat' dir='ltr'><em>idipsum</em></span> <span class='ocrx_word' id='word_1_853' title='bbox 1349 2743 1478 2782; x_wconf 90' lang='lat' dir='ltr'><em>censet,</em></span> <span class='ocrx_word' id='word_1_854' title='bbox 1505 2741 1721 2776; x_wconf 83' lang='lat' dir='ltr'><em>transferens:</em></span> <span class='ocrx_word' id='word_1_855' title='bbox 1748 2742 1890 2784; x_wconf 71' lang='lat' dir='ltr'><em>,Quicum</em></span> <span class='ocrx_word' id='word_1_856' title='bbox 1905 2739 1947 2781; x_wconf 84' lang='lat' dir='ltr'><em>fit</em></span> <span class='ocrx_word' id='word_1_857' title='bbox 1951 2741 2075 2784; x_wconf 83' lang='lat' dir='ltr'><em>figura,</em></span> 
     </span>
    </p>

    <p class='ocr_par' dir='ltr' id='par_1_31' title="bbox 1192 2789 2079 3579">
     <span class='ocr_line' id='line_1_125' title="bbox 1197 2789 2078 2837; baseline -0.006 -9"><span class='ocrx_word' id='word_1_858' title='bbox 1197 2793 1230 2828; x_wconf 87' lang='lat' dir='ltr'><em>id</em></span> <span class='ocrx_word' id='word_1_859' title='bbox 1257 2793 1326 2833; x_wconf 89' lang='lat' dir='ltr'><em>est,</em></span> <span class='ocrx_word' id='word_1_860' title='bbox 1353 2793 1465 2837; x_wconf 86' lang='lat' dir='ltr'><em>imago</em></span> <span class='ocrx_word' id='word_1_861' title='bbox 1484 2808 1496 2831; x_wconf 82' lang='grc'><em>·,</em></span> <span class='ocrx_word' id='word_1_862' title='bbox 1524 2803 1593 2825; x_wconf 90' lang='lat' dir='ltr'><em>non</em></span> <span class='ocrx_word' id='word_1_863' title='bbox 1614 2790 1841 2831; x_wconf 81' lang='lat' dir='ltr'><em>subfistentiae,</em></span> <span class='ocrx_word' id='word_1_864' title='bbox 1870 2789 1923 2831; x_wconf 80' lang='lat' dir='ltr'><em>sed</em></span> <span class='ocrx_word' id='word_1_865' title='bbox 1943 2789 2078 2833; x_wconf 78' lang='lat' dir='ltr'><em>substan·</em></span> 
     </span>
     <span class='ocr_line' id='line_1_126' title="bbox 1197 2839 2078 2892; baseline -0.005 -15"><span class='ocrx_word' id='word_1_866' title='bbox 1197 2850 1249 2878; x_wconf 78' lang='lat' dir='ltr'><em>tiae</em></span> <span class='ocrx_word' id='word_1_867' title='bbox 1270 2846 1354 2892; x_wconf 47' lang='lat' dir='ltr'><em>ejus„</em></span> <span class='ocrx_word' id='word_1_868' title='bbox 1384 2841 1558 2891; x_wconf 84' lang='lat' dir='ltr'><em>Qidquid</em></span> <span class='ocrx_word' id='word_1_869' title='bbox 1569 2842 1630 2880; x_wconf 85' lang='lat' dir='ltr'><em>fit,</em></span> <span class='ocrx_word' id='word_1_870' title='bbox 1656 2842 1791 2878; x_wconf 66' lang='lat' dir='ltr'><em>sanstus</em></span> <span class='ocrx_word' id='word_1_871' title='bbox 1816 2839 2014 2881; x_wconf 71' lang='lat' dir='ltr'><em>Athanasius</em></span> <span class='ocrx_word' id='word_1_872' title='bbox 2026 2851 2078 2880; x_wconf 66' lang='lat' dir='ltr'><em>va-</em></span> 
     </span>
     <span class='ocr_line' id='line_1_127' title="bbox 1198 2890 2078 2934; baseline -0.003 -6"><span class='ocrx_word' id='word_1_873' title='bbox 1198 2896 1253 2929; x_wconf 77' lang='lat' dir='ltr'><em>riis</em></span> <span class='ocrx_word' id='word_1_874' title='bbox 1281 2895 1317 2928; x_wconf 91' lang='lat' dir='ltr'><em>in</em></span> <span class='ocrx_word' id='word_1_875' title='bbox 1343 2892 1424 2927; x_wconf 86' lang='lat' dir='ltr'><em>locis</em></span> <span class='ocrx_word' id='word_1_876' title='bbox 1447 2893 1492 2927; x_wconf 82' lang='lat' dir='ltr'><em>ita</em></span> <span class='ocrx_word' id='word_1_877' title='bbox 1516 2890 1631 2926; x_wconf 78' lang='lat' dir='ltr'><em>sumit.</em></span> <span class='ocrx_word' id='word_1_878' title='bbox 1661 2890 1781 2925; x_wconf 82' lang='lat' dir='ltr'><em>Scribit</em></span> <span class='ocrx_word' id='word_1_879' title='bbox 1801 2891 1891 2925; x_wconf 88' lang='lat' dir='ltr'><em>enim</em></span> <span class='ocrx_word' id='word_1_880' title='bbox 1914 2890 1955 2925; x_wconf 84' lang='lat' dir='ltr'><em>ad</em></span> <span class='ocrx_word' id='word_1_881' title='bbox 1981 2890 2078 2934; x_wconf 85' lang='lat' dir='ltr'><em>Julia-</em></span> 
     </span>
     <span class='ocr_line' id='line_1_128' title="bbox 1199 2941 2078 2988; baseline -0.007 -9"><span class='ocrx_word' id='word_1_882' title='bbox 1199 2956 1278 2979; x_wconf 90' lang='lat' dir='ltr'><em>num</em></span> <span class='ocrx_word' id='word_1_883' title='bbox 1302 2942 1492 2988; x_wconf 85' lang='lat' dir='ltr'><em>Augustum</em></span> <span class='ocrx_word' id='word_1_884' title='bbox 1521 2943 1555 2976; x_wconf 87' lang='lat' dir='ltr'><em>in</em></span> <span class='ocrx_word' id='word_1_885' title='bbox 1576 2941 1693 2975; x_wconf 87' lang='lat' dir='ltr'><em>litteris</em></span> <span class='ocrx_word' id='word_1_886' title='bbox 1727 2942 1745 2975; x_wconf 72' lang='grc' dir='ltr'><strong>ὲ</strong></span> <span class='ocrx_word' id='word_1_887' title='bbox 1772 2941 1906 2976; x_wconf 68' lang='lat' dir='ltr'><em>laudato</em></span> <span class='ocrx_word' id='word_1_888' title='bbox 1930 2941 2078 2974; x_wconf 86' lang='lat' dir='ltr'><em>Efremio</em></span> 
     </span>
     <span class='ocr_line' id='line_1_129' title="bbox 1198 2992 2078 3035; baseline -0.008 -6"><span class='ocrx_word' id='word_1_889' title='bbox 1198 2994 1362 3031; x_wconf 68' lang='lat' dir='ltr'><em>adductis:</em></span> <span class='ocrx_word' id='word_1_890' title='bbox 1390 2997 1486 3026; x_wconf 88' lang='lat' dir='ltr'><em>Unam</em></span> <span class='ocrx_word' id='word_1_891' title='bbox 1508 2993 1658 3035; x_wconf 80' lang='lat' dir='ltr'><em>appellare</em></span> <span class='ocrx_word' id='word_1_892' title='bbox 1691 2992 1774 3027; x_wconf 86' lang='lat' dir='ltr'><em>decet</em></span> <span class='ocrx_word' id='word_1_893' title='bbox 1794 3017 1804 3032; x_wconf 89' lang='lat'><em>,</em></span> <span class='ocrx_word' id='word_1_894' title='bbox 1830 3003 1866 3024; x_wconf 82' lang='lat' dir='ltr'><em>ac</em></span> <span class='ocrx_word' id='word_1_895' title='bbox 1885 2992 1988 3033; x_wconf 77' lang='lat' dir='ltr'><em>potius</em></span> <span class='ocrx_word' id='word_1_896' title='bbox 2007 2999 2078 3032; x_wconf 84' lang='lat' dir='ltr'><em>pro—</em></span> 
     </span>
     <span class='ocr_line' id='line_1_130' title="bbox 1192 3041 2078 3087; baseline -0.007 -9"><span class='ocrx_word' id='word_1_897' title='bbox 1192 3045 1273 3087; x_wconf 82' lang='lat' dir='ltr'><em>fiteri</em></span> <span class='ocrx_word' id='word_1_898' title='bbox 1297 3044 1385 3078; x_wconf 85' lang='lat' dir='ltr'><em>Verbi</em></span> <span class='ocrx_word' id='word_1_899' title='bbox 1408 3052 1549 3076; x_wconf 87' lang='lat' dir='ltr'><em>naturam</em></span> <span class='ocrx_word' id='word_1_900' title='bbox 1559 3054 1595 3076; x_wconf 90' lang='lat' dir='ltr'><em>ac</em></span> <span class='ocrx_word' id='word_1_901' title='bbox 1615 3041 1777 3084; x_wconf 65' lang='lat' dir='ltr'><em>hypostasim</em></span> <span class='ocrx_word' id='word_1_902' title='bbox 1799 3048 1989 3075; x_wconf 82' lang='lat' dir='ltr'><em>incarnatam</em></span> <span class='ocrx_word' id='word_1_903' title='bbox 2002 3064 2009 3072; x_wconf 94' lang='lat'><strong>.</strong></span> <span class='ocrx_word' id='word_1_904' title='bbox 2037 3041 2078 3074; x_wconf 85' lang='lat' dir='ltr'><em>ln</em></span> 
     </span>
     <span class='ocr_line' id='line_1_131' title="bbox 1197 3090 2079 3139; baseline -0.008 -10"><span class='ocrx_word' id='word_1_905' title='bbox 1197 3096 1314 3139; x_wconf 72' lang='lat' dir='ltr'><em>quinta</em></span> <span class='ocrx_word' id='word_1_906' title='bbox 1337 3094 1490 3127; x_wconf 84' lang='lat' dir='ltr'><em>oratione</em></span> <span class='ocrx_word' id='word_1_907' title='bbox 1510 3104 1625 3127; x_wconf 86' lang='lat' dir='ltr'><em>contra</em></span> <span class='ocrx_word' id='word_1_908' title='bbox 1650 3091 1814 3133; x_wconf 88' lang='lat' dir='ltr'><em>Arianos,</em></span> <span class='ocrx_word' id='word_1_909' title='bbox 1839 3104 1876 3125; x_wconf 86' lang='lat' dir='ltr'><em>ac</em></span> <span class='ocrx_word' id='word_1_910' title='bbox 1901 3093 1936 3126; x_wconf 88' lang='lat' dir='ltr'><em>in</em></span> <span class='ocrx_word' id='word_1_911' title='bbox 1962 3090 2079 3125; x_wconf 81' lang='lat' dir='ltr'><em>litteris</em></span> 
     </span>
     <span class='ocr_line' id='line_1_132' title="bbox 1198 3140 2078 3187; baseline -0.008 -8"><span class='ocrx_word' id='word_1_912' title='bbox 1198 3145 1242 3179; x_wconf 35' lang='lat' dir='ltr'><em>adr</em></span> <span class='ocrx_word' id='word_1_913' title='bbox 1261 3143 1434 3179; x_wconf 88' lang='lat' dir='ltr'><em>Liberium</em></span> <span class='ocrx_word' id='word_1_914' title='bbox 1457 3143 1581 3187; x_wconf 77' lang='lat' dir='ltr'><em>Papam</em></span> <span class='ocrx_word' id='word_1_915' title='bbox 1604 3140 1720 3176; x_wconf 78' lang='lat' dir='ltr'><em>diserte</em></span> <span class='ocrx_word' id='word_1_916' title='bbox 1741 3142 1788 3176; x_wconf 81' lang='lat' dir='ltr'><em>ait</em></span> <span class='ocrx_word' id='word_1_917' title='bbox 1805 3141 1920 3177; x_wconf 80' lang='lat' dir='ltr'><em>Patris</em></span> <span class='ocrx_word' id='word_1_918' title='bbox 1941 3142 1976 3175; x_wconf 90' lang='lat'>&amp;</span> <span class='ocrx_word' id='word_1_919' title='bbox 2001 3140 2078 3177; x_wconf 85' lang='lat' dir='ltr'><em>Filii</em></span> 
     </span>
     <span class='ocr_line' id='line_1_133' title="bbox 1196 3189 2078 3236; baseline -0.006 -7"><span class='ocrx_word' id='word_1_920' title='bbox 1196 3195 1257 3229; x_wconf 82' lang='lat' dir='ltr'><em>effe</em></span> <span class='ocrx_word' id='word_1_921' title='bbox 1269 3206 1368 3229; x_wconf 83' lang='lat' dir='ltr'><em>unam</em></span> <span class='ocrx_word' id='word_1_922' title='bbox 1398 3198 1518 3236; x_wconf 54' lang='lat' dir='ltr'><em>&amp;us-1¹⁸⁷,</em></span> <span class='ocrx_word' id='word_1_923' title='bbox 1544 3204 1644 3228; x_wconf 86' lang='lat' dir='ltr'><em>unam</em></span> <span class='ocrx_word' id='word_1_924' title='bbox 1667 3200 1833 3230; x_wconf 61' lang='grc' dir='ltr'><em>ιςυςτκςιι,</em></span> <span class='ocrx_word' id='word_1_925' title='bbox 1860 3191 2027 3234; x_wconf 82' lang='lat' dir='ltr'><em>lnlitteris</em></span> <span class='ocrx_word' id='word_1_926' title='bbox 2038 3189 2078 3223; x_wconf 86' lang='lat' dir='ltr'><em>ad</em></span> 
     </span>
     <span class='ocr_line' id='line_1_134' title="bbox 1198 3239 2078 3289; baseline -0.008 -10"><span class='ocrx_word' id='word_1_927' title='bbox 1198 3246 1379 3289; x_wconf 85' lang='lat' dir='ltr'><em>Episcopos</em></span> <span class='ocrx_word' id='word_1_928' title='bbox 1400 3242 1596 3279; x_wconf 73' lang='lat' dir='ltr'><em>Africanos:</em></span> <span class='ocrx_word' id='word_1_929' title='bbox 1624 3256 1765 3278; x_wconf 65' lang='grc' dir='ltr'><em>ὐπκςτιςιυ</em></span> <span class='ocrx_word' id='word_1_930' title='bbox 1794 3248 1884 3277; x_wconf 63' lang='lat' dir='ltr'><em>ouria»</em></span> <span class='ocrx_word' id='word_1_931' title='bbox 1908 3249 1979 3276; x_wconf 69' lang='lat' dir='ltr'><em>m‘rat‘</em></span> <span class='ocrx_word' id='word_1_932' title='bbox 1998 3265 2005 3271; x_wconf 87' lang='lat'>-</span> <span class='ocrx_word' id='word_1_933' title='bbox 2033 3239 2078 3272; x_wconf 89' lang='lat' dir='ltr'><em>Et</em></span> 
     </span>
     <span class='ocr_line' id='line_1_135' title="bbox 1197 3291 2078 3339; baseline -0.003 -10"><span class='ocrx_word' id='word_1_934' title='bbox 1197 3296 1285 3339; x_wconf 88' lang='lat' dir='ltr'><em>quod</em></span> <span class='ocrx_word' id='word_1_935' title='bbox 1310 3296 1425 3329; x_wconf 84' lang='lat' dir='ltr'><em>misera</em></span> <span class='ocrx_word' id='word_1_936' title='bbox 1448 3294 1505 3329; x_wconf 74' lang='lat' dir='ltr'><em>illa</em></span> <span class='ocrx_word' id='word_1_937' title='bbox 1526 3295 1612 3329; x_wconf 85' lang='lat' dir='ltr'><em>inter</em></span> <span class='ocrx_word' id='word_1_938' title='bbox 1633 3291 1837 3327; x_wconf 80' lang='lat' dir='ltr'><em>orthodoxas</em></span> <span class='ocrx_word' id='word_1_939' title='bbox 1858 3292 2016 3327; x_wconf 85' lang='lat' dir='ltr'><em>Ecclesias</em></span> <span class='ocrx_word' id='word_1_940' title='bbox 2035 3291 2078 3326; x_wconf 83' lang='lat' dir='ltr'><em>de</em></span> 
     </span>
     <span class='ocr_line' id='line_1_136' title="bbox 1197 3343 2076 3389; baseline -0.005 -10"><span class='ocrx_word' id='word_1_941' title='bbox 1197 3357 1296 3386; x_wconf 87' lang='lat' dir='ltr'><em>voce,</em></span> <span class='ocrx_word' id='word_1_942' title='bbox 1328 3343 1485 3389; x_wconf 77' lang='lat' dir='ltr'><em>Hypostafis</em></span> <span class='ocrx_word' id='word_1_943' title='bbox 1509 3369 1519 3385; x_wconf 91' lang='lat'><strong>,</strong></span> <span class='ocrx_word' id='word_1_944' title='bbox 1546 3344 1722 3385; x_wconf 82' lang='lat' dir='ltr'><em>contentio</em></span> <span class='ocrx_word' id='word_1_945' title='bbox 1743 3353 1856 3382; x_wconf 86' lang='lat' dir='ltr'><em>ortum</em></span> <span class='ocrx_word' id='word_1_946' title='bbox 1881 3343 2012 3377; x_wconf 85' lang='lat' dir='ltr'><em>duxerit</em></span> <span class='ocrx_word' id='word_1_947' title='bbox 2032 3352 2076 3382; x_wconf 62' lang='lat' dir='ltr'><em>ex</em></span> 
     </span>
     <span class='ocr_line' id='line_1_137' title="bbox 1195 3391 2078 3440; baseline -0.003 -10"><span class='ocrx_word' id='word_1_948' title='bbox 1195 3408 1258 3436; x_wconf 83' lang='lat' dir='ltr'><em>ee,</em></span> <span class='ocrx_word' id='word_1_949' title='bbox 1279 3393 1375 3440; x_wconf 64' lang='lat' dir='ltr'><em>&gt;quod</em></span> <span class='ocrx_word' id='word_1_950' title='bbox 1386 3392 1521 3440; x_wconf 84' lang='lat' dir='ltr'><em>qu&#39;idam</em></span> <span class='ocrx_word' id='word_1_951' title='bbox 1542 3403 1640 3431; x_wconf 66' lang='grc' dir='ltr'><strong><em>οὐςὴιι</em></strong></span> <span class='ocrx_word' id='word_1_952' title='bbox 1667 3394 1702 3429; x_wconf 76' lang='grc' dir='ltr'><em>δε</em></span> <span class='ocrx_word' id='word_1_953' title='bbox 1729 3402 1871 3431; x_wconf 60' lang='lat' dir='ltr'><em>&amp;norm-fr</em></span> <span class='ocrx_word' id='word_1_954' title='bbox 1896 3391 2078 3427; x_wconf 80' lang='lat' dir='ltr'><em>confundo·</em></span> 
     </span>
     <span class='ocr_line' id='line_1_138' title="bbox 1198 3442 2078 3490; baseline -0.005 -11"><span class='ocrx_word' id='word_1_955' title='bbox 1198 3456 1287 3487; x_wconf 88' lang='lat' dir='ltr'><em>rent,</em></span> <span class='ocrx_word' id='word_1_956' title='bbox 1314 3446 1449 3490; x_wconf 83' lang='lat' dir='ltr'><em>quidam</em></span> <span class='ocrx_word' id='word_1_957' title='bbox 1461 3445 1720 3490; x_wconf 88' lang='lat' dir='ltr'><em>distinguerent,</em></span> <span class='ocrx_word' id='word_1_958' title='bbox 1750 3445 1847 3478; x_wconf 88' lang='lat' dir='ltr'><em>tradit</em></span> <span class='ocrx_word' id='word_1_959' title='bbox 1866 3442 2078 3486; x_wconf 83' lang='lat' dir='ltr'><em>idemipsein</em></span> 
     </span>
     <span class='ocr_line' id='line_1_139' title="bbox 1198 3492 2079 3539; baseline -0.002 -11"><span class='ocrx_word' id='word_1_960' title='bbox 1198 3496 1311 3532; x_wconf 80' lang='lat' dir='ltr'><em>litteris</em></span> <span class='ocrx_word' id='word_1_961' title='bbox 1329 3495 1543 3539; x_wconf 82' lang='lat' dir='ltr'><em>synodalibus</em></span> <span class='ocrx_word' id='word_1_962' title='bbox 1563 3496 1604 3529; x_wconf 83' lang='lat' dir='ltr'><em>ad</em></span> <span class='ocrx_word' id='word_1_963' title='bbox 1617 3495 1794 3529; x_wconf 77' lang='lat' dir='ltr'><em>Ecclesiam</em></span> <span class='ocrx_word' id='word_1_964' title='bbox 1807 3492 2056 3528; x_wconf 82' lang='lat' dir='ltr'><em>Antiochenam</em></span> <span class='ocrx_word' id='word_1_965' title='bbox 2066 3517 2079 3534; x_wconf 88' lang='lat'>‚</span> 
     </span>
     <span class='ocr_line' id='line_1_140' title="bbox 1533 3543 2030 3579; baseline -0.002 -1"><span class='ocrx_word' id='word_1_966' title='bbox 1533 3546 1558 3578; x_wconf 85' lang='lat' dir='ltr'>B</span> <span class='ocrx_word' id='word_1_967' title='bbox 1587 3545 1608 3578; x_wconf 96' lang='lat' dir='ltr'><em>b</em></span> <span class='ocrx_word' id='word_1_968' title='bbox 1636 3545 1656 3579; x_wconf 94' lang='lat' dir='ltr'><em>b</em></span> <span class='ocrx_word' id='word_1_969' title='bbox 1907 3543 2030 3578; x_wconf 84' lang='lat' dir='ltr'><em>&amp;San-</em></span> 
     </span>
    </p>
   </div>
  </div>
 </body>
</html>
