2346 3776
349 85 398 133 22
802 67 1249 125 DISSERTATIO
1297 68 1713 125 PaozaM1Ams.

336 154 806 198 remotioribusMetropolitis
819 178 830 194 ,
856 154 935 197 quin
954 155 988 189 δε
1009 154 1221 189 provinciali-

337 207 399 242 bus
409 205 570 239 variarum
583 205 747 239 Gentium
768 204 940 248 Episcopis
954 205 1101 248 permisit.
1138 203 1221 237 Item

338 253 580 291 Antiochenus.
609 250 855 289 Alexandrinus
867 253 962 289 nullo
974 254 1095 290 modo:
1122 253 1220 286 Istam

337 304 538 340 Potestatem
564 306 686 348 semper
706 305 841 338 servavit
858 302 915 338 fibi
936 305 1030 348 plene
1050 307 1220 347 integram.

336 354 442 390 Nulla
456 355 655 389 Dioeceseon
666 353 837 397 pluralitas
849 365 904 389 aut
912 355 1042 388 vastitas
1053 354 1160 398 ipsum
1171 364 1225 387 va-

337 405 400 440 luit
409 403 451 438 ad
464 405 525 438 fuae
537 403 712 438 Potestatis
721 403 981 439 diminutionem
994 404 1157 438 inducere.
1180 403 1225 436 Et

334 453 429 491 reste.-
460 453 555 487 Istius
566 452 787 491 laudatiffimae
805 455 996 492 constantiae
1015 454 1159 492 rationes
1182 454 1228 488 sa-

275 509 284 523 ¹
336 513 408 539 teor
417 504 436 537 ὲ
446 514 500 539 me
510 503 665 548 ignorari.

493 610 723 675 ..C.A,P.
750 640 789 677 U
816 640 974 678 T1V.

334 712 551 782 Exponitur
565 708 727 774 Pottstas
739 706 964 767 Patriarchf
977 702 1237 755 Alexandrini-

381 778 524 845 quo-ad
535 776 789 843 consecrandos
801 776 965 823 aliarum
977 774 1030 821 ad
1041 772 1165 843 ipsum

419 847 673 918 speblandum
687 846 880 910 Dlaeceston
892 842 1092 916 Epifiopos
1107 881 1120 895 .
1142 895 1145 897 ,

337 952 338 955 ’
443 957 471 989 E
482 953 711 990 consecrandis
723 951 934 997 AEthyopice
943 953 1136 989 Dioeceseos
1148 954 1226 998 Epi-

457 1006 561 1048 scopis
574 1003 725 1038 statuunt
748 1003 884 1038 Arabici
908 1005 1064 1039 Canones
1078 1017 1084 1036 :
1115 1009 1154 1038 Ut
1167 1016 1223 1037 non

329 1056 435 1102 pbffint
447 1054 613 1096 AEthyopes
625 1066 724 1087 creare
732 1078 742 1094 ,
750 1065 803 1087 aut
813 1055 917 1098 eligere
928 1054 1140 1088 Pamaercham
1151 1061 1224 1097 quin

327 1111 438 1148 potius
450 1116 547 1138 eorum
560 1105 712 1139 Praelatus
718 1103 757 1146 fit
763 1102 820 1147 sub
826 1099 971 1146 potestate
979 1107 1045 1146 ejus
1059 1129 1069 1144 ,
1080 1110 1133 1148 qui
1143 1114 1223 1138 tenet

331 1154 438 1199 sedem
450 1156 699 1188 Alexandriaesit
709 1164 807 1189 tamen
818 1156 904 1196 apud
911 1166 958 1189 eos
970 1156 1027 1188 loco
1038 1155 1222 1196 Patrimchq.

334 1208 383 1237 Et
392 1205 557 1246 appelletur
568 1204 746 1240 Catholicus.
775 1210 848 1241 Non
859 1214 962 1238 tamen
966 1206 1023 1245 jus
1036 1204 1145 1237 babeat
1162 1216 1233 1239 conr

327 1253 474 1298 stituendt
485 1253 717 1297 Arcbiepfiopos
730 1279 741 1294 ,
764 1266 798 1288 ut
807 1254 896 1289 habet
909 1253 1099 1288 patriarcha.
1126 1255 1224 1297 siqui-

332 1305 402 1337 dem
413 1315 470 1336 non
483 1303 573 1337 habet
584 1303 772 1337 Patriarcbae
782 1303 918 1338 honorem
931 1306 965 1338 ό·
973 1304 1152 1346 potestatem.
1176 1307 1222 1339 Et

333 1352 545 1396 quandojfabia
557 1360 583 1386 ei
589 1353 692 1395 fuerit
704 1353 837 1394 Potestas
862 1353 1052 1396 constituendi
1075 1348 1220 1399 Arobiepi-

327 1402 429 1450 scopos
439 1409 472 1437 in
481 1405 647 1436 Provincia
654 1402 714 1446 sua
727 1427 738 1444 ‚
750 1436 752 1438 .
763 1415 822 1437 non
832 1404 931 1438 licebit
939 1405 982 1437 illi
993 1404 1160 1444 constimere
1168 1405 1222 1437 als-

334 1465 421 1496 quem
431 1464 470 1486 ex
481 1453 551 1486 illis.
578 1456 626 1504 ξι·
638 1459 811 1496 quicumque
822 1466 878 1486 non
885 1460 1022 1496 paruerit
1036 1479 1050 1500 ,g
1066 1466 1132 1487 eum
1142 1456 1223 1493 syno-

334 1504 394 1535 dus
405 1509 646 1537 excommunicat.
674 1503 746 1553 Qii
757 1502 835 1539 istos
848 1504 1021 1550 Canones‚
1032 1504 1221 1538 existimant

333 1552 490 1588 Nicaenos
504 1578 514 1593 ‚
543 1552 692 1587 aberrant
713 1553 883 1598 plusquam
904 1564 978 1590 toto
1002 1554 1109 1590 Coelo.
1147 1555 1222 1588 Effe

335 1601 498 1645 Ephelin'a
510 1602 648 1645 Synodo
659 1603 851 1646 postedores
861 1630 871 1646 ,
883 1616 920 1639 ac
930 1605 1061 1640 Priores
1075 1604 1222 1638 Zenonis

334 1652 475 1696 Imperio
488 1653 522 1686 &
537 1653 675 1689 invento
687 1653 788 1688 sancti
811 1653 967 1689 Barnabae
984 1667 1120 1698 corpore
1133 1679 1142 1695 ‚
1167 1654 1222 1689 de-

333 1702 494 1736 monstrat
507 1703 627 1736 Canon
639 1703 988 1748 trigesimus-septimus
1000 1706 1040 1739 de
1050 1705 1221 1749 Metropo-

335 1752 393 1786 lita
407 1753 618 1796 Cypriorum.
645 1753 807 1789 Continet
828 1754 959 1799 Cypriae
981 1755 1128 1790 Ecclefiae
1145 1766 1220 1788 curn

335 1801 551 1837 Antiocheno
564 1802 751 1838 Patriarcha
762 1805 999 1852 concordatum
1010 1829 1021 1846 ‚
1041 1805 1222 1848 quod-con-

334 1852 466 1886 statesse
479 1852 539 1886 ista
552 1852 692 1895 synodo
705 1853 862 1896 posterius
874 1879 884 1893 ,
896 1855 928 1888 δε
940 1856 1029 1898 prius
1040 1853 1103 1887 isto
1116 1853 1222 1895 Impe-

334 1903 384 1936 rio
394 1913 431 1935 ac
442 1902 652 1936 Inventione.
678 1904 746 1935 Suo
770 1902 848 1937 loco
870 1901 938 1936 haec
955 1902 1219 1937 elucidabuntur.

335 1951 509 1988 Addu&us
521 1951 640 1986 Canon
655 1962 715 1986 nos
725 1951 823 1996 docet
844 1954 939 1987 varia.
968 1951 1083 1986 Primo
1095 1977 1105 1992 ‚
1132 1951 1220 1995 quod

337 1999 527 2044 AEthyopes
540 2012 609 2034 non
621 2002 787 2043 potuerint
798 2003 891 2034 suum
914 2002 1094 2035 Primatem
1113 2002 1220 2034 conse-

336 2061 425 2084 crare
433 2075 442 2092 ,
454 2049 522 2083 imo
534 2061 593 2083 nec
604 2050 733 2094 eligere.
756 2050 858 2097 Qlod
867 2048 933 2084 haec
943 2052 1055 2085 omnia
1064 2050 1220 2093 privative

334 2100 545 2143 spectaverint
554 2099 593 2133 ad
606 2098 828 2133 Patriarcham
850 2098 1125 2134 Alexandrinum.
1152 2100 1221 2133 Ne—

337 2161 401 2193 que
414 2159 524 2183 tamen
537 2147 591 2185 hic
604 2149 690 2190 solus
702 2150 806 2192 ipsum
827 2150 927 2194 elegit
943 2161 1001 2184 aut
1023 2149 1217 2184 nominavit.

337 2200 426 2234 Rem
436 2199 573 2242 exponit
598 2200 634 2234 in
658 2199 836 2234 Relatione
854 2200 895 2233 de
907 2199 1053 2234 moribus
1075 2197 1221 2242 AEthyo-

314 2247 418 2293 >“pum
428 2249 613 2283 Damianus
623 2249 641 2282 a
653 2249 708 2283 Go
729 2260 742 2281 s
754 2261 760 2280 :
789 2253 861 2283 Vita
872 2249 1010 2290 defuneio
1031 2248 1197 2282 patriacha
1210 2272 1220 2287 ‚

331 2298 436 2342 statim
443 2301 609 2340 Imperator
625 2261 772 2341 Prettbiaes
778 2303 809 2343 J
811 2311 922 2333 oannes
933 2305 1071 2332 nuntium
1093 2299 1220 2340 aliquem

339 2350 511 2390 expeditum
521 2354 617 2381 mittit
640 2347 860 2392 Hierosolymam
878 2351 922 2382 ad
940 2348 1099 2382 Monachos
1108 2348 1218 2380 ibidem

339 2401 487 2441 degentes.
516 2401 580 2440 „Qui
591 2405 693 2430 nuntio
704 2406 819 2440 accepto
829 2411 864 2431 ac
874 2399 1044 2432 muneribus
1055 2423 1065 2438 ,
1084 2409 1151 2441 quae
1162 2402 1220 2430 lm-

334 2457 457 2493 perettor
470 2449 513 2479 ad
515 2446 655 2489 fandum
666 2448 858 2489 Sepulchrum
868 2450 942 2480 dono
951 2455 1045 2481 mittit
1058 2473 1068 2488 ,
1086 2450 1218 2480 continuo

341 2498 433 2530 alium
447 2496 655 2529 patriarcham
660 2496 816 2541 suffragiis
838 2499 956 2542 eligunt.
984 2499 1045 2532 Sed
1045 2497 1104 2538 fas
1116 2509 1172 2529 non
1183 2496 1220 2536 est

341 2548 433 2581 alium
444 2557 533 2588 quam
545 2547 782 2579 Alexandrinum
791 2548 894 2590 eligere
907 2571 916 2586 ‚
937 2559 971 2580 ac
983 2547 1110 2580 moribus
1129 2553 1222 2579 incor-

340 2604 470 2638 ruptum.
499 2598 568 2639 ,Quo
584 2605 681 2629 creato
693 2620 702 2635 ,
719 2594 931 2640 suffiagiasua
941 2597 1088 2640 obfigntmt
1100 2621 1110 2636 ,
1130 2607 1221 2638 eaque

343 2651 455 2689 Legata
468 2670 477 2685 ,
489 2651 540 2687 qui
551 2647 596 2677 ad
603 2647 639 2678 id
649 2652 733 2678 venit
748 2670 758 2685 ‚
769 2652 801 2679 in
809 2646 946 2681 manibus
955 2649 1090 2679 tradunt.
1114 2651 1145 2678 Is
1155 2649 1175 2678 5
1176 2655 1219 2678 ta-

343 2703 400 2730 tim
410 2702 536 2734 Castum
545 2697 706 2734 contendit,
717 2698 774 2738 quo
785 2695 835 2728 ubi
847 2705 971 2729 ventum
981 2694 1221 2736 estfflatrzarcbae

345 2746 546 2778 Alexandrino
557 2770 567 2785 ,
579 2744 795 2788 quiibift’m'per
805 2748 895 2779 Sedes
907 2745 997 2779 habet
1010 2770 1020 2785 ,
1046 2751 1222 2778 creationem

344 2797 427 2828 illam
437 2796 592 2839 legendam
597 2801 731 2838 porrigit.
759 2799 881 2839 Cognito
900 2806 999 2829 autem
1010 2807 1096 2838 quem
1108 2807 1146 2827 ex
1159 2797 1222 2827 Ale-

346 2846 507 2877 xandrinis
518 2846 676 2888 delegerint
688 2869 697 2883 ‚
710 2850 814 2878 Virum
825 2852 922 2878 tantis
932 2845 1086 2879 honoribus
1097 2844 1223 2884 destina-

345 2903 411 2926 tum
422 2902 485 2925 cum
502 2897 607 2939 Legato
616 2900 648 2927 in
658 2894 851 2936 AEtbyopt'aem
863 2902 975 2935 mittit,
992 2902 1043 2938 qui
1064 2907 1102 2928 ex
1127 2901 1222 2928 veteri

347 2942 476 2982 instituto
488 2943 647 2976 Monachus
652 2943 751 2987 sano‘li
765 2944 902 2978 Anthemii
913 2949 1052 2978 Eremita
1062 2944 1148 2978 debet
1159 2944 1222 2987 effe,

345 3004 412 3026 cum
424 3003 478 3033 quo
489 2998 521 3023 in
532 2993 722 3034 AEthyopiam
733 2998 870 3027 Nuntius
879 3008 946 3028 mox
955 2993 1161 3038 proficfiiturs
1168 2994 1223 3027 Ubi

345 3053 412 3075 cum
422 3052 526 3084 magno
533 3044 642 3084 gaudio
650 3045 682 3076 (θ’
693 3043 797 3077 honore
809 3044 847 3077 ab
857 3045 992 3078 omnibus
1005 3051 1158 3087 excipitur.
1187 3048 1223 3076 In

347 3103 404 3133 quo
416 3097 524 3133 negotio
534 3092 692 3132 aliquando
703 3106 799 3126 annus
810 3106 887 3127 unus
898 3104 951 3128 aut
957 3096 1034 3128 alter
1041 3093 1222 3137 transigitur,

350 3146 526 3182 interimque
538 3139 686 3181 Pretiosus
697 3143 733 3173 de
739 3144 936 3182 proventibus
947 3144 1034 3186 ipfius
1047 3142 1224 3184 Patriarchq

346 3198 404 3235 pro
412 3189 498 3222 libitu
509 3188 666 3232 dispensat.
708 3192 893 3233 Praecipuum
914 3204 1014 3227 autem
1038 3192 1223 3228 Patriarchae
1263 3195 1267 3199 ’

353 3240 483 3280 Officium
493 3238 530 3278 est
541 3242 562 3271 5
563 3251 644 3272 acros
657 3241 784 3272 Ordines
798 3243 871 3275 dare
880 3268 888 3282 ‚
916 3256 986 3287 quos
999 3255 1092 3283 nemo,
1104 3242 1164 3286 ipso
1174 3254 1225 3275 ex-

353 3296 433 3330 cepto
442 3314 452 3328 ,
476 3289 535 3321 aut
542 3290 614 3321 dare
626 3298 679 3320 aut
689 3288 809 3329 auferre
814 3293 913 3331 potest.
952 3300 1102 3328 Caeterum
1113 3294 1224 3326 nullum

356 3342 385 3370 E
384 3336 567 3382 piscqaatum
578 3347 632 3370 aut
643 3337 775 3379 Ecclefiae
785 3339 949 3381 beneficium
961 3351 992 3376 in
1004 3345 1095 3377 ullum
1103 3342 1221 3384 confert.
1239 3358 1241 3371 z

357 3389 397 3423 Id
405 3388 449 3419 ad
451 3385 544 3428 solum
556 3386 718 3429 Pretiosum
732 3391 764 3431 J
766 3400 888 3422 oannem
904 3390 1020 3432 spec‘iat
1034 3418 1043 3432 ‚
1069 3399 1120 3435 qui
1129 3386 1225 3424 omnia
1237 3382 1241 3428 l

352 3435 464 3483 prosae
473 3436 596 3472 arbitrio
606 3435 763 3483 dispensat.
776 3438 919 3474 Proinde
932 3439 1147 3488 AEthyopum
1156 3442 1225 3476 Pri-
1236 3429 1244 3512 Ι

1286 164 1352 188 mas
1365 165 1425 190 nec
1445 156 1481 190 in
1503 153 1692 199 AEthyopia
1704 153 1885 200 eligebatur
1893 166 1955 191 nee
1967 156 2008 192 ab
2017 154 2159 201 ipsorum

1287 204 1379 250 Rege
1389 215 1444 239 aut
1456 204 1643 239 Patriarcha
1657 204 1886 241 Alexandrino
1906 207 2158 243 nominabatur:

1289 253 1476 299 Eligebatur
1496 255 1737 297 Hierosolymae
1754 255 1795 289 ab
1816 257 1906 290 istius
1913 257 2030 292 Gentis
2040 258 2161 293 Mona·

1288 301 1379 344 chia,
1402 303 1597 349 degentibus
1618 303 1690 338 istic
1705 305 1791 350 apud
1807 306 2030 342 Dominicum
2051 307 2163 351 Sepul-

1289 350 1409 402 chrum.
1437 352 1540 402 Qod
1553 351 1588 386 hi
1597 353 1780 389 etiamnum
1791 355 1851 390 sub
1860 355 2008 393 Turcico
2020 357 2164 401 Imperio

1290 401 1390 449 istlcd
1433 415 1491 438 ant
1502 429 1514 445 ‚
1538 404 1572 438 &
1584 403 1723 437 suumin
1734 404 1793 450 ista,
1806 405 1949 442 Ecclefia
1959 408 2115 443 sacellum
2125 418 2164 441 ac

1291 415 1555 488 Altareeeffiabeant
1565 448 1586 494 ‚*
1601 448 1839 490 testaturet'iam
1850 456 1989 499 Jacobus
2006 457 2165 493 Cardina-

1290 501 1330 536 lis
1339 502 1358 536 a
1370 502 1529 539 Vitriaco.
1559 503 1637 538 Erat
1647 502 1771 537 Elefflo
1782 503 1964 541 hetroclita.
1974 508 2054 551 Ejus
2065 507 2166 552 origi-

1294 563 1367 587 nem
1378 553 1412 589 &
1423 553 1593 588 authorem
1605 555 1734 599 ignoro.
1746 553 1883 590 Interim
1895 556 2050 592 inchoata
2057 557 2167 592 omni-

1290 601 1334 634 no
1346 602 1392 636 est
1405 603 1476 646 post
1485 604 1707 648 captivitatem
1719 603 2027 647 Saracenicam,imo
2037 608 2070 642 ὃ(
2079 607 2168 640 Tur-

1290 653 1335 685 cir
1346 664 1409 686 am.
1438 652 1571 688 Etenim
1584 666 1661 688 ante
1683 653 1740 688 has
1753 653 1953 689 calamitates
1973 655 2168 693 Alexandri-

1289 713 1350 736 nus
1361 702 1546 741 patriarcha
1558 716 1627 739 non
1639 703 1828 739 morabatur
1839 705 1924 749 apud
1936 705 2093 749 Cayrum.

1339 751 1511 787 Adductus
1532 754 1652 789 Canon
1675 754 1818 789 secundo
1839 767 1901 790 nos
1923 755 2022 791 docet
2043 779 2055 796 ,
2079 754 2170 800 quod

1279 835 1283 838 ,
1294 801 1480 847 AEthyopie
1490 803 1615 839 Primus
1625 816 1685 840 nec
1697 806 1848 845 effet‚nec
1859 804 1984 840 titulari
1995 805 2099 849 poffet
2109 805 2172 840 Pa-

1288 851 1433 887 triarcha.
1460 854 1551 902 Qia
1563 855 1679 899 nempe
1689 855 1757 898 ejus
1779 854 1896 890 Sedem
1918 857 2044 890 fannus
2054 854 2171 890 Petrus

1288 898 1467 944 Apostolus
1488 915 1549 938 nec
1571 905 1755 945 insederat,
1777 917 1838 941 nec
1857 905 2057 941 fundaverat.
2079 904 2171 940 Post-

1287 951 1389 985 modo
1401 962 1510 987 tamen
1524 954 1582 989 iste
1592 955 1708 989 titulus
1716 954 1758 990 ad
1779 956 1885 999 plures
1911 955 2071 990 Primates
2092 954 2172 999 Epi-

1290 1002 1403 1044 scopos
1415 1003 1478 1036 fuit
1489 1006 1640 1039 extensus
1653 1029 1663 1045 ‚
1681 1015 1779 1050 atque
1791 1006 1837 1040 ita
1847 1007 1947 1041 etiam
1959 1005 2000 1041 ad
2022 1002 2172 1048 AEthyo-

1288 1062 1371 1092 pem.
1398 1051 1493 1085 Hinc
1513 1054 1618 1096 ipsum
1638 1055 1826 1090 Damianus
1845 1056 1864 1090 a
1883 1057 1975 1090 Goes
1985 1053 2172 1090 constanter

1290 1100 1436 1134 inscribit
1447 1100 1683 1136 Patriarcham.
1709 1104 1822 1138 Etiam
1831 1105 1889 1139 alii
1910 1106 2097 1149 Scriptores.
2126 1103 2183 1147 Ets

1287 1149 1344 1182 ista
1356 1150 1504 1185 Canonis
1517 1150 1613 1185 verba
1622 1149 1738 1186 iterum
1749 1151 1908 1186 evincunt
1916 1151 2023 1197 ipsum
2030 1153 2175 1192 noneffe'

1287 1201 1459 1234 Nicaenurn
1473 1224 1484 1240 ‚
1511 1200 1564 1233 sed
1579 1200 1841 1235 Chalcedonenfi
1860 1201 1998 1245 Synodo
2021 1200 2173 1247 posterio-

1276 1243 1363 1283 rem.
1387 1250 1471 1283 Haec
1481 1251 1572 1287 enirn
1583 1250 1841 1293 prima‘quatuor
1851 1251 2012 1286 Primates
2023 1250 2174 1305 Ecclesia

1286 1300 1312 1332 E
1316 1300 1466 1343 piscopos
1476 1299 1650 1343 appellavit
1661 1299 1871 1334 patriarchas.
1885 1300 2005 1335 Tertio
2016 1300 2173 1335 discimus

1284 1361 1324 1383 ex
1336 1349 1398 1385 isto
1411 1348 1551 1383 Canone
1560 1375 1570 1390 ‚
1581 1348 1669 1393 quod
1681 1349 1735 1383 hic
1743 1349 1869 1384 Primas
1880 1351 1966 1393 apud
1976 1349 2173 1395 AEthyopes

1286 1400 1381 1433 fuerit
1393 1398 1469 1434 loco
1482 1398 1681 1433 Patriarchae.
1691 1399 1831 1434 Videtur
1842 1400 1936 1434 suiffe
1949 1410 2122 1443 perpetuus
2133 1411 2172 1435 ac

1284 1460 1380 1484 natus
1391 1448 1585 1482 Patriarchae
1597 1449 1758 1484 Vicarius.
1773 1447 1902 1498 Qvarto
1911 1448 2172 1494 discimusfluod

1284 1498 1496 1544 appellaretur
1509 1499 1679 1533 catholicus
1690 1502 1743 1533 seu
1756 1499 1965 1535 Universalis
1979 1499 2170 1544 Episcopus.

1286 1550 1366 1584 Non
1379 1560 1582 1593 peromnem
1596 1549 1775 1584 Ecclefiam
1787 1575 1797 1590 ,
1823 1548 1879 1584 sed
1899 1561 1954 1593 per
1968 1550 2068 1584 ‘istam
2077 1549 2171 1584 dum-
2223 1572 2227 1574 -

1284 1608 1373 1635 taxat
1386 1599 1540 1633 Gentem.
1570 1599 1612 1634 Et
1625 1598 1702 1634 hinc
1713 1600 1803 1635 vides
1817 1623 1827 1639 ,
1853 1599 1942 1644 quod
1955 1599 2015 1634 iste
2027 1623 2038 1642 ‚
2049 1597 2091 1635 de
2102 1609 2170 1644 quo

1284 1651 1409 1685 tamdiu
1421 1652 1455 1686 δε
1466 1648 1582 1686 acriter
1590 1647 1790 1696 disputatum
1803 1650 1867 1686 fuit
1879 1674 1890 1690 ,
1912 1649 2050 1684 Titulus
2060 1675 2070 1691 ‚
2081 1648 2171 1684 Con-

1286 1702 1583 1745 stantinopolitano
1594 1701 1789 1737 Patriarchae
1798 1701 1941 1746 potuerit
1954 1701 1988 1734 in
2012 1701 2090 1734 sano
2101 1700 2171 1745 sene

1285 1753 1318 1785 su
1330 1751 1477 1786 concedi.
1507 1753 1550 1786 Et
1572 1752 1637 1786 hoc
1657 1752 1765 1786 voluit
1784 1752 1966 1794 Imperator
1977 1748 2168 1783 Mauritius.

1287 1802 1444 1835 Attamen
1456 1812 1597 1845 magnus
1607 1802 1641 1834 &
1649 1801 1791 1844 prudens
1801 1800 1889 1844 Papa
1900 1798 2082 1844 Gregorius
2098 1808 2170 1833 non

1285 1850 1349 1883 fine
1362 1850 1584 1884 fundamentis
1593 1851 1776 1885 interceffit.
1801 1849 1864 1883 Iste
1875 1860 2018 1892 namque
2028 1846 2171 1882 Titulus

1285 1900 1318 1932 in
1332 1899 1394 1934 isto
1415 1900 1581 1944 Episcopo
1603 1909 1672 1933 erat
1689 1899 1896 1932 scandalosus
1910 1922 1920 1938 ‚
1947 1897 2168 1942 periculosus3

1286 1949 1446 1992 suspectus
1458 1972 1468 1987 ‚
1495 1950 1575 1982 resta
1587 1949 1640 1981 via
1651 1948 1691 1981 ad
1702 1947 1818 1981 Photii
1830 1946 1967 1982 schisma
1979 1948 2013 1981 ἃ
2025 1946 2168 1992 heresim.

1285 1999 1430 2031 Eventus
1440 1993 1564 2031 docuit.
1593 1997 1636 2031 Et
1649 1995 1728 2031 hinc
1739 1998 1839 2031 etiam
1852 1998 1995 2041 suspicor
2005 1995 2094 2032 hune
2104 1996 2170 2031 'n'-

1283 2047 1389 2080 tulum
1409 2047 1471 2081 effe
1490 2047 1550 2080 ista
1569 2046 1628 2081 lite
1647 2048 1867 2090 posteriorem.
1903 2047 2040 2081 Etenim
2062 2048 2170 2094 ipsum

1261 2121 1263 2123 .
1287 2097 1383 2139 primi
1397 2096 1548 2130 videntur
1560 2097 1750 2140 affumpfisse
1762 2094 1918 2141 Episcopi
1929 2098 2170 2133 Constantino-

1284 2147 1435 2191 politani.
1462 2146 1594 2193 Qinto
1604 2147 1780 2188 discimus,
1792 2145 1881 2190 quod
1894 2148 2047 2181 omnium
2061 2146 2169 2181 subdi-

1282 2208 1390 2231 torum
1412 2195 1768 2240 Archi-Episcoporum
1790 2198 1844 2231 seu
1872 2197 2167 2240 Metropolitarum

1284 2246 1500 2280 Consecratio
1512 2247 1627 2290 spectet
1641 2247 1681 2280 ad
1693 2245 1926 2281 Patriarcham.
1954 2245 2066 2288 Seirto,
2078 2246 2168 2291 quod

1285 2295 1338 2330 hic
1352 2295 1479 2329 Primas
1490 2296 1576 2330 istud
1587 2295 1636 2339 jus
1650 2309 1718 2332 non
1739 2296 1910 2332 habuerit.-
1936 2297 2027 2344 Qia
2051 2296 2169 2341 nempe

1286 2357 1353 2380 non
1365 2355 1433 2380 erat
1444 2357 1538 2379 verus
1550 2345 1746 2380 Patriarcha.
1759 2345 1834 2381 Imo
1845 2357 1906 2380 nec
1918 2345 2169 2391 Autocephalus

1286 2395 1420 2429 Primas.
1447 2395 1582 2430 Suberat
1604 2397 1692 2430 enim
1716 2394 1907 2430 Patriarchae
1926 2394 2167 2431 Alexandrino.

1287 2446 1330 2479 Et
1340 2456 1457 2479 omnes
1467 2444 1558 2480 istius
1567 2446 1686 2480 Gentis
1697 2445 1921 2489 Metropolitae
1942 2445 2105 2480 debebant
2127 2444 2168 2480 ad

1287 2494 1380 2537 hujus
1393 2505 1528 2529 manum
1541 2495 1690 2530 accedere
1701 2494 1948 2530 Alexandriam.
1962 2495 2108 2539 Septimo
2118 2495 2169 2530 di·
2190 2534 2192 2537 ,

1288 2546 1425 2585 scimus,
1451 2544 1542 2588 qnod
1566 2546 1854 2590 Metropolitarum
1874 2544 2170 2579 Consecrationem

1285 2593 1473 2629 Patriarcha
1484 2595 1684 2639 quandoque
1697 2596 1747 2629 illi
1759 2595 1939 2639 delegabat.
1969 2595 2101 2639 Utique
2122 2594 2168 2630 ob

1286 2646 1458 2689 regionum
1470 2645 1667 2679 distantiam.
1691 2645 1736 2680 Et
1746 2645 1787 2679 ad
1800 2642 2050 2688 beneplacitum.
2073 2646 2170 2680 Osta-

1286 2693 1326 2728 νὸ
1337 2694 1484 2729 notanda
1496 2695 1569 2728 sunt
1584 2695 1697 2729 verba:
1726 2700 1799 2729 Non
1813 2701 1927 2737 poterit
1937 2693 2106 2735 constituere
2115 2695 2168 2735 aa·

1284 2756 1371 2791 quem
1380 2756 1419 2777 ex
1431 2746 1501 2777 illis.
1531 2744 1697 2779 Videntur
1710 2745 1879 2779 adfirmare
1893 2770 1903 2786 ,
1930 2744 2020 2787 quod
2041 2744 2090 2779 uti
2102 2744 2169 2788 ipse

1285 2795 1409 2829 Primas
1421 2818 1432 2834 ‚
1457 2795 1504 2828 ita
1518 2795 1551 2828 &
1564 2795 1670 2839 quivis
1693 2795 1910 2839 Metropolita
1936 2805 2005 2827 non
2023 2791 2170 2837 potuerit

1283 2845 1345 2878 esse
1358 2842 1553 2887 AEthyops‚
1579 2844 1633 2879 sed
1651 2845 1714 2879 effe
1733 2844 1880 2879 debuerit
1902 2842 2168 2883 Alexandrinus,

1284 2905 1339 2927 aut
1350 2893 1439 2928 certe
1454 2892 1648 2939 AEgyptius.
1676 2896 1753 2929 Hac
1766 2904 1833 2929 arte
1853 2892 2097 2936 Alexandrinus
2107 2892 2168 2925 Pa-

1284 2942 1424 2978 triarcha
1434 2943 1527 2977 istam
1539 2944 1680 2979 alienam
1697 2957 1735 2980 ac
1746 2944 1936 2981 bellicosam
1946 2943 2091 2978 Gentem
2109 2942 2167 2978 sub

1285 2993 1475 3028 obedientia
1483 2995 1663 3028 continuit.

1334 3044 1388 3086 Ex
1412 3044 1584 3080 Damiano
1603 3045 1622 3079 a
1644 3045 1733 3079 Goes
1759 3046 1846 3079 varia
1871 3043 1970 3078 etiam
2001 3041 2165 3090 discimus.

1284 3092 1396 3127 Primo
1409 3118 1419 3134 ‚
1433 3094 1521 3138 quod
1536 3094 1728 3141 AEthyopiae
1736 3095 1861 3129 Primas
1870 3091 1985 3127 debeat
1996 3090 2058 3126 effe
2070 3092 2170 3128 sanai

1286 3142 1455 3177 Anthonii
1466 3143 1664 3179 Monachus.
1687 3145 1840 3187 Antiquo
1852 3142 2006 3177 omnium
2017 3142 2171 3177 Orienta-

1288 3189 1370 3227 lium
1391 3205 1491 3228 more.
1519 3195 1621 3243 Qod
1641 3195 1731 3230 enim
1752 3194 1771 3228 a
1790 3192 1903 3227 multis
1924 3191 2045 3226 &culis
2062 3192 2172 3225 cuncti

1287 3244 1473 3278 Orientales
1483 3243 1524 3278 ad
1538 3244 1765 3289 Episcopalem
1775 3243 1972 3288 dignitatem
1995 3241 2173 3275 admittant

1289 3293 1374 3328 solos
1387 3292 1575 3328 Monachos
1587 3320 1596 3335 ,
1621 3296 1666 3329 est
1679 3292 1760 3328 alibi
1772 3292 2039 3327 demonstratum.
2065 3291 2108 3336 Et
2126 3290 2173 3326 est

1289 3343 1510 3378 fundatissima
1520 3344 1714 3387 Disciplina.
1743 3341 1895 3376 Secundo
1906 3342 2072 3381 discimus,
2083 3340 2174 3384 quod

1291 3391 1487 3437 AEthyopiae
1498 3394 1572 3429 Rex
1584 3393 1724 3438 gaudeat
1745 3392 1932 3426 vacantium
1960 3390 2176 3425 Ecclesiarum

1292 3443 1509 3486 proventibus
1523 3454 1532 3477 t
1560 3443 1671 3481 Etiam
1681 3442 1827 3492 Ecclefia
1849 3441 2050 3478 Primitialis.
2077 3438 2175 3525 Λὲὶεὸ

2128 3500 2170 3524 aec
