2346 3776
276 202 369 254 nius
403 194 582 258 habuit,
618 191 755 263 quam
791 188 950 240 Libros
977 195 1060 237 eos
1092 179 1223 253 typis·
1249 181 1377 249 edere
1401 217 1415 244 ,
1450 189 1584 251 quos>
1601 184 1760 239 Romae
1787 185 1867 239 ‘aut
1899 202 2084 258 eomp02

284 285 375 322 erat
402 305 417 332 ,
453 282 531 318 aut
564 266 737 317 calamo
771 273 998 328 exceperat
1023 277 1037 307 ε
1060 257 1262 324 >Nempe
1288 252 1460 318 insigne
1493 252 1618 309 illud
1639 258 1766 323 Opus
1812 257 1868 306 de
1902 265 2084 317 Romanis

237 338 582 411 Appellationibus,
618 340 663 386 &
696 336 840 386 varias
873 346 966 383 tam
1002 325 1226 379 Theodoreti
1247 362 1262 387 ,
1296 338 1353 382 ae:
1384 324 1583 379 afiorum
1608 326 1790 381 P-atfflm
1816 362 1831 388 a
1850 328 2001 394 -qu‘sslm
2036 335 2081 387 Se

231 410 394 461 Thomae
426 407 700 472 Cantuariensts
734 401 951 473 Epistolas
978 435 992 462 ,
1026 410 1124 466 quae
1158 398 1309 448 omnia
1344 395 1468 451 fimml
1500 396 1712 454 Bruxellae
1751 433 1766 458 ‚
1814 401 1859 447 &
1894 401 2082 451 Lovanii

234 478 525 550 imprimenda
560 475 714 528 eodem
749 489 948 542 tempore
979 467 1160 534 curabat
1173 503 1188 522 2
1224 464 1398 523 Interea
1432 467 1480 516 in
1506 466 1749 521 demortui
1776 470 1950 521 ,Eximii
1984 472 2082 525 Viri

230 550 399 601 Gerardi
431 568 515 599 van
549 547 594 598 V
591 547 700 597 [ἅνω
738 542 754 607 ξ
801 544 961 595 Almae‘
978 538 1286 603 Universi'ta'tis
1333 536 1617 593 Lovanienfis
1643 540 1810 602 Regii
1832 537 2082 593 professoris

229 623 432 675 Primarii
468 622 612 672 locum
640 653 655 678 ,
699 616 820 667 Viris
848 609 1141 681 Ampliffimis
1173 606 1507 677 procurantibus
1534 644 1550 669 ,
1606 607 1864 674 Sereniffimus
1898 616 2081 659 Parmem

220 694 327 760 sium
360 697 532 760 Princeps
559 726 573 750 ‚
606 693 670 736 (ὮἸ
698 685 821 754 :Belgii
855 685 1091 733 Gubernator
1124 697 1225 732 eum,
1259 678 1428 730 suffecit
1454 687 1468 729 a
1515 678 1712 729 Multum
1747 680 1932 748 quidem
1967 679 2081 730 indi„

229 761 492 828 gnantibuS,
528 775 717 827 quorum
750 754 962 807 dolebant
996 752 1116 805 oculi
1152 788 1166 813 ,
1201 749 1323 818 quod
1345 749 1558 806 insuetum
1607 750 1898 815 Regularibus
1942 751 2082 802 hono2

229 850 322 883 rem
356 834 400 881 ei
435 831 647 880 collatum
680 841 905 879 cernerent
935 861 949 874 .
989 820 1091 892 Qa
1125 822 1262 871 etiam
1297 820 1553 891 tempestate
1571 823 1778 878 ,nonnulli
1813 824 1892 872 alii
1916 859 1931 884 ,
1966 839 2081 890 quo-2

228 919 327 953 rum
362 900 615 952 nominibus
650 916 786 968 parco
802 934 816 960 ,
851 896 907 947 eo
940 889 1199 965 process'ere,
1234 906 1284 942 ut
1308 894 1465 945 Virum
1502 894 1840 961 tranquillitatis
1875 891 2080 943 amantis*

228 972 381 1023 fimum
406 1009 420 1034 ,
455 989 507 1022 ac
542 972 759 1040 imprimis
794 967 1077 1019 Catholicum
1107 999 1122 1025 ,
1169 978 1384 1029 tanquam
1421 962 1647 1013 turbarum
1682 966 1956 1016 incentorem
1977 999 1992 1027 ‚
2027 980 2081 1014 ac—

227 1033 233 1040 *
260 1060 385 1093 urum
419 1057 576 1114 putum
601 1039 893 1109 Jansenistam
941 1037 963 1098 (
992 1035 1050 1085 sic
1085 1035 1205 1085 enim
1240 1031 1380 1083 modo
1426 1035 1706 1083 contumeliae
1739 1033 1870 1089 causa
1917 1032 1944 1083 a
1978 1038 2079 1102 qui-2

225 1061 409 1169 gusdam
444 1113 655 1182 appellari
691 1110 830 1161 solent
855 1146 870 1171 ,
902 1106 1172 1175 quicumque
1207 1104 1279 1154 vel
1313 1102 1682 1169 Augustinianam
1718 1106 1983 1159 Destrinam
2016 1105 2078 1156 seq

227 1188 398 1234 &antur
425 1220 438 1245 ,
473 1184 544 1235 vel
582 1199 752 1231 morum
787 1181 1025 1243 laxitatem·
1048 1173 1299 1232 aversantur
1332 1178 1350 1238 )
1397 1173 1516 1244 apud
1559 1178 1704 1243 Regem
1738 1173 1976 1223 Catholicum
2010 1179 2077 1227 in-

227 1252 450 1312 cusarunt,
483 1266 750 1317 omnemque
783 1246 977 1316 lapidem
1012 1261 1244 1299 moverunt
1265 1281 1279 1307 ,
1315 1260 1367 1295 ut
1400 1261 1504 1295 eum
1535 1244 1564 1297 ὲ
1598 1244 1824 1297 Cathedra
1844 1282 1861 1308 ,
1897 1264 2080 1314 quam...

225 1339 364 1391 nuper
399 1319 581 1390 adeptus
614 1334 708 1370 erat
737 1356 755 1382 ,η
787 1317 1071 1372 deturbarent
1117 1355 1132 1372 .,
1193 1318 1513 1383 Nequicquam
1548 1331 1708 1367 tamen·
1737 1336 1754 1368 ε
1811 1316 2081 1384 Siquidem

224 1391 538 1442 Potentissimis
571 1388 763 1455 Pontzflcis
796 1393 984 1439 Maximi
1017 1391 1201 1439 Litteris
1227 1423 1241 1448 ,
1268 1400 1413 1454 'atque
1447 1385 1606 1436 officiis
1629 1422 1644 1448 ,
1696 1388 2079 1438 Calumniatorum

224 1460 410 1532 repressa·
438 1460 500 1514 est
545 1459 819 1530 impudentia
844 1497 859 1511 .
907 1459 1130 1510 Caeterum
1164 1460 1330 1508 honore
1356 1492 1370 1518 ,
1418 1459 1499 1524 qui
1551 1455 1727 1506 tantum
1774 1456 1952 1507 Invidiae
1999 1458 2080 1529 ipsi

224 1534 490 1583 conflaverat
524 1569 539 1595 ,
588 1531 929 1600 haudquaquam
964 1529 1155 1594 defungi·
1180 1530 1332 1598 potuit
1367 1529 1449 1578 Vir
1484 1526 1797 1580 laudatissimus
1837 1548 1850 1579 t
1899 1529 2079 1598 Qippe

224 1620 328 1658 cum
362 1606 409 1653 in
444 1621 592 1653 eorum
627 1602 861 1659 Librorum
894 1600 1118 1652 Editionis
1154 1617 1303 1652 curam
1339 1597 1555 1648 incumbit
1591 1597 1816 1650 ardentius
1839 1619 1857 1659 ς
1893 1617 1975 1650 nec
2010 1616 2079 1650 ta=

225 1692 330 1724 men
365 1672 530 1724 interea
567 1673 656 1724 fere
680 1676 682 1679 ’
706 1673 953 1742 quidquam
999 1671 1056 1723 de
1091 1670 1334 1722 assiduitate
1382 1668 1594 1721 Studendi
1629 1668 1840 1719 diminuit
1873 1706 1887 1731 ,
1939 1671 2081 1724 immo

224 1745 375 1812 potius
410 1760 540 1808 auget
574 1781 588 1806 ‚
638 1761 741 1794 nam
776 1746 863 1800 alia
898 1761 1079 1812 quoque
1117 1741 1297 1792 subinde
1331 1742 1477 1790 Roma
1523 1739 1653 1807 juffus
1689 1740 1915 1795 lucubrare
1950 1759 2080 1806 coge...

226 1813 381 1872 batur3
418 1816 545 1863 Senio
580 1821 670 1880 jam
704 1830 907 1876 urgente,
942 1819 986 1864 &
1023 1814 1208 1880 hyeme,
1244 1826 1400 1879 praeter
1435 1810 1618 1860 modurn
1654 1809 1786 1872 saeva,
1824 1815 1983 1868 tractus
2017 1813 2080 1863 est

224 1885 274 1933 in
309 1882 536 1942 morbum,
571 1901 706 1950 quem
723 1888 729 1921 -'
742 1886 873 1935 initio
907 1882 1022 1951 ipse,
1058 1886 1103 1931 &
1138 1882 1304 1937 Medici
1340 1881 1672 1948 contempsere,
1708 1897 1960 1949 reputantes
1995 1883 2080 1933 esse

227 1953 366 2007 solum
406 1957 574 2002 Isteron
589 1988 603 2014 ‚
639 1954 711 2001 cui
746 1951 936 2003 remedia
970 1952 1128 2007 celeria
1161 1987 1176 2012 ,
1212 1952 1449 2015 faciliaque
1484 1950 1867 2018 proponebantur.
1905 1957 1957 2001 In
1992 1955 2078 2004 hoc

227 2042 330 2074 cum
376 2025 549 2091 aliquot
598 2021 895 2073 hebdomadas
941 2019 1262 2088 consumpfiffet
1286 2057 1299 2080 ,
1352 2019 1498 2073 subito
1546 2036 1673 2070 tanta
1719 2022 1789 2070 vis
1824 2022 2078 2074 morborum

225 2084 369 2162 erupit
395 2130 409 2154 ‚
455 2108 504 2142 ut
539 2092 664 2144 fimul
699 2095 860 2144 Colica
883 2130 898 2156 ,
933 2092 1125 2143 Calculo
1148 2088 1479 2158 ,.febribusque
1502 2127 1515 2152 ,
1561 2106 1696 2160 atque
1730 2092 1821 2148 alvi
1857 2095 2078 2161 profluvio

224 2167 543 2215 excruciaretur
570 2199 585 2212 .
635 2166 743 2214 Dici
778 2182 869 2214 non
903 2162 1047 2232 potest
1068 2199 1082 2223 ,
1119 2162 1208 2230 qua
1243 2163 1461 2230 patientia
1488 2198 1502 2223 ,
1538 2163 1626 2230 qua
1662 2163 1797 2212 etiam
1834 2163 2077 2215 constantia

226 2234 515 2289 acerbissimos
551 2233 723 2284 dolores
757 2235 1012 2303 pertulerit.
1050 2236 1132 2283 Per
1166 2249 1384 2301 quatuor,
1420 2236 1464 2282 δε
1499 2232 1690 2301 amplius
1726 2233 1892 2285 menses
1919 2235 2077 2286 lectulo

224 2304 393 2356 doloris
427 2305 604 2366 affixus,
639 2306 779 2358 nullas
813 2305 942 2374 poene
978 2306 1086 2355 alias
1120 2321 1255 2358 voces
1290 2318 1419 2359 tanto
1454 2303 1720 2354 valetudinis
1754 2303 1898 2372 spatio
1932 2307 2075 2363 emistr-

261 2374 362 2426 uam
378 2413 392 2439 ‚
427 2380 540 2424 Laus
573 2382 688 2433 Deo,·
723 2381 899 2424 vtinam
933 2373 1097 2446 Sponfiss
1130 2373 1204 2423 hac
1237 2375 1338 2424 noc‘le
1372 2378 1529 2422 veniat.-
1565 2380 1682 2444 Cupio
1717 2372 1889 2439 diffilvi,
1923 2381 1984 2423 (φ
2018 2377 2075 2444 efi-

218 2396 265 2514 ‚2³
301 2450 397 2493 cum
420 2445 589 2512 Christo.-
626 2453 662 2494 Ο
697 2451 850 2495 Divina
883 2446 1054 2496 Gratia!
1091 2444 1301 2514 usqaeqm?
1338 2451 1377 2491 Ο
1408 2448 1562 2493 Divina
1595 2444 1822 2494 Clementia!
1860 2444 2076 2514 uffiuequo?

226 2524 266 2565 0
301 2522 403 2564 Deus
436 2536 536 2565 meus
560 2517 570 2564 l
607 2519 783 2566 bonorum
815 2537 981 2566 meorum
1015 2537 1084 2566 non
1117 2537 1196 2585 eges
1219 2554 1233 2579 ‚
1269 2519 1360 2565 verti
1391 2519 1549 2564 Domine
1573 2553 1588 2566 .
1634 2518 1736 2566 Nec
1772 2516 1954 2570 verbum
1990 2521 2076 2568 im-.

227 2588 455 2656 patientiae
489 2604 542 2637 ex
576 2605 653 2637 ore
687 2592 782 2655 ejus
817 2591 999 2656 erupit3.
1023 2586 1097 2637 sed
1133 2587 1280 2646 Fidei,
1317 2587 1441 2654 Spei,
1477 2591 1522 2636 δε
1557 2587 1805 2638 Charitatis
1841 2588 2073 2656 pleniffimi

229 2660 389 2727 jugiter
434 2676 488 2708 ex
525 2657 654 2711 labiis
701 2663 797 2726 ejus
831 2658 1106 2727 profluebant
1143 2657 1357 2709 sermones
1395 2678 1407 2707 :
1456 2675 1571 2707 nunc
1609 2657 1688 2710 sibi
1724 2659 1900 2726 praelegi
1949 2676 2072 2709 man-

228 2726 337 2779 dans
370 2728 427 2778 de
462 2733 680 2794 Paenitentia
714 2728 891 2795 Pfhlmos
918 2752 931 2790 3
967 2748 1083 2780 nunc
1120 2729 1257 2785 sacras
1292 2729 1349 2780 de
1384 2730 1658 2782 mortalitate
1698 2728 1725 2779 ὲ
1777 2733 1816 2779 S.
1853 2733 1894 2777 S.
1931 2732 1980 2778 P.
2020 2734 2070 2780 Ρ.

229 2796 461 2852 sententias
490 2820 502 2850 ε
539 2817 654 2850 nunc
717 2804 821 2853 viva
856 2801 935 2851 fibi
971 2819 1082 2851 voce
1118 2803 1302 2853 recitare
1338 2800 1669 2853 ferventiffimas
1704 2799 1762 2849 ad
1797 2806 1922 2847 Deum
1947 2836 1961 2860 ,
1996 2806 2071 2850 Dei

228 2873 412 2917 Matrem
438 2907 452 2932 ‚
499 2887 551 2919 ac
585 2890 705 2920 omnes
740 2871 898 2920 Sancft'os
932 2874 1206 2941 precationes
1231 2892 1245 2932 3
1281 2877 1454 2921 Omnes
1501 2870 1559 2922 ad
1595 2872 1905 2922 Poenitentiam
1943 2873 2069 2921 vitae-

227 2956 320 3008 que
356 2941 656 3003 integritatem
675 2979 688 3004 ,
725 2948 770 2994 &
805 2942 967 3005 verb0,
1004 2947 1047 2992 &
1071 2960 1204 3012 opere
1241 2943 1469 2998 instituens
1496 2961 1508 2991 ε
1544 2960 1627 2991 nec
1662 2941 1764 3008 quis
1798 2939 1886 2990 fine
1922 2946 2071 2992 Poeni·-⁴

227 3012 380 3060 tentiae
415 3011 676 3078 lachrymis,
711 3013 896 3067 durante
931 3015 1013 3064 hac
1049 3012 1112 3064 sui
1146 3014 1288 3063 morbi
1318 3015 1431 3069 lucta
1467 3013 1527 3061 ab
1560 3030 1615 3062 eo
1637 3009 1856 3063 discessit.
1895 3016 2068 3068 Horum

227 3082 343 3132 inter
377 3096 555 3131 caeteros
589 3083 731 3145 testIS,
767 3083 1152 3153 impraesentiarum
1187 3085 1370 3135 minime
1406 3082 1590 3138 silendus
1614 3119 1628 3145 ,
1665 3083 1729 3133 est
1765 3087 1813 3133 P.
1850 3084 2065 3134 VVilhelq

227 3168 326 3203 mus
362 3156 634 3220 VVynantS,
670 3156 749 3222 ipfi
784 3154 810 3205 ὲ
846 3156 1018 3206 secretis
1045 3193 1058 3217 ,
1094 3160 1248 3210 Rornae
1297 3159 1342 3205 &
1375 3157 1423 3208 in
1457 3156 1660 3207 Romano
1695 3156 1852 3205 itinere
1886 3157 2064 3215 socius,

227 3225 308 3290 qui
344 3222 477 3291 usque
514 3225 561 3272 in
595 3223 726 3277 finem
762 3225 1043 3295 obsequendo
1076 3226 1234 3277 dilexit
1269 3226 1394 3279 illum
1421 3244 1434 3281 ς
1467 3228 1513 3277 &
1550 3224 1606 3275 de
1642 3224 1736 3296 ipso
1769 3230 1858 3292 jam
1893 3224 2064 3297 pridem

228 3295 277 3345 in
312 3298 526 3346 Scazonte
562 3296 755 3346 cecinit:
1668 3297 1672 3301 ’

437 3365 509 3414 Tu
544 3371 645 3431 juge
692 3365 816 3416 ducis
850 3369 1057 3416 Innocentiae
1082 3367 1211 3418 filum
1237 3403 1251 3428 ‚

435 3437 681 3504 Nunquam
716 3438 873 3487 Pudoris
907 3438 1135 3504 naufragus
1160 3474 1174 3501 ,
1210 3441 1252 3487 &
1287 3436 1429 3488 adhuc
1464 3441 1600 3487 Fama
1833 3509 1852 3567 (
1885 3509 1927 3557 C

1931 3525 1996 3558 ers
