2346 3776
689 130 756 159 ar
789 115 1123 162 VERBORUM
1157 108 1580 162 Nonam-mm.

286 207 422 244 tertium
418 197 673 239 Sardicensem‘
662 208 865 239 innovatur,
889 200 973 233 cur?
1000 197 1110 247 3061.

288 259 371 295 &2
381 264 481 301 prope
491 251 613 284 finem.
1054 274 1056 276 -

237 308 364 343 Canon
381 300 540 341 secundus
561 300 690 344 Synodi
718 300 916 336 Sardicensis
937 310 1116 345 numquam

279 356 352 391 usu
361 360 526 396 receptus.
555 348 636 399 328
661 362 694 388 2

237 405 360 442 Canon
380 404 486 437 sextus
499 400 892 445 Constantinopolitanus
924 399 966 435 ab
975 400 1117 436 Ecclesia

288 454 443 489 Romana
453 453 772 495 semperrefutatus,
796 453 879 486 cur?
908 459 982 498 339.
1015 462 1042 487 1.

239 505 362 542 canon
370 505 480 538 sextus
492 501 885 545 Constantinopolitanus
897 499 1117 535 Eusebianam

286 554 359 590 olet
378 551 636 587 Rebellionems.
667 560 742 599 340.
772 564 803 590 2·
849 551 930 592 adest
958 548 1118 592 Norifiana

289 605 461 639 adnotatio.

237 653 362 691 Canon
381 655 490 692 sextus
510 653 667 689 Nicaenus
693 652 728 686 in
741 650 1115 695 Constantinopolitana

288 703 427 748 Synodo
437 704 631 737 innovatur.
661 713 738 750 332.
767 715 798 739 2.
825 704 858 736 δε
884 704 946 746 seq.

239 754 364 790 Canon
375 753 489 789 tertius
499 752 693 788 Sardicensis
711 752 877 786 similiter.
906 759 983 800 333.
1013 763 1042 788 1·

239 804 363 840 Canon
384 805 493 839 sextus
514 803 671 837 Nicaenus
694 826 704 842 ,
730 802 878 844 quamvis
896 802 938 836 de
957 812 999 834 eo
1025 810 1116 835 mota

288 855 354 890 fuit
372 852 527 899 quaestio,
553 852 596 887 ab
617 852 759 887 Ecclefia
781 852 934 887 Romana
957 850 1003 885 ost
1034 862 1116 885 rece—

291 913 387 948 ptus.
413 912 495 960 244
527 913 555 938 1.

239 953 382 988 Canone
394 953 500 998 primo
510 952 638 995 Synodi
650 953 797 988 secundae
811 964 870 997 pro
882 953 1118 986 Macedoniorum

289 1001 470 1048 legendum
495 1004 775 1038 marcellianorum
805 1014 822 1050 3
826 1013 881 1050 30
909 1015 942 1039 2

234 1052 297 1090 ob
307 1053 483 1089 Canonem
493 1050 696 1096 Ephesinum
707 1053 749 1087 de
762 1065 831 1087 non
843 1052 1012 1087 alterando
1026 1051 1119 1095 Sym·

290 1102 371 1138 bolo
390 1103 496 1138 Graeci
519 1114 580 1136 nos
594 1113 713 1136 vocant
734 1102 965 1138 Schismaticos
982 1127 994 1144 ‚
1021 1102 1119 1146 idque

289 1152 394 1195 quiaa
406 1152 535 1188 Latinis
548 1152 621 1196 post
633 1152 783 1197 additum
795 1155 931 1196 Pmoque
945 1177 953 1185 .
981 1162 1059 1200 395.
1090 1163 1117 1187 1

237 1202 417 1239 Canonem
428 1203 583 1246 quintum
595 1202 724 1246 Synodi
742 1203 1120 1246 Constantinopolitanae

291 1252 324 1286 S.
336 1253 500 1288 Damasus
511 1264 580 1287 non
593 1253 802 1288 confirmavit
814 1278 825 1294 ,
851 1254 930 1287 cur?
959 1263 1036 1301 337.
1064 1264 1094 1290 2.

242 1301 402 1338 eanones
429 1302 557 1346 Synodi
569 1302 948 1347 Constantinopolitanae
959 1303 1121 1337 Damasus

289 1364 473 1398 numquam
506 1351 690 1396 probavit,
729 1353 782 1388 sed
818 1352 1036 1388 Innocentius
1059 1351 1120 1385 111.

295 1403 374 1459 365.
399 1414 432 1440 2.
459 1403 494 1437 δε
518 1404 605 1447 sequ.

238 1450 434 1487 Ga’rdinales
442 1453 527 1487 olim
538 1452 730 1488 dicebantur
741 1452 945 1497 Presbyteri
973 1464 994 1500 3
1006 1465 1032 1491 1·
1064 1463 1096 1490 1

239 1498 416 1537 castrandi
429 1503 485 1537 seu
496 1503 643 1537 evirandi
660 1502 852 1541 hominisar
853 1514 868 1532 s
876 1503 1033 1532 omnibus
1042 1509 1122 1532 exo-

238 1566 245 1582 ·.
294 1553 349 1584 sa.
375 1561 455 1596 234.
486 1546 755 1583 1.&*inSch01
783 1547 865 1581 Can.
893 1547 918 1579 Ι.
947 1547 1023 1581 Nic.

241 1599 431 1634 Castrantes
442 1599 473 1631 se
485 1597 575 1640 ipsos
584 1596 602 1629 ὴ
616 1596 756 1629 Nicaeno
768 1594 927 1629 Concilio
934 1593 976 1631 ad
988 1593 1123 1629 Clerum

248 1681 252 1683 r
340 1643 716 1688 admittiprohibentur.
743 1653 824 1690 235.
854 1654 872 1680 1

288 1698 377 1733 Item
396 1695 499 1737 quise
512 1693 642 1728 castrati
665 1693 839 1729 &Medicis
856 1694 938 1731 citra
961 1693 1128 1731 necessita·

346 1754 414 1780 tem
423 1744 640 1789 permittunt.
667 1743 711 1778 ib.
739 1756 762 1780 2

288 1795 404 1832 Solam
415 1793 614 1840 genitalium
623 1794 868 1829 truncationem
882 1794 1057 1830 Nicaenum
1084 1806 1127 1830 te-

344 1845 464 1888 spicit,
489 1843 532 1879 ad
553 1855 690 1878 omnem
715 1844 765 1877 sui
784 1844 1030 1881 mutilationem
1059 1851 1126 1879 tan-

346 1896 422 1930 dem
433 1895 614 1928 extensum.
634 1893 678 1927 ib.
705 1906 724 1926 2

246 1944 573 1982 Catechumenorum
585 1945 640 1977 sex
658 1943 781 1978 classes.
809 1944 890 1980 261.
921 1956 949 1981 1.

246 1994 548 2032 Cateehumenatus
561 1993 672 2038 paffim
685 1993 812 2028 biennii
823 1994 887 2028 fuit
901 2020 908 2026 .
936 1994 1014 2028 ibid.
1045 2006 1077 2032 2-

247 2047 354 2082 Causa
365 2044 637 2080 damnationis-S.
650 2041 823 2079 Athanasii
844 2044 967 2087 &Syria
989 2043 1127 2087 synodo

297 2097 402 2131 fasta
434 2107 450 2132 1
479 2121 486 2127 -
514 2107 552 2132 2-

245 2147 375 2187 Causa,
401 2157 442 2180 ex
453 2107 517 2187 gua
528 2144 612 2179 olim
623 2144 725 2187 aliqui
746 2144 935 2189 semetipsos
955 2143 1129 2188 Tyrannis

297 2194 480 2231 offerebant
502 2195 698 2239 exponitur.
728 2206 805 2231 111
833 2206 865 2231 2-

245 2244 401 2281 Charitas
422 2243 495 2279 vere
504 2246 643 2288 perfesta
669 2255 738 2279 non
763 2244 871 2278 solum
893 2244 1129 2279 delectabiliter

249 2319 252 2322 -
295 2295 458 2335 moritur,
483 2295 539 2330 sed
561 2294 661 2330 etiam
673 2294 834 2337 patienter
858 2295 960 2329 vivit.
990 2303 1067 2330 110
1096 2306 1128 2331 2.

247 2343 630 2389 ehirographumdare‚
655 2342 736 2384 quid
753 2343 808 2376 fit.
839 2353 916 2379 101.
949 2356 978 2381 1·

247 2393 487 2436 chorepiscopi
499 2394 636 2435 quinam
647 2392 784 2425 fuerint.
812 2404 869 2438 25.
897 2406 928 2431 2.

249 2441 510 2486 Chorepiscopi‚
535 2452 574 2476 ac
593 2439 780 2485 Presbyteri
805 2443 889 2477 olim
909 2443 1003 2488 pagis
1023 2446 1131 2488 praefe-

301 2493 344 2527 &i
357 2517 364 2524 .
391 2504 416 2529 2
466 2517 473 2524 .
505 2502 533 2528 1.

249 2502 489 2585 chorepisc909pi
501 2541 536 2575 in
547 2540 689 2575 Nicaeno
698 2541 837 2578 nomine
853 2544 985 2578 suorum
996 2544 1128 2588 Episco

303 2604 422 2637 porum
433 2590 702 2634 subscripserunt
733 2589 812 2641 284.
839 2603 872 2628 2,.

250 2641 402 2678 Christus
431 2641 531 2676 Petro
542 2641 685 2684 Martyri
707 2641 793 2676 veste
814 2642 943 2690 discissa
955 2644 1129 2688 apparuit,

300 2692 441 2728 dicens.-
466 2691 565 2726 Arius
577 2691 712 2727 Vestem
721 2703 829 2728 meam
840 2716 852 2734 ,
878 2705 948 2739 quac
957 2694 1004 2728 est
1019 2695 1130 2730 Eccle-

302 2742 345 2778 sia
356 2742 567 2777 dilaceravit.
594 2738 652 2789 58-
678 2753 712 2780 2
1097 2761 1107 2770 ·

252 2790 450 2827 Chrismatis
459 2793 535 2827 usus
543 2803 585 2827 ex
596 2790 776 2827 traditione
800 2790 996 2838 Apostolica
1007 2793 1130 2830 deriva-

304 2851 380 2877 tus
455 2854 484 2880 2·
515 2853 546 2879 1.

254 2852 484 2928 ΕΙἹι-ὶίὶιιςῖἒδ
490 2892 564 2926 aliis
582 2892 650 2927 Dei
660 2890 766 2926 Patris
786 2894 896 2928 servus
918 2893 1062 2937 dicitur,
1087 2893 1130 2930 ab

303 2942 375 2976 aliis
412 2952 567 2987 negatur.
595 2940 674 2989 383-
702 2954 734 2980 2-

253 2990 407 3026 Christus
415 2991 434 3026 a
443 2992 600 3027 Nestorio
611 2991 716 3033 Deifer
727 2991 870 3027 dicitur.
897 2991 966 3044 381.
997 3006 1027 3030 1.

254 3040 404 3077 Christus
415 3051 540 3077 creatus
564 3042 783 3078 &creaturaa
797 3043 829 3076 S.
841 3043 1021 3089 Fulgentio
1045 3055 1128 3079 nun-

304 3101 464 3135 cupatur.
491 3089 570 3140 384-
598 3104 630 3129 2

258 3139 453 3176 Christusin
461 3141 588 3177 duabus
598 3142 724 3177 naturis
749 3142 947 3185 inconfuse,
973 3143 1127 3186 indivise,

306 3202 342 3225 ac
352 3191 607 3235 inseparabiliter
618 3191 856 3236 agnoscendus.
882 3193 927 3226 ib.

259 3238 408 3276 Christus
431 3253 500 3276 non
535 3241 619 3277 reste
641 3242 824 3287 appellatur
854 3246 974 3276 Homo·
996 3247 1131 3278 Domini-

309 3302 381 3325 cus
432 3289 487 3329 81
516 3303 545 3328 1

262 3302 428 3376 Chtistus3
444 3353 510 3385 quo
546 3343 639 3377 sensu
674 3341 755 3377 recte
791 3341 919 3377 dicatur
952 3342 1130 3386 consumma-

314 3393 383 3425 tut·
452 3401 483 3426 0,

265 3401 563 3475 Christuaeefflus
556 3452 620 3483 jam
638 3443 707 3480 Dei
716 3442 822 3482 Patr-is
834 3444 941 3479 servus
960 3443 1023 3480 esse
1034 3454 1131 3490 nega-

317 3495 388 3524 tur,
418 3491 495 3525 cun?
517 3488 593 3538 384
619 3503 653 3530 2·

365 3535 464 3571 Index
489 3538 602 3575 Tom.1.

1179 196 1345 232 Christum
1368 199 1431 233 esse
1442 209 1547 233 unum
1558 197 1731 235 Nestorius
1748 197 1901 245 astruit,
1925 215 1959 243 at
1979 206 2053 246 uni.

1229 257 1295 283 tate
1305 246 1504 293 dignitatis,
1530 249 1792 285 &auctoritatis
1818 253 1959 301 376.1.

1179 298 1300 334 Clerici
1314 298 1684 343 Constantinopolitani
1694 298 1851 336 Nestorio
1875 304 2052 343 resistentes

1229 348 1400 391 complura
1410 348 1496 383 mala
1508 348 1661 393 perpeffi,
1686 347 1729 382 ab
1741 354 2053 392 excommunicatio·

1230 410 1272 432 ne
1293 397 1442 432 liberati.
1469 408 1605 445 401.1-

1180 448 1303 482 Clerici
1325 448 1496 483 dumtaxat
1518 448 1560 484 ad
1582 448 1856 485 communionem
1877 450 1994 490 laicam
2007 455 2055 491 di-

1227 498 1339 532 miffi
1365 496 1444 535 286·
1474 511 1504 536 2

1178 548 1321 583 Clerici
1313 549 1478 583 innumeri
1492 549 1650 584 Concilio
1662 547 1708 584 N
1700 562 1799 586 icaeno
1810 551 1940 588 adfuere
1952 577 1963 595 ,
1974 565 2056 600 quos

1227 598 1312 632 inter
1323 598 1503 632 eminuitS.
1515 597 1731 634 Athanasius.
1759 613 1842 649 272.
1877 614 1907 639 1.

1178 648 1315 683 Clericis
1333 659 1403 682 non
1420 648 1541 682 licuit
1532 662 1567 683 in
1579 650 1743 685 Conciliis
1762 652 1910 687 adversus
1922 653 2057 698 Episco-

1229 710 1288 743 pos
1299 698 1483 741 disputare,
1509 698 1605 733 licuit
1616 700 1785 742 privatim.
1815 711 1894 748 272.
1926 714 1957 738 1.

1178 749 1232 783 De
1255 748 1461 783 Clericorum
1495 748 1654 784 Caelibatu
1687 750 1722 784 in
1747 750 1888 787 NIeaeno
1916 753 2056 813 disputa-

1228 809 1320 833 tum.
1347 808 1427 846 277·
1455 810 1491 836 2

1180 847 1360 882 Colluthus
1377 848 1568 883 damnatus.
1599 861 1674 896 151.
1702 861 1723 884 ι.

1180 899 1452 933 Communicatio
1485 898 1682 935 idiomatum
1710 900 1728 934 a
1761 901 1919 938 Nestorio
1950 904 2055 940 subla-

1228 958 1261 983 ta
1351 961 1371 995 7
1376 959 1406 995 9
1432 958 1456 982 3·

1180 959 1456 1033 Commuglcatlo
1465 999 1661 1035 idiomatum
1671 1002 1731 1035 fit
1721 1013 1757 1035 m
1769 1000 1913 1037 Christo.
1928 1002 2009 1038 ibid
2022 1016 2053 1041 2

1181 1048 1454 1084 Communicatio
1474 1050 1672 1085 idiomatum
1702 1053 1845 1095 personae
1872 1054 2055 1095 unitatem,

1231 1111 1268 1133 ac
1282 1109 1472 1134 naturarum
1481 1100 1698 1135 diversitatem
1714 1102 1842 1149 exigit
1867 1101 1946 1148 380.
1973 1113 2005 1138 2

1182 1148 1389 1184 Communio
1420 1150 1485 1186 alia
1507 1150 1741 1195 Episcopalis,
1776 1151 1842 1186 alia
1864 1152 2058 1194 Clericalis‚

1229 1198 1301 1234 alia·
1308 1199 1411 1233 laica.
1439 1198 1518 1238 286·
1550 1211 1579 1236 1

1183 1249 1295 1290 Vox,
1321 1253 1514 1290 communio,
1538 1250 1576 1284 in
1600 1250 1741 1287 Nicaeno
1763 1259 1824 1298 pro
1838 1252 1932 1287 omni
1954 1252 2060 1298 gradu

1230 1297 1490 1334 Christianitatis
1500 1300 1680 1344 accipitur.
1706 1311 1784 1350 243.
1815 1312 1850 1336 2

1184 1349 1391 1384 Communio
1402 1348 1509 1390 laica,
1536 1350 1640 1393 quid?
1668 1349 1752 1388 286·
1779 1363 1833 1390 2·

1185 1399 1393 1434 Communio
1427 1399 1510 1435 laica
1530 1399 1577 1434 est
1609 1401 1851 1444 sacramentalis
1873 1400 2064 1471 reconcilia-

1233 1449 1303 1483 tio
1331 1449 1410 1484 ibid.
1683 1468 1686 1472 ·

1186 1499 1392 1532 communio
1403 1499 1486 1534 laica
1498 1501 1545 1534 est
1559 1502 1654 1535 varia
1681 1501 1767 1534 ibid.

1186 1545 1395 1580 Communio
1406 1546 1488 1582 laica
1512 1559 1581 1582 non
1592 1549 1640 1583 est
1653 1547 1713 1582 sub
1725 1546 1793 1586 una
1815 1549 1920 1593 specie
1935 1550 2065 1586 Eucha-

1235 1594 1330 1625 ristiae
1351 1598 1536 1635 perceptio.
1575 1599 1652 1639 287.
1685 1607 1716 1630 1·
1746 1611 1763 1615 -·

1187 1641 1393 1676 Communio
1414 1643 1526 1676 omnis
1546 1652 1601 1685 per
1629 1643 1940 1683 reconciliationem
1961 1649 2069 1684 Sacra·

1237 1691 1416 1726 mentalem
1433 1693 1600 1726 restituta.
1627 1692 1708 1728 ibid.
1734 1706 1767 1732 2,

1188 1746 1375 1782 communio,
1396 1743 1589 1777 Sanctorum
1601 1748 1890 1787 communionem,
1901 1748 1952 1782 vel
1963 1748 2070 1789 Sacra

1238 1791 1415 1826 mentalem
1426 1792 1924 1837 reconciliationemimportat.
1952 1795 2068 1834 286.1.

1192 1841 1400 1877 Communio
1422 1841 1481 1875 sub
1502 1854 1588 1884 una,
1615 1842 1668 1877 vel
1694 1842 1818 1888 duplici
1842 1845 1948 1890 specie
1959 1857 2017 1891 per
2037 1850 2070 1883 se

1239 1893 1285 1926 est
1299 1890 1492 1934 adiaphora.
1523 1903 1600 1940 391
1631 1904 1661 1929 1-

1191 1942 1397 1977 Communio
1419 1941 1476 1976 sub
1498 1953 1633 1988 utraque
1658 1944 1764 1988 specie
1784 1944 1867 1981 olim
1888 1953 2069 1992 praecepta,

1240 1994 1322 2027 cur?
1348 1992 1429 2026 ibid

1192 2042 1441 2076 Communione
1462 2042 1544 2077 laica
1557 2044 1696 2087 privari,
1723 2045 1828 2090 quid?
1854 2045 1932 2095 287.
1960 2060 1994 2085 2-

1192 2093 1476 2127 Communionem
1487 2093 1634 2129 Ecclesiae
1645 2095 1788 2130 vetustus
1804 2097 1894 2142 rigor
1912 2096 2071 2132 haereticis

1241 2143 1274 2177 in
1286 2143 1378 2176 exitu
1396 2153 1465 2176 non
1480 2143 1680 2187 denegavit
1706 2145 1785 2190 248
1812 2158 1844 2183 2.

1192 2192 1476 2227 communionem
1490 2193 1608 2227 laicam
1627 2193 1727 2229 etiam
1752 2196 1786 2228 in
1798 2197 1866 2230 fine
1877 2195 1949 2231 vitae
1972 2206 2071 2242 negat

1241 2243 1361 2276 Canon
1383 2242 1542 2277 secundus
1564 2243 1756 2278 Sardieensis
1779 2268 1791 2285 ,
1818 2245 1872 2281 sed
1894 2258 1964 2281 non
1987 2257 2071 2280 rece-

1245 2302 1337 2336 ptus.
1369 2302 1446 2339 329-
1474 2305 1494 2326 ι.

1193 2342 1347 2377 Concilia
1361 2344 1448 2376 varia
1458 2341 1544 2377 circa
1556 2342 1677 2378 Arium
1690 2369 1697 2376 .
1730 2356 1807 2391 151.
1834 2346 1868 2380 &
1882 2347 1943 2391 seq.

1193 2393 1356 2427 Concreta
1370 2392 1570 2427 infirmitatis
1590 2394 1655 2438 jam
1666 2395 1778 2438 pafffin
1800 2394 1877 2430 Deo
1888 2395 2070 2432 attribuun-

1242 2452 1314 2476 tur.
1344 2453 1420 2491 393.
1449 2455 1471 2476 1.

1192 2491 1467 2527 Confirmationis
1483 2494 1590 2528 forma
1611 2506 1681 2528 non
1701 2494 1768 2530 est:
1794 2496 1983 2540 signaculum
1999 2497 2071 2529 doni

1226 2543 1504 2585 νΔζρὶνὶηιπ,ἳιιηέῖἰ.
1534 2555 1613 2592 345.
1644 2557 1673 2581 1·

1192 2593 1468 2627 confirmationis
1480 2593 1545 2628 alia
1556 2595 1694 2629 nomina
1706 2618 1714 2626 .
1740 2594 1821 2629 ibid.

1191 2643 1467 2678 Confirmationis
1496 2644 1637 2678 formam
1657 2643 1786 2688 antiqui
1820 2643 1922 2678 latere
1959 2644 2071 2682 volne-

1240 2698 1335 2727 runt.
1363 2692 1448 2726 ibid.

1191 2742 1410 2777 Consistentia
1421 2741 1509 2777 unde
1519 2742 1623 2778 dista.
1650 2742 1731 2790 256.
1759 2756 1793 2782 2.

1191 2792 1451 2827 Confistentium
1462 2793 1633 2828 conditio.
1660 2793 1740 2828 ibid·

1192 2841 1375 2878 Constante
1383 2840 1537 2887 Augusto
1547 2853 1679 2878 mortuo
1690 2843 1773 2879 mira
1787 2842 1823 2878 in
1844 2842 1986 2879 Ecclesia
1998 2854 2068 2881 mu·

1221 2893 1344 2927 tatio.
1359 2902 1449 2943 324.
1477 2905 1511 2930 2
1543 2902 1668 2941 3251.

1192 2929 1406 2982 Constantini
1417 2943 1501 2989 ᾼέὶει
1511 2943 1595 2978 circa
1609 2942 1683 2977 Arii
1693 2943 1844 2979 exordia.
1872 2955 1947 2992 153.
1978 2956 2007 2982 1-

1191 2992 1564 3037 Constantinopolitano
1584 2994 1750 3039 Episcopo
1771 2994 1790 3028 ὲ
1815 2995 1952 3030 secunda
1964 2996 2069 3038 Syno

1241 3043 1287 3077 do
1310 3042 1470 3077 secundus
1488 3043 1584 3078 datus
1602 3043 1775 3089 dignitatis
1797 3044 1891 3079 locus
1916 3059 1928 3079 .-
1963 3042 2066 3098 Qod

1241 3092 1374 3128 tandem
1385 3093 1577 3128 admissum.
1607 3104 1682 3142 334.
1711 3107 1742 3132 2.

1192 3142 1570 3187 Constantinopolitanae
1590 3144 1718 3187 Synodi
1744 3146 1870 3181 occasio
1891 3171 1899 3179 .
1927 3154 2005 3192 254.
2034 3153 2062 3183 1,·

1242 3193 1370 3227 Locus.
1400 3203 1478 3240 255.
1507 3206 1540 3231 2.
1569 3193 1737 3238 Tempus.
1765 3196 1845 3231 ibid.
1883 3194 1965 3230 Asta
1978 3194 2063 3227 circa

1240 3242 1359 3276 fidem.
1388 3254 1465 3291 155.
1477 3256 1508 3280 2.
1547 3242 1628 3279 Aeta
1639 3245 1725 3280 circa
1739 3247 1910 3289 personas.
1936 3252 2012 3290 359-
2030 3253 2060 3279 2·

1241 3293 1320 3334 Ejus
1341 3293 1465 3328 summa
1492 3295 1838 3344 auetoritas.361.1.

1192 3342 1561 3385 Constantinopolitana
1584 3344 1721 3388 Synodo
1740 3346 1759 3379 ὲ
1780 3344 1848 3378 solo
1867 3339 2063 3376 Theodosio

1242 3392 1416 3436 Augusto,
1442 3405 1512 3427 non
1537 3392 1854 3432 aDamasocoasta.
1884 3400 2012 3439 3551.

1193 3441 1564 3486 Constantinopolitana
1576 3443 1727 3486 Synodus
1737 3441 1858 3475 avitam
1876 3441 2062 3485 glorifican-

1241 3491 1276 3525 di
1305 3492 1478 3528 formulam
1502 3516 1513 3532 ,
1554 3502 1652 3536 quam
1684 3490 1802 3525 Ariani
1828 3491 2062 3535 depravarant,

1594 3541 1620 3574 F
1647 3540 1664 3574 f
1682 3541 1704 3574 f
1748 3552 1771 3578 2
1969 3552 2014 3575 re—
