2346 3776
225 2719 335 2756 Cap.19

382 129 452 166 154

378 182 628 221 damnationem
649 185 735 228 effent
747 183 864 218 hocloco
874 183 1034 226 constituta*
1045 207 1056 224 ‚
1083 185 1189 216 Ariani
1207 183 1255 218 be-

373 237 577 270 nevolentiam
583 233 796 283 ssplfioporurn
807 260 818 276 ‚
837 234 968 279 stngulas
982 238 1137 267 Civitates
1158 235 1253 267 admi-

375 286 585 328 nistrantium,
605 284 663 328 fibi
671 287 824 329 necessario
836 285 1104 328 anticolligendam
1123 284 1253 317 arbitra-

371 343 400 372 ti
418 362 431 379 ‚
465 343 591 370 mittunt
612 340 739 380 Legatos
761 337 807 368 ad
823 347 870 369 eos
891 341 956 369 tum
978 338 1107 368 Litteris
1126 336 1164 367 de
1175 335 1253 366 Fide

352 423 355 427 ,
366 387 428 436 fita
438 413 448 429 ‚
474 387 712 430 contendantque
720 386 759 419 ab
766 387 828 420 illis
841 411 852 427 ‚
878 394 912 419 ut
916 385 948 428 fi
953 385 1065 418 rebium
1084 383 1154 427 ipfis
1166 385 1250 416 vide-

370 448 456 473 retur
464 444 511 471 ita
521 439 560 470 de
579 440 642 471 Deo
657 435 849 481 sentiendum
871 461 882 477 ‚
902 435 1103 481 significarent
1125 435 1253 468 Alexan-

369 490 446 529 dro,
471 497 506 521 ut
518 486 586 530 ipfis
597 489 719 522 minima?
724 485 922 531 succenseret:
950 488 1004 519 Sin
1021 486 1120 518 minus
1135 509 1145 524 ,
1173 486 1251 517 doce-

368 548 439 572 rent
446 549 493 572 eos
504 539 751 581 quemadmodum
761 536 953 581 sentiendum
963 536 1037 579 effer,
1053 538 1119 578 ,Qui
1131 535 1250 576 quidem

347 592 505 625 ,Conatus
524 600 583 622 non
597 589 710 631 parum
729 600 829 622 eorum
847 584 966 630 causam
990 587 1122 628 adiuvit.
1163 588 1249 616 Nam

366 638 424 674 bac
433 639 549 672 illorum
559 644 693 682 opinione
705 645 738 672 in
747 637 920 679 omnesfere*
931 633 1064 678 dispersa
1075 658 1085 674 ,
1106 631 1146 666 ab
1157 640 1247 666 omni-

365 688 534 732 buspaffim
546 688 699 733 Epist-opis
710 691 748 722 de
758 700 795 722 ea
803 686 953 730 disputari
961 693 1077 725 ceptum
1089 683 1125 723 est
1138 694 1148 717 t
1168 685 1250 726 ,Quo-

364 751 434 775 rum
444 742 526 773 Pars
531 738 674 783 scripsere
693 740 738 772 ad
759 738 985 774 Alexandrum,
1012 743 1050 769 ne
1071 734 1249 769 admitteret

364 794 494 826 manos
506 798 541 824 in
551 789 725 831 Ecclefiam‚
752 786 809 829 nisi*
823 785 912 829 suam
933 786 971 817 de
994 785 1073 817 Fide
1084 791 1248 826 opinionem

361 840 528 883 abjicerent
551 853 559 873 ε
599 842 679 873 Pars
700 847 801 871 autem
819 841 943 875 oravit,
968 845 1006 867 ne
1029 834 1109 875 istud
1118 833 1245 876 faceret.

360 892 471 933 ,Quare
492 902 558 923 cum
582 889 752 922 Alexander
763 886 1008 928 quamplurimos
1019 885 1162 924 videret,
1183 893 1247 917 tum

355 938 454 986 specie
473 939 557 973 bonae
576 945 653 972 vitae
668 948 785 981 graves
799 960 809 976 ‚
836 946 900 971 tum
906 934 1106 978 probabiliter
1122 935 1245 968 dicendo

352 987 547 1032 per-disertos
566 1013 577 1028 ‚
611 992 734 1020 Arianis
748 985 874 1030 fiibfidio
893 991 998 1019 venire
1017 1009 1028 1026 ‚
1056 986 1091 1021 &⁵
1112 987 1244 1019 maxime*

354 1044 490 1072 omnium
512 1037 676 1082 Eusebium
697 1049 729 1072 eo
763 1045 892 1079 tempore
912 1036 1099 1069 Nicomediae
1130 1033 1246 1078 Episto-

350 1096 427 1135 pum
439 1112 451 1129 ‚
476 1095 580 1123 virum
598 1087 736 1129 illustrem
749 1111 760 1127 ‚
785 1088 820 1121 Θ
842 1093 874 1119 in
891 1090 1085 1128 Imperatoris
1100 1086 1173 1119 aula
1183 1097 1245 1118 ma-

349 1151 411 1185 gno
422 1146 456 1172 tn
466 1139 572 1173 bonore
581 1138 719 1172 habitum
731 1163 741 1179 ,
758 1135 875 1180 scripsit
886 1138 932 1169 ad
940 1147 1040 1169 omnes
1049 1135 1156 1178 ubique
1168 1138 1244 1177 Epi-

348 1188 451 1233 scopo-r.
473 1213 486 1230 ,
513 1200 550 1223 ne
568 1200 634 1223 cum
654 1189 714 1221 illis
740 1192 999 1221 communicarent.
1038 1187 1123 1218 Unde
1151 1187 1243 1218 ardor

351 1236 508 1282 utriusque
519 1242 625 1273 Partis
636 1240 728 1272 multo
739 1243 835 1281 magis
848 1234 987 1279 accensus
999 1235 1038 1275 est
1050 1259 1060 1274 ,
1085 1236 1120 1271 (δ’
1132 1241 1243 1278 acrior,

350 1298 388 1324 ut
396 1289 514 1332 affolet,
539 1295 673 1322 excitata
681 1293 833 1321 contentio.
861 1285 1007 1333 NJtmubi
1026 1285 1169 1329 fautores
1181 1292 1239 1320 Eu-

349 1338 426 1385 sebii
437 1341 645 1373 Alexandrum
660 1336 774 1382 saepius
799 1348 919 1371 orantes
942 1361 954 1377 ,
979 1336 1102 1368 minime
1112 1347 1237 1372 exorare

345 1389 459 1434 peffent
470 1402 484 1432 ,·
510 1391 606 1425 veluti
617 1390 791 1423 contumelia
799 1387 921 1428 affirm,
944 1392 1044 1428 iniquo
1055 1392 1155 1418 animo
1169 1384 1235 1429 fer-

349 1451 403 1481 n,
430 1441 541 1473 &Arii
561 1445 725 1481 opinionem
746 1439 831 1482 longe*
852 1439 962 1478 majori
984 1442 1148 1469 animorum
1172 1447 1237 1468 con-

350 1495 481 1525 tentione
499 1489 659 1531 defendere
676 1497 837 1530 caeperunt.
864 1491 959 1529 Atque
980 1488 1108 1521 Concilio
1123 1493 1156 1519 in
1179 1488 1237 1524 B,-

353 1539 456 1579 thyma
480 1539 594 1580 cauffo,
615 1537 745 1582 stribere
765 1539 809 1570 ad
821 1548 899 1570 omes
913 1534 1073 1579 Episcopo:
1085 1560 1095 1575 ,
1121 1545 1155 1569 ut
1168 1547 1235 1569 cum

350 1593 476 1623 Arianis
490 1614 501 1629 ‚
527 1599 683 1632 tamquam
705 1590 742 1621 de
762 1589 843 1621 Fide
863 1587 942 1622 rec‘le*
947 1585 1147 1629 sentientibus
1162 1596 1236 1619 com-

348 1645 538 1677 municarent
559 1652 570 1673 .-
596 1640 833 1681 Efficerentque,
858 1646 893 1670 ut
914 1639 948 1670 0·
971 1636 1140 1669 Alexander
1162 1634 1238 1678 ipso-

348 1701 416 1723 rum
438 1690 663 1732 ampledleretur
674 1693 920 1721 communionem.
956 1686 1064 1718 Verum
1075 1684 1126 1718 ubi
1137 1686 1235 1721 Cona-

349 1749 400 1775 rus
423 1751 522 1773 eorum
535 1741 651 1782 parum
663 1738 786 1782 fiecceffit
806 1749 844 1771 ex
850 1735 1006 1780 sententia
1017 1759 1028 1779 ‚
1051 1736 1211 1776 propterea
1223 1759 1233 1776 ,

348 1791 431 1833 quod
449 1790 619 1824 Alexander
639 1789 877 1831 haudquaquam
899 1786 966 1828 ipsis
977 1787 1091 1818 cederet
1103 1798 1114 1817 .·
1142 1789 1232 1819 Arius

347 1846 445 1874 mittit
468 1839 597 1884 Legatos
621 1841 665 1872 ad
685 1840 848 1872 Paulinum
868 1840 937 1877 Tyri
958 1833 1141 1877 Episcopum
1161 1858 1171 1874 ‚
1201 1835 1236 1867 (a

347 1888 513 1933 Eusebium
533 1883 955 1933 cognomento'PamphJIuns‚
981 1883 1140 1925 Ecclesiam
1162 1887 1231 1917 Cae·

343 1938 454 1983 saraeae
472 1938 629 1979 Palestinae
633 1937 854 1983 gubernantem
865 1961 876 1976 ,
902 1936 938 1970 Θ·
947 1932 1158 1976 Patropbyium
1167 1935 1230 1975 ὃς).

349 1991 454 2033 topolis
478 1988 676 2033 Episcopum,
698 1993 833 2030 petitque
852 1995 886 2019 ut
901 1983 1030 2028 potestas
1042 1982 1098 2025 fibi
1111 2008 1121 2023 ‚
1148 1991 1232 2025 utpo-

346 2051 378 2075 te
395 2041 529 2084 gradum
551 2038 728 2076 Presbyterii
748 2047 820 2072 ante
842 2037 950 2077 adepto
970 2059 980 2075 ,
1006 2035 1068 2069 una
1089 2044 1156 2068 cum
1167 2031 1234 2075 suis

344 2095 544 2133 permittatur
562 2089 706 2131 populum
719 2086 775 2128 fibi
787 2086 954 2128 faventem
978 2086 1024 2117 ad
1056 2088 1233 2116 Conventus

346 2141 485 2174 vocandi.
522 2142 610 2172 Nam
620 2136 791 2181 consuetudo
810 2147 875 2169 cum
889 2133 992 2178 fuiffet
1014 2134 1209 2167 Alexandriae
1222 2157 1232 2173 ‚

342 2189 429 2235 ficuti
451 2199 531 2223 nunc
548 2187 587 2229 est
598 2213 609 2228 ‚
635 2197 669 2222 ut
687 2188 755 2222 licet
767 2198 844 2221 unus
858 2183 994 2219 omnibus
1000 2183 1147 2227 prae-effet
1158 2186 1234 2225 Epi-

343 2239 451 2287 scopus
478 2263 490 2280 ‚
517 2238 698 2278 Praesbyteri
717 2246 819 2270 tamen
831 2234 1000 2279 separatim
1021 2232 1166 2274 EccleJi'as
1190 2243 1235 2268 re-

347 2296 479 2326 tinerent
489 2313 500 2330 ‚
524 2300 560 2323 ac
577 2286 636 2330 fibi
651 2287 826 2330 commtjffum
839 2286 982 2328 populum
998 2285 1043 2318 ad
1055 2286 1234 2317 Conventus

348 2348 491 2384 cogerent.
518 2337 570 2381 Isti
589 2348 656 2371 cum
674 2338 743 2371 ains
767 2342 859 2371 etiam
877 2333 1035 2378 Epifiopis
1055 2339 1089 2367 in
1111 2332 1234 2375 Palesti-

348 2402 392 2423 κα
412 2395 445 2423 in
463 2400 558 2423 unum
579 2393 767 2433 congregati,
787 2384 975 2428 postulationi
996 2381 1236 2427 Ariisuffragati

346 2438 420 2487 sunt
444 2451 454 2482 3
485 2442 518 2485 J
520 2438 705 2482 afferuntque
722 2445 758 2470 ut
771 2436 907 2479 primum
927 2432 984 2477 ipfi
1004 2440 1085 2469 inter
1102 2431 1136 2476 se
1161 2437 1237 2465 Con-

349 2498 464 2534 ventus
483 2490 603 2531 quidem
623 2496 745 2532 agerent
765 2511 776 2527 ,
811 2484 873 2530 sed
888 2494 989 2519 tannen
1004 2481 1040 2527 se
1054 2481 1237 2527 subjicerent

352 2540 549 2578 Alexandro,
575 2539 610 2574 (ν’
629 2547 664 2571 ut
685 2538 724 2571 de
740 2544 818 2580 pace
837 2547 904 2568 cum
913 2546 944 2571 eo
946 2534 1117 2576 facienda,
1143 2534 1237 2576 deque

349 2595 548 2623 communione
568 2597 674 2623 mutua
694 2597 781 2631 agere
797 2597 856 2619 non
873 2582 1046 2627 desisterent.
1076 2582 1236 2618 Notanda

350 2641 425 2674 sunt
436 2639 615 2674 sozomeni
631 2637 674 2672 de
683 2636 832 2671 Solemni
852 2634 1125 2677 Presbyterorum
1147 2632 1235 2676 apud

350 2688 593 2727 Alexandriam
613 2686 854 2722 Praedicatione
876 2684 972 2719 verba
995 2695 1002 2714 :
1040 2686 1132 2717 Sicuti
1157 2694 1234 2715 nunc

351 2739 397 2783 est.
437 2738 543 2774 Aliud
566 2738 648 2774 dicit
665 2738 701 2771 in
722 2736 864 2784 septimo
891 2733 1010 2778 Operis
1040 2733 1089 2767 sui
1107 2732 1231 2768 Libro:

353 2791 446 2832 Apud
463 2789 682 2824 Alexandrinos
701 2789 774 2821 vero
790 2784 872 2829 solus
896 2788 1048 2818 Civitatis
1068 2781 1234 2825 Episcopus

353 2842 389 2873 in
413 2839 555 2873 Ecclesia
578 2838 687 2873 docet.
716 2838 812 2878 Aiunt
831 2845 933 2868 tamen
958 2833 1037 2866 banc
1058 2830 1237 2875 consuetudi-

294 2907 297 2910 >
355 2900 421 2922 nem
432 2887 740 2931 nonpriusinoleviffe
753 2911 765 2927 ,
789 2888 881 2929 quim
902 2896 940 2918 ex
965 2885 1023 2926 quo
1046 2888 1134 2916 Arius
1147 2885 1237 2917 Pres-

356 2937 436 2977 byter
448 2962 459 2978 ,
484 2939 521 2972 de
529 2938 673 2972 Doc‘lrina
682 2937 820 2981 differens
834 2961 844 2977 ‚
867 2933 1017 2978 insolitam
1028 2934 1234 2967 introduceret.

358 2986 508 3022 Adducta
528 2988 626 3023 verba
649 2988 813 3022 affirmant
832 2985 1004 3029 antiquam
1014 2982 1237 3017 Consuetudi—

358 3048 434 3071 nem
446 3037 539 3072 fuisse
550 3037 725 3081 postmodo
736 3045 924 3072 revocatam
935 3059 946 3075 ‚
972 3034 1087 3076 utique
1100 3033 1171 3077 post
1183 3044 1237 3066 ex-

357 3088 490 3121 tinctam
501 3085 575 3120 Arii
587 3086 739 3122 haerefim.
766 3088 834 3121 Suo
844 3086 921 3120 loco
933 3081 1160 3119 elucidabitur.
1179 3082 1236 3117 Ab

361 3134 548 3179 Agrippino
572 3136 835 3182 Carthaginenfis
857 3135 1024 3179 Episcopo
1043 3143 1171 3168 motam
1195 3132 1237 3167 de

359 3184 509 3219 iterando
536 3186 776 3221 Haereticorum
803 3186 1004 3230 Baptismate
1030 3184 1236 3227 quaestionem

359 3234 499 3276 exponit
522 3234 556 3267 in
570 3236 713 3272 secundo
723 3246 837 3271 contra
851 3235 1043 3270 Donatistas
1055 3233 1156 3270 Libro
1168 3234 1237 3266 san-

359 3285 426 3319 etus
443 3281 648 3326 Augustinus
660 3310 670 3325 ‚
684 3281 833 3319 *affirmat
843 3287 878 3318 in
890 3285 1038 3329 plurimis
1049 3284 1238 3318 Provincia-

358 3344 433 3367 rum
451 3341 528 3378 ante
552 3333 724 3369 Nicaenum
747 3334 940 3368 Concilium
953 3334 1117 3377 Synodis,
1141 3332 1237 3368 fuiffe

227 3378 299 3417 C2P·
317 3387 347 3414 4·
360 3383 520 3428 agitatam
532 3406 543 3421 ,
569 3392 666 3427 atque
677 3383 844 3428 subjungit
858 3396 864 3414 :
892 3386 1043 3427 ‚Quomodo
1052 3390 1130 3418 enim
1135 3389 1236 3426 potuit

360 3433 414 3475 ista
436 3444 486 3466 res
506 3438 602 3465 tantis
622 3434 845 3465 altercationum
863 3434 974 3465 nebulis
996 3436 1133 3468 involuta
1157 3457 1169 3474 ,
1194 3433 1238 3466 ad

354 3485 490 3528 plenarii
512 3484 637 3518 Consilii
657 3483 835 3517 luculentam
854 3482 1071 3524 illustrationem
1089 3509 1099 3526 ,
1133 3482 1236 3526 confir·

825 97 1274 152 DissER-TA‘rio
1318 98 1736 157 PnothALis.

1315 189 1527 230 mationemque
1542 189 1670 229 perduci
1691 213 1703 229 ‚
1739 187 1796 231 nisi
1805 192 1906 232 primii
1923 191 2038 226 diutius
2045 201 2102 236 per
2111 196 2190 231 orbis

1317 243 1464 270 terrarum
1472 241 1638 281 Regiones,
1663 239 1765 272 multis
1777 239 1846 274 binc
1855 250 1946 284 atque
1966 241 2035 276 binc
2052 244 2164 287 Disput.
2175 265 2197 279 0

1317 286 1443 320 tionibus
1465 288 1499 321 (θ’
1524 288 1739 322 collationibus
1764 289 1975 334 Episcopo-um
1996 295 2191 335 pertractat.

1315 335 1453 380 constaret
1464 339 1477 371 ἓ
1487 340 1548 370 Hoc
1559 346 1662 370 autem
1667 337 1749 379 facit
1752 339 1874 383 sanitas
1881 350 1968 384 pacis
1980 368 1990 384 ‚
2002 353 2036 376 ut
2047 355 2113 378 cum
2124 346 2192 379 diu-

1316 388 1499 430 tiusaliqua
1515 385 1677 430 obscuriora
1698 400 1895 435 quaeruntur-3
1922 395 1957 427 (θ’
1973 402 2097 436 propter
2106 401 2191 430 inve-

1317 438 1418 470 niendi
1438 438 1639 481 difficultatem
1649 437 1788 481 diversas
1793 448 1923 482 pariunt
1933 450 1966 476 in
1978 444 2125 486 fraterna
2143 447 2195 479 di·

1309 483 1490 528 fteptatilme
1501 490 1673 522 sententias
1682 512 1692 528 ,
1718 489 1808 523 donec
1817 492 1864 524 ad
1871 503 1976 526 verum
1988 497 2192 538 liquidumque

1312 543 1530 589 perveniatur?
1555 538 1708 572 vinculum
1728 546 1903 581 permaneat
1918 550 2068 585 unitatis,
2095 557 2132 579 ne
2157 552 2191 579 in

1316 587 1411 621 Parte
1427 587 1555 634 praecisa
1575 598 1729 623 remaneat
1748 587 1913 632 insanabile
1930 596 2042 628 vulnus
2053 598 2190 629 Erroris.

1315 636 1416 683 Hanc
1426 637 1592 685 Regulam
1603 638 1763 673 Eusebius
1772 636 2035 679 'Nicomedienfis
2044 670 2055 686 ,
2080 657 2119 680 ac
2131 645 2191 680 alii
2229 634 2231 637 Α

1314 684 1399 723 Ario
1423 688 1567 723 faventes
1587 690 1743 733 Episcopi
1763 690 1954 727 servandam
1977 694 2192 736 simularunt,

1288 765 1291 769 .
1311 737 1344 770 ὃς
1363 748 1432 772 non
1452 738 1626 774 servarunt.
1655 740 1785 774 Primus
1805 740 1916 785 itaque
1938 743 1998 776 suae
2009 742 2192 779 Provinciae

1308 787 1484 832 Synodum
1495 791 1607 838 coegit
1619 789 1802 833 Eusebius,
1828 789 1903 825 Arii
1926 794 2057 828 causam
2069 805 2107 829 ac
2125 788 2192 828 san-

1309 836 1350 892 ᾅί
1382 836 1566 880 Alexandri
1592 840 1767 884 Synodum
1797 843 1982 877 retractavit
2003 868 2015 885 ,
2041 843 2191 887 probavit

1310 886 1401 922 1stius
1411 886 1630 934 blasphemias
1640 915 1651 932 ,
1676 890 1816 925 absolvit
1828 892 1931 936 ipsum
1944 892 1986 927 ab
2004 893 2192 938 injectope‘r

1310 935 1531 974 Paniai-cham
1541 940 1676 977 vinculo
1687 965 1698 982 ‚
1725 941 1759 976 ὅτ
1771 941 1913 977 reddidit
1930 943 2187 978 Communioni.

1310 986 1494 1025 Declaravit
1514 988 1599 1025 istud
1619 990 1790 1026 vinculum
1814 993 1908 1028 fuilst
1931 1004 2000 1028 non
2022 994 2191 1037 synodale

1308 1036 1494 1080 Iudicium,
1518 1038 1573 1074 std
1590 1048 1765 1076 erroneum
1786 1053 1844 1077 aut
1865 1042 1984 1078 hostile
1995 1042 2166 1079 vinculum
2178 1067 2190 1085 ,

1307 1086 1450 1132 ideoque
1473 1087 1520 1123 ab
1537 1089 1693 1124 omnibus
1714 1091 1933 1137 spernendum
1952 1105 1991 1128 ac
2014 1094 2190 1130 exsufflan-

1306 1137 1396 1172 dum.
1461 1136 1529 1172 uod
1539 1137 1645 1183 ipsum
1654 1140 1803 1174 fecerunt
1819 1140 1980 1181 Paulinus
1999 1143 2091 1187 Tyri
2110 1145 2190 1188 Epi·

1305 1189 1442 1232 scopus,
1499 1186 1651 1223 hoeniciae
1674 1188 1912 1234 Metropolita5
1939 1190 2104 1228 Eusebius
2123 1190 2191 1229 Gn-

1305 1238 1458 1272 saraeenfis
1469 1238 1674 1282 Episcopus,
1699 1238 1920 1285 Metropolim
1931 1239 2101 1277 Palestinai
2113 1267 2125 1284 ‚
2149 1254 2190 1279 ac

1302 1286 1514 1333 Patrophilus
1545 1288 1729 1332 Episcopus
1756 1287 2061 1334 Schytopolitanus.
2100 1292 2190 1328 Blas-

1304 1337 1461 1383 phemum
1471 1336 1645 1385 hominem
1656 1349 1726 1372 non
1738 1338 1911 1375 dumtaxat
1921 1340 1957 1375 in
1969 1342 2117 1383 LaIcam,
2129 1341 2187 1379 sed

1302 1390 1402 1423 etiam
1413 1390 1447 1423 in
1458 1387 1722 1432 Presbyteralem
1741 1388 2052 1432 communionem,
2075 1404 2115 1428 ac
2136 1393 2189 1432 sui

1302 1439 1432 1474 Gradus
1443 1438 1688 1485 plenitudinem
1696 1449 1887 1485 repararunt
1900 1465 1914 1481 ,
1939 1442 1975 1476 &
1988 1441 2187 1478 addiderunt

1303 1487 1699 1525 Potestatemcelebrandi
1712 1489 1928 1525 Conventus:
1956 1491 2040 1527 Non
2050 1492 2189 1537 quidem

1303 1539 1424 1583 publici
1434 1549 1475 1573 ex
1487 1538 1584 1574 omni
1595 1537 1729 1586 Populo
1739 1563 1750 1580 ,
1763 1539 1818 1574 sed
1829 1541 1947 1584 privati
1957 1552 1999 1576 ex
2011 1542 2090 1576 solis
2096 1543 2188 1578 Con·

1301 1588 1506 1634 gerronibus:
1533 1588 1625 1623 Nam
1635 1589 1669 1624 δε
1678 1599 1798 1625 omnes
1810 1588 1871 1625 hos
1882 1591 1931 1625 sui
1940 1591 2062 1636 gradus
2083 1592 2189 1637 plenae

1301 1638 1533 1673 communioni
1545 1637 1767 1685 reddiderunt.
1789 1640 1849 1675 Eis
1860 1642 2076 1685 permiserunt
2085 1643 2190 1686 priva-

1301 1699 1373 1725 tam
1382 1685 1703 1733 Para-Synagogam.
1721 1686 1919 1724 Athanasius
1931 1690 2189 1736 Anwbizsspt-

1300 1741 1414 1783 scopus
1428 1739 1496 1774 istis
1507 1750 1576 1772 non
1587 1738 1830 1772 adnumeratur.
1858 1740 1963 1788 Qod
1975 1738 2096 1784 nempe*
2103 1740 2189 1776 Gili-

1300 1790 1351 1823 cia
1373 1799 1454 1822 tunc
1476 1787 1619 1821 necdum
1643 1787 1722 1821 estet
1740 1786 2015 1830 diviihfimanm
2038 1784 2187 1835 ideoque

1300 1837 1466 1873 Anazarbi
1480 1837 1630 1872 Antistes
1641 1835 1783 1871 necdum
1794 1838 1872 1872 effer
1883 1838 2111 1883 Metropolim.
2126 1840 2188 1876 *Et
2232 1849 2233 1853 ’

1299 1887 1378 1924 hinc
1392 1888 1534 1922 nascitur
1544 1885 1692 1934 QaestIo
1702 1897 1760 1921 cur
1780 1887 1849 1922 istis
1874 1888 2106 1925 adnumeretur
2126 1889 2190 1925 Pa,

1298 1939 1460 1982 trophilus
1470 1935 1766 1982 Schytopolitanus
1775 1938 1792 1969 ἓ
1804 1937 1861 1971 An
1877 1938 2042 1974 Palestina
2052 1951 2095 1977 ex
2106 1949 2188 1976 tune

1301 1989 1397 2022 fuerit
1409 1989 1487 2022 secta
1501 1988 1536 2021 in
1550 1986 1657 2030 piures
1668 2011 1678 2028 ,
1689 1996 1787 2031 atque
1798 1988 1846 2022 ita
1856 1986 2074 2033 Schytopolis
2085 1991 2186 2028 fuerit

1299 2037 1524 2081 Metropolis?
1550 2034 1607 2075 Est
1630 2046 1679 2070 res
1703 2035 1836 2073 alterius
1845 2037 1923 2073 loci.
1952 2039 2065 2075 Etiam
2075 2039 2187 2075 ortho-

1296 2088 1379 2124 doxi
1387 2099 1443 2132 per
1452 2087 1555 2121 varias
1566 2085 1760 2122 Provincias
1767 2086 1993 2132 Metropolitae
2003 2088 2044 2125 ha
2049 2102 2091 2125 nc
2099 2092 2189 2125 eanf-

1298 2139 1366 2173 sam
1389 2139 1566 2174 trafiarunt
1590 2136 1626 2171 in
1647 2137 1716 2171 suis
1735 2137 1888 2180 Synodis.
1929 2139 1973 2173 Et
1983 2139 2118 2183 quidem
2130 2139 2184 2174 isti

1299 2187 1416 2224 Ariani
1428 2186 1610 2232 gravissime
1619 2188 1831 2221 excesserunt.
1870 2188 2007 2223 Etenim
2026 2190 2188 2226 Hmfim

1299 2238 1468 2272 firmarunt
1491 2261 1503 2278 2
1537 2237 1718 2271 arietarunt
1745 2246 1846 2271 omne
1868 2237 2062 2273 Romanum
2083 2240 2188 2284 Imp·-

1298 2289 1382 2323 rium
1393 2312 1405 2329 ,
1429 2287 1464 2321 ἀ
1474 2285 1637 2321 horrendo
1645 2285 1849 2330 praevaricati
1860 2288 1935 2324 sunt
1948 2286 2187 2332 Apostolicurn

1299 2338 1496 2377 Canonem,
1521 2336 1580 2379 qui
1590 2345 1679 2370 vetat
1699 2336 1829 2372 alienos
1848 2336 2026 2373 damnatos
2035 2341 2183 2383 reparat-i.

1298 2390 1446 2424 Omnem
1466 2386 1598 2422 Ariana>
1618 2397 1688 2420 non
1702 2387 1942 2431 tantummodo
1953 2387 2186 2433 blasphemie-3,

1300 2436 1355 2474 sed
1364 2435 1465 2472 etiam
1474 2436 1699 2471 damnationis
1708 2436 1850 2472 scabiem
1862 2437 1897 2471 in
1911 2438 1943 2473 se
1955 2436 2182 2476 traduxerunt.

1300 2488 1344 2521 Et
1353 2486 1506 2522 adversus
1515 2486 1659 2529 ipsorum
1670 2486 1844 2523 audaciam
1867 2487 2004 2524 Nioena
2026 2488 2184 2534 synodu-

1300 2536 1471 2575 innovavit
1483 2534 1716 2580 Apostolicum
1726 2535 1912 2574 Canonem.

1348 2585 1407 2621 Ab
1427 2586 1502 2630 ipsis
1520 2585 1671 2621 illatas&
1691 2586 1849 2621 Romano
1867 2587 2009 2631 Imperio
2030 2589 2065 2624 ὅτ
2087 2589 2184 2624 omni

1300 2634 1544 2675 Christianitati
1564 2637 1676 2680 plagas
1691 2637 1829 2682 exponit
1849 2637 1977 2672 sanstus
1989 2636 2181 2675 patriarcha.

1300 2685 1489 2722 Alexander
1513 2685 1550 2720 in
1576 2686 1697 2722 Literis
1721 2686 1763 2720 ad
1782 2687 1928 2723 {austum
1950 2689 2181 2725 Alexandrum

1299 2734 1711 2778 Constantinopolitanum
1740 2736 1941 2781 Episcopum
1978 2751 1986 2772 :
2024 2738 2126 2774 Arius
2139 2732 2179 2774 δε

1298 2786 1367 2830 ejus
1388 2785 1408 2819 ὰ
1429 2784 1526 2821 nobis
1548 2784 1697 2822 damnati
1720 2785 1956 2831 congerrones
1975 2787 2032 2823 huc
2056 2790 2092 2823 <ir
2111 2788 2180 2821 illuc

1298 2845 1403 2870 contra
1415 2847 1468 2869 nos
1479 2844 1670 2869 excurrentes
1690 2860 1702 2877 ‚
1727 2837 1771 2869 ad
1788 2836 1921 2880 ejusdem
1939 2837 2084 2882 nobiscum
2104 2837 2180 2879 fidei

1300 2888 1439 2933 collegas
1453 2885 1559 2924 nostros
1566 2893 1690 2932 pergere
1709 2894 1860 2929 caeperunt
1873 2912 1884 2927 ,
1905 2895 1964 2930 per
1976 2886 2104 2932 speciem
2115 2894 2179 2930 qui-

1299 2938 1366 2971 dem
1389 2937 1566 2978 expetendae
1580 2942 1667 2977 pacis
1689 2938 1724 2971 ό·
1746 2938 1926 2977 concordia,
1951 2938 2059 2971 revera
2078 2946 2180 2971 autem

1299 2996 1333 3019 ut
1353 2987 1471 3019 illorum
1492 2988 1607 3028 aliquos
1621 2994 1679 3028 per
1693 2985 1838 3030 sermonis
1848 2985 2082 3030 lenociniainfisi
2099 2999 2179 3020 erro-

1299 3042 1342 3069 ris
1354 3041 1552 3082 contagionem
1557 3035 1781 3077 pertraherent.
1808 3040 1855 3070 Et
1875 3038 2051 3079 loquaciores
2072 3037 2111 3069 ab
2132 3044 2178 3070 eis

1298 3088 1405 3119 literas
1423 3086 1599 3131 flagitantes
1620 3111 1632 3127 ‚
1666 3098 1822 3130 coramque
1838 3092 1878 3120 iis
1903 3097 1974 3128 quos
1997 3092 2030 3119 in
2048 3097 2177 3121 errorem

1298 3137 1484 3169 induxerunt
1494 3160 1506 3176 ,
1530 3134 1588 3168 bas
1598 3137 1728 3180 legentes
1740 3161 1751 3177 ‚
1769 3136 1894 3178 faciunt
1904 3145 1939 3169 ut
1941 3133 2005 3177 fine
2011 3134 2062 3179 sui
2070 3136 2177 3180 lapsus

1294 3192 1475 3229 paenitentia
1496 3197 1641 3219 maneant
1652 3211 1663 3227 ,
1689 3196 1779 3229 atque
1797 3183 1975 3229 adsuesbant
1988 3187 2034 3219 ad
2039 3192 2179 3229 impieta-

1298 3245 1358 3270 tem
1383 3260 1394 3276 ,
1430 3235 1515 3279 quast
1530 3235 1662 3279 ejusdem
1676 3235 1776 3280 secum
1791 3233 1951 3278 J'ent'emiae
1976 3237 2012 3270 (a
2029 3235 2176 3278 opinionis

1299 3286 1430 3320 babeant
1440 3284 1612 3329 Episcopos.
1637 3289 1719 3332 ,ραι
1728 3290 1828 3319 autem
1833 3287 1936 3327 pravus3
1958 3287 2045 3327 apud
2063 3298 2116 3320 nos
2126 3288 2176 3320 do-

1297 3345 1420 3371 cuerunt
1444 3338 1496 3370 vel
1512 3345 1632 3381 egerunt
1649 3361 1661 3377 ‚
1699 3337 1734 3370 &³
1756 3345 1880 3378 quorum
1905 3342 2009 3380 gratia
2026 3335 2101 3379 sunt
2125 3348 2177 3371 ex·

1294 3385 1374 3428 pulsi
1381 3410 1391 3426 ‚
1417 3387 1538 3419 minime
1557 3387 1618 3419 illis
1639 3385 1833 3427 confitentum
1852 3381 1973 3427 sedvel
1981 3384 2097 3428 filemio
2104 3394 2177 3428 pre-

1299 3445 1408 3477 munt,
1434 3435 1572 3478 velfici'is
1592 3434 1800 3474 Semonibus,
1824 3434 2005 3479 Scriptisque
2023 3435 2177 3479 obscriran-

1301 3495 1345 3519 tes
1364 3487 1518 3521 deludunt.
1557 3488 1662 3528 Itaque
1678 3483 1883 3527 probabilibus
1905 3487 1940 3522 (a
1958 3485 2078 3522 blandis
2098 3487 2178 3543 gello-

2032 3542 2036 3547 ·
2097 3532 2176 3579 quiis
