2346 3776
269 229 411 277 tiones
446 219 640 289 graviter
674 218 916 274 edixerat.
965 219 1129 272 Edinis
1174 221 1322 271 tamen
1357 222 1615 275 Pontificiis
1661 242 1751 277 non
1786 224 2114 296 undequaun

268 295 408 366 pareri
442 295 676 349 videbatur
710 329 727 345 .
774 292 1096 356 Augustinianae
1131 295 1355 342 Doctrinae
1399 292 1698 345 servantissimi
1731 334 1746 359 ‚
1794 316 1851 348 ne
1883 315 1962 368 per
1995 300 2113 349 latus

255 365 453 434 Jansenii
489 405 502 429 ,
549 372 825 415 Aucusrmos
860 362 949 433 ipse
982 362 1258 431 quorundam
1293 362 1460 414 artibus
1494 381 1714 433 peteretur
1749 404 1763 429 ‚
1810 368 2072 420 verebantur
2095 389 2112 421 ·.

265 442 476 493 Romanae
510 435 629 487 Sedis
664 434 978 504 Apocrifiarius
1013 451 1095 503 pro
1129 432 1204 483 suo
1230 439 1410 484 Munere
1444 435 1700 505 obsequium
1736 438 1959 502 urgebat.v
1981 441 2112 502 Tunc

266 503 449 576 quidam
484 543 497 569 ,
533 523 647 575 quos
682 506 883 569 infignire
918 505 1117 573 exemplo
1151 505 1263 553 nihil
1297 541 1311 567 ,
1347 522 1437 555 non
1470 507 1673 571 infignire
1706 544 1720 569 ,
1757 510 1996 575 plurimum
2030 512 2114 561 hu-
2176 528 2178 530 ’

266 580 495 628 manitatis
531 577 663 627 refert
695 601 712 639 ¹,
762 580 840 626 Lu
856 595 920 625 pu
937 595 969 624 M
1004 573 1121 643 apud
1154 575 1494 643 Apocrifiarium
1517 577 1781 644 Jansenismi
1816 580 2066 631 insimulant
2095 596 2129 642 ·‚,

265 666 454 716 eumque
489 664 702 716 tanquam
738 646 1029 696 refractarium
1064 682 1078 708 ,
1128 648 1172 693 &
1210 645 1433 696 turbarum
1483 651 1755 699 concitorem
1790 652 1989 718 accipere
2022 666 2114 702 non

266 723 425 769 timent
459 756 474 768 .
522 721 644 788 Qia
677 717 784 769 vero
819 718 1080 768 obtrectatio
1126 719 1170 763 &
1204 716 1317 766 livor
1362 719 1512 786 pronis
1562 719 1737 770 auribus
1784 723 2064 790 excipiuntur
2096 737 2115 782 5

264 790 478 847 delationi
514 789 645 840 facile
680 786 866 838 credidit
902 785 1218 855 Apocrisiarius
1252 822 1266 835 .
1314 786 1446 838 Unde
1479 824 1493 850 ‚
1529 805 1584 839 ne
1618 794 1756 839 Lupus
1794 795 2005 841 Lauream
2020 809 2024 811 ·
2039 807 2115 841 ca·-

264 875 386 929 peret
421 897 435 922 ‚
483 858 627 910 severe
674 857 900 928 prohibuit
934 892 950 906 .
997 855 1094 926 Ipse
1141 855 1248 906 vero
1284 859 1470 907 Lupus
1518 860 1735 910 intentam
1770 861 1849 911 fibi
1885 861 2115 912 ferulam„

265 948 393 998 aequo
426 933 577 980 animo
612 930 775 997 recepit
811 949 825 987 3
873 929 1021 976 Amici
1058 942 1206 976 tamen
1240 931 1333 992 ejus
1367 964 1382 988 ,
1416 945 1483 979 -ac
1517 949 1606 997 prae
1639 934 1807 982 caeteris
1855 939 1902 983 P.
1948 939 2115 987 Joannes

264 1006 409 1059 Rivius
441 1036 455 1061 ‚
501 998 690 1065 eJ'usdem
724 999 966 1048 Provinciae
1010 1001 1055 1049 &
1089 1000 1198 1048 Voti
1234 1000 1431 1047 Eremita
1462 1034 1477 1059 ‚
1524 999 1695 1070 scriptis
1728 1003 1870 1052 clarus
1904 1040 1918 1064 ‚
1968 1008 2115 1073 Qem

262 1070 505 1139 Imperialis
541 1070 792 1136 Principum
828 1105 842 1130 ‚
878 1074 1013 1119 Anno
1047 1066 1195 1117 salutis
1231 1073 1297 1117 M.
1333 1071 1435 1117 DC.
1470 1072 1632 1120 LXIII.
1667 1072 1791 1138 quod
1826 1071 2118 1142 Ratisponam

262 1144 401 1191 Dicta
435 1138 591 1189 habuit
623 1136 874 1191 Assefforem
907 1177 923 1201 ,
969 1143 1014 1189 &
1048 1140 1230 1187 inimica
1264 1142 1400 1190 Parca
1434 1138 1598 1188 ibidem
1635 1158 1736 1189 cum
1772 1144 2118 1209 Dynastarumq

263 1228 446 1262 moerore
482 1211 746 1262 tumulavit:
782 1211 829 1258 hi
866 1212 1050 1277 inquam
1085 1208 1311 1258 Prodromi
1346 1208 1658 1258 Reverendiss..
1686 1214 1861 1260 Patrem
1896 1209 2121 1279 Philzppum

261 1281 518 1330 Vicecornz'tem
544 1297 650 1330 tunc
673 1280 963 1339 Generalem‚
987 1280 1064 1347 per
1092 1281 1284 1329 Litteras
1309 1294 1517 1343 rogarunt
1541 1315 1556 1340 ‚
1580 1295 1630 1329 ut
1656 1279 1862 1329 Pontifici
1889 1283 2117 1342 Maximo,

263 1355 300 1400 L
316 1369 409 1401 UPI
433 1369 536 1415 erga
561 1349 714 1400 Sedem
739 1349 1041 1418 Apostolicam
1068 1349 1322 1419 obsequium
1358 1349 1609 1412 testaretur,
1644 1365 1780 1420 atque
1807 1366 1857 1400 ut
1883 1353 1967 1400 una
1993 1350 2120 1401 fimul

263 1421 527 1471 Doctoratfis
549 1420 794 1485 'lnfignibus
819 1423 963 1470 ornari
976 1419 1112 1491 poffet
1125 1459 1139 1483 ‚
1167 1420 1290 1471 abeo
1303 1423 1479 1475 veniam
1503 1423 1756 1489 impetraret
1769 1458 1782 1470 .
1811 1422 1979 1479 Totum

262 1492 492 1560 petebatur
506 1528 519 1552 ‚
546 1490 675 1541 facile-
694 1490 887 1546 confecit
914 1493 1171 1551 Generalis;
1208 1495 1435 1541 Innocentius
1453 1494 1572 1542 enim
1594 1509 1676 1561 pro
1706 1491 1780 1542 sua
1811 1490 2026 1560 sapientia
2050 1508 2121 1544 to-

261 1579 388 1626 gatas
413 1563 638 1612 machinas
664 1562 689 1612 ὲ
714 1561 897 1626 vestigio
922 1563 1164 1614 intellexit:
1200 1565 1317 1611 Hinc
1343 1577 1393 1611 ut
1429 1566 1568 1611 Lupus
1603 1562 1882 1627 Magistratus
1897 1567 2121 1614 Lauream

260 1651 415 1702 capere
438 1631 601 1701 posset,
637 1634 860 1683 Facultem
886 1632 992 1684 fecit
1007 1670 1020 1682 .
1056 1632 1190 1701 Qod
1215 1634 1422 1686 nuncium
1447 1635 1494 1682 in
1519 1633 1718 1697 Belgium
1745 1634 1928 1684 allatum
1945 1670 1959 1695 ‚
1994 1634 2121 1684 tanti

260 1706 404 1754 letitia
427 1706 609 1753 Amicos
635 1707 743 1754 Lu1³1
768 1701 942 1766 affecit,
968 1720 1018 1755 ut
1041 1705 1209 1754 collato
1235 1706 1350 1754 inter
1375 1700 1419 1754 se
1442 1703 1722 1775 expensarum
1745 1721 1880 1756 onere
1898 1742 1912 1767 ‚
1937 1702 2124 1756 solemni

260 1778 374 1836 ritu,
401 1792 453 1824 ac
477 1777 667 1827 maxima
701 1775 863 1847 pompa
900 1774 1129 1840 Magister,
1165 1778 1208 1823 δε
1242 1778 1414 1824 Βοᾶοτ
1448 1776 1728 1838 inauguratus
1763 1774 1894 1826 fuerit
1929 1777 2124 1824 1v2Fe-

259 1845 448 1906 bruarii,
483 1851 618 1900 Anno
650 1845 747 1912 post
781 1845 1003 1895 Christum
1039 1861 1190 1897 natum
1226 1849 1292 1893 M.
1318 1848 1423 1896 DC.
1462 1846 1581 1892 LIII.
1616 1843 1753 1893 Porro
1772 1844 2121 1913 ¹municipalium

261 1915 444 1980 rubigo,
482 1914 703 1982 ardorque
725 1911 923 1965 dentium
949 1932 1026 1985 per
1052 1914 1170 1968 hunc
1195 1912 1383 1962 modum
1403 1914 1707 1976 refrigeratus,
1731 1913 1957 1981 paululum
1988 1915 2120 1981 quiea.

261 1990 330 2036 vit
366 1982 379 2033 .’
427 1985 510 2033 Sed
543 1989 750 2032 Innocentio
782 1990 834 2033 X.
870 1985 1076 2033 defun&o
1109 2021 1123 2046 ‚
1175 2001 1276 2032 cum
1312 1986 1357 2032 in
1393 1989 1487 2050 eJus
1538 1985 1684 2033 locum
1736 1982 1960 2031 Alexander
2006 1984 2117 2033 VII.

263 2054 408 2107 fiiiffet
444 2053 703 2117 subrogatus
738 2090 751 2115 ‚
798 2054 1016 2106 recluduit
1051 2055 1097 2106 in
1132 2057 1287 2101 Lupum
1321 2053 1566 2121 persecutio
1600 2089 1614 2104 .
1666 2053 2118 2121 Pro-Apocrifiarius

258 2130 385 2178 enim
419 2162 433 2186 ,
489 2142 627 2192 quem
677 2127 1000 2178 Internuntium
1048 2140 1214 2174 vocant
1249 2159 1263 2184 ,
1313 2124 1520 2175 Bruxe-llae
1569 2130 1721 2187 Agens
1756 2160 1771 2184 ‚
1821 2123 1977 2190 jisdem
2011 2126 2118 2177 Cri-

264 2195 536 2247 minantibus
571 2232 585 2256 ‚
635 2195 798 2244 crebris
847 2194 905 2244 ad
948 2196 1115 2245 novum
1164 2192 1427 2244 Pontificem
1472 2193 1684 2260 =Epistolis
1731 2194 1972 2246 nunciabat
2006 2232 2019 2256 ‚
2070 2195 2118 2244 ni

264 2271 429 2319 Lupo
447 2288 466 2316 s
501 2268 866 2317 exterminaretur
900 2264 925 2314 ὲ
961 2267 1197 2315 Provincia
1229 2300 1243 2324 ‚
1279 2262 1573 2330 Lovanienses
1609 2265 1865 2328 Theologos
1900 2265 1956 2315 ad
1992 2270 2118 2332 Apo-

262 2338 427 2388 stolicae
475 2336 598 2387 Sedis
647 2334 906 2404 obsequium
942 2335 1058 2384 bona
1093 2334 1179 2387 fide
1224 2351 1452 2402 nunquam
1488 2333 1706 2386 redituros
1740 2371 1755 2383 .
1806 2335 1979 2404 Qibus
2015 2334 2119 2384 sane

261 2423 490 2477 permotus
526 2405 745 2455 Alexander·
779 2407 990 2456 Generali
1025 2404 1150 2456 dedit
1186 2406 1234 2454 in
1269 2404 1496 2455 Mandatis
1529 2440 1544 2465 ,
1589 2420 1641 2454 ut
1688 2408 1845 2453 Ι.υ1>υ
1862 2425 1894 2453 M
1942 2404 2000 2454 ad
2034 2408 2120 2454 Ur-

260 2479 366 2528 bem
418 2475 494 2527 suo
543 2478 723 2526 nomine
772 2487 981 2526 evocaret
1014 2513 1030 2527 .
1062 2474 1217 2545 rQod
1266 2493 1368 2526 cum
1402 2477 1723 2526 Criminatores
1770 2473 2078 2530 intellexiffent
2107 2511 2122 2536 ‚

264 2564 316 2599 ut
351 2547 412 2597 est
448 2542 582 2596 ferme
634 2545 713 2595 fibi
748 2564 901 2614 parum
936 2546 1136 2596 constans
1171 2544 1362 2614 suspicax
1408 2547 1658 2597 invidentia
1690 2582 1706 2607 ‚
1755 2547 1888 2596 veriti
1924 2563 1978 2595 ne
2014 2547 2121 2596 Cla-

267 2618 415 2670 riffimi
449 2619 546 2668 Viri
582 2616 629 2666 in
664 2634 796 2666 omne
832 2615 996 2667 bonum
1032 2619 1249 2667 evictione
1285 2632 1420 2685 atque
1454 2617 1708 2667 innocentia
1743 2615 1934 2684 perfecta
1980 2617 1998 2677 (
2031 2634 2124 2667 non

265 2693 387 2739 enim
424 2687 685 2752 ignorabant
720 2723 734 2748 ‚
769 2686 895 2755 quod
931 2687 1137 2739 Pontifici
1173 2691 1347 2736 vaus
1382 2703 1515 2737 notus
1549 2685 1652 2737 effet
1686 2692 1704 2750 )
1740 2686 1889 2737 laudes
1924 2686 2004 2754 ipfi
2039 2703 2122 2755 po-

268 2760 359 2824 tius
394 2762 441 2808 in
477 2758 600 2809 Urbe
633 2794 648 2818 ,
697 2775 750 2807 ac
784 2760 963 2826 praemia
996 2794 1011 2820 ,
1060 2756 1196 2826 quam
1245 2773 1377 2826 poena
1411 2793 1424 2818 ‚
1476 2773 1703 2814 manerent
1738 2778 1752 2806 ε
1803 2757 1977 2808 Idcirco
2014 2761 2124 2807 Pro-

271 2831 455 2878 Nuncio
488 2833 698 2879 Auctores
746 2827 919 2878 fuerunt
953 2866 967 2890 ,
1018 2827 1225 2879 Pontifici
1258 2827 1508 2890 scriberet,
1559 2844 1609 2877 ut
1655 2827 1883 2894 juffionem
1933 2825 2123 2878 adeundi

273 2903 464 2949 Romam
500 2933 514 2957 ,
547 2903 670 2947 Lupo
703 2915 931 2949 revocaret
965 2935 979 2948 .
1031 2899 1122 2948 Etfi
1145 2898 1266 2949 vero
1300 2899 1386 2948 hoc
1420 2900 1756 2967 impetraverint
1789 2934 1804 2959 ,
1838 2914 2123 2967 nequaquam
2172 2925 2177 2935 ·

275 2986 425 3019 tamen
459 2981 626 3017 eorum‘
643 2968 667 3016 ὲ
703 2967 920 3020 sententia
954 2969 1074 3019 ceffit
1108 3006 1121 3018 .
1174 2969 1352 3039 Qippe
1402 2985 1641 3038 antequam
1677 2968 1851 3036 hujusce
1900 2971 1961 3020 rei
2011 2984 2123 3016 nun-

275 3043 391 3089 tium
427 3040 474 3088 in
508 3038 706 3101 Belgium
741 3038 997 3105 pervenisset
1032 3077 1045 3101 ,
1095 3045 1186 3106 jam
1236 3043 1285 3098 P.
1321 3044 1512 3090 Lupus
1548 3041 1723 3090 Italiam
1771 3039 1923 3091 versus
1973 3039 2124 3088 itineri

272 3107 321 3159 se
357 3107 634 3158 commiserat
670 3143 684 3155 .
737 3113 828 3179 Qi
876 3113 943 3160 uti
978 3114 1170 3160 Romam
1203 3112 1330 3161 venit
1362 3145 1377 3170 ‚
1424 3110 1570 3159 statim
1606 3109 1631 3159 a
1666 3110 1878 3161 Generali
1911 3108 1970 3158 ad
2004 3112 2124 3158 Pon-

279 3178 444 3230 tificem
495 3175 766 3227 introduCfflS
799 3214 814 3239 ‚
862 3180 1042 3247 paterne
1088 3180 1146 3231 ab
1179 3198 1234 3230 eo
1268 3195 1474 3248 exceptus
1521 3181 1584 3232 est
1617 3217 1631 3229 .
1682 3186 1799 3230 Cum
1843 3195 1992 3230 autem
2028 3177 2126 3246 post

274 3246 442 3317 pedum
476 3247 622 3298 oscula
655 3247 712 3297 de
759 3251 968 3311 geniculis
1003 3250 1209 3302 Pontifici
1258 3251 1337 3319 ipfi
1371 3251 1598 3302 testaretur
1630 3287 1645 3312 ‚
1694 3252 1910 3314 integram
1959 3248 2038 3298 fibi
2073 3247 2125 3297 fi-

283 3318 386 3369 dem
433 3336 536 3383 erga
584 3317 738 3368 Sedem
774 3319 1075 3386 Apostolicam
1124 3320 1287 3390 semper
1332 3319 1453 3372 fuisse
1485 3358 1498 3382 ,
1549 3339 1631 3371 nec
1678 3319 1925 3388 quidquam
1977 3319 2126 3370 minus

274 3407 418 3457 quam
453 3387 695 3438 Pontificiis
741 3391 948 3440 Decretis
997 3392 1236 3444 reluctandi
1285 3393 1332 3441 in
1366 3390 1485 3441 suam
1530 3391 1660 3459 ipsius
1707 3406 1900 3440 mentem
1933 3389 2127 3442 cadere,

276 3457 466 3529 potuisse
499 3480 513 3513 z
548 3457 790 3529 Respondit
826 3459 1045 3511 Alexander
1077 3498 1092 3526 ,
1134 3460 1321 3528 gaudere
1356 3461 1396 3513 se
1408 3479 1419 3505 f
1430 3461 1671 3524 admodum
1706 3497 1720 3525 ‚
1770 3478 1822 3511 ac
1857 3460 1988 3512 valde
2022 3477 2125 3530 pro-

923 3549 925 3551 ’
1954 3533 2057 3583 bare
