2346 3776
368 109 441 149 χες,
817 83 1248 138 D1ssERTAT1o

355 177 513 212 declarent
522 200 534 218 ‚
560 175 612 218 qui
621 172 666 208 ad
673 170 828 214 Ecclesiam
848 173 867 201 ἃ
888 166 1105 210 circumcisione
1117 165 1233 209 transte-

352 233 427 259 ,rint
436 251 447 267 ,
474 237 555 260 exeo
565 227 702 266 deinceps
713 230 839 262 tempore
849 223 945 255 Duces
957 219 991 252 ὀ·
999 217 1231 259 Authoresfutu-

350 287 432 320 -ros;
459 286 550 319 utque
574 277 619 308 ad
625 270 749 307 aliorum
759 269 969 306 authoritatem
979 269 1177 311 adiungerent
1186 265 1231 310 se-

352 324 392 376 's‘
400 351 410 366 ‚
436 339 474 363 ne
485 328 538 359 alii
549 327 607 358 alio
618 330 744 363 tempore
754 319 916 366 obeundum
929 318 985 361 fibi
1007 316 1124 360 Pascha
1136 318 1230 353 crede-

353 386 437 409 ·rent.
458 381 545 409 Hanc
557 382 636 408 enim
646 381 759 415 omnem
770 371 814 406 illi
824 381 926 406 curam
938 379 973 401 ac
982 369 1167 411 diligentiam
1177 373 1230 399 im-

351 427 487 470 pendiffe
498 426 640 458 videntur
649 446 660 462 ,
687 430 721 454 ut
725 428 831 463 pacem
840 430 875 452 ac
886 419 1065 457 concordiam
1074 416 1232 461 adstringe-

356 470 427 509 oent
438 499 450 515 ,
476 475 552 507 neve?
562 473 677 512 diffidia
684 495 695 511 ,
705 480 795 512 atque
806 475 972 511 opinionum
983 467 1159 511 diffcnſjones
1171 473 1231 500 exi-

350 525 470 571 sterent.
498 525 591 555 Porri
596 521 659 564 post
669 520 909 561 constitutionem
930 520 1015 555 illam
1035 517 1232 560 quindecim&

356 572 575 614 Circumcifione
585 569 725 615 Episcopi
727 570 857 612 fuerunt
866 595 876 611 ‚
898 570 988 611 idque
1010 565 1213 609 Hierosolymis
1222 590 1232 606 ‚

353 635 477 666 quorum
489 622 700 659 authoritatem
711 619 897 661 Christianus
908 625 1002 652 omnis
1025 616 1113 653 Orbis
1126 613 1210 658 sequi
1223 639 1233 655 ‚

353 675 390 707 ό·
401 685 466 707 cum
478 674 539 707 illis
553 671 669 715 Pascha
678 671 823 709 celebrare
836 669 937 705 debuit
948 682 959 707 ,·
985 671 1051 699 Una
1061 674 1094 700 ut
1101 671 1230 701 omnium

352 726 523 758 Concordia
534 747 545 763 ,
570 734 632 757 una
644 720 776 763 Profeffie
785 745 796 761 ‚
823 731 883 751 una
896 716 1089 754 celebritatis
1100 715 1230 756 obeunde

354 777 445 808 Ratio
455 775 490 808 Θ
500 771 685 816 Consuetudo
690 770 874 813 firmaretur.
903 767 946 799 Et
958 765 1066 798 statim
1077 765 1161 803 infr-21
1173 777 1180 796 :
1193 769 1230 800 In

352 824 550 867 Apostolorum
559 825 631 856 vero
641 817 902 860 constitutionibus
912 816 958 854 ad
973 817 1156 855 concordiam
1161 823 1230 856 per-

348 876 425 912 inde
438 876 595 907 Decretum
605 871 682 905 illud
684 874 824 910 pertinet.
852 867 894 905 Id
909 867 991 909 quod
997 866 1054 909 sm
1063 864 1120 908 ipſs
1125 865 1227 905 testan-

350 932 402 962 tur
414 923 463 956 bis
473 922 592 957 verbis:
620 922 776 963 ‚Quamvis
788 916 925 956 aberrent
936 914 994 961 tpfi
999 939 1010 959 ,
1035 916 1113 952 nihii
1123 916 1158 952 td
1170 926 1228 954 ,vos

349 982 539 1009 commoveat.

403 1024 457 1057 De
470 1020 647 1057 Christiani
659 1016 827 1054 paschatis
837 1017 890 1055 die
900 1016 1047 1066 Qaestio
1057 1016 1143 1060 cepit
1152 1026 1226 1053 cum

346 1072 416 1115 ipsa
425 1071 659 1106 Praedicatione
671 1067 988 1114 Evangelica.Variae
999 1067 1109 1103 statim
1123 1065 1230 1102 Eccle-

346 1123 396 1156 fiae
408 1122 493 1157 istud
504 1120 636 1156 Festum
648 1130 785 1165 egerunt
797 1119 887 1155 vario
899 1117 953 1152 die
970 1129 986 1160 ‚·
1012 1128 1050 1152 ac
1061 1117 1120 1150 ista
1133 1116 1229 1151 varie·

348 1183 399 1210 tas
408 1173 533 1207 cunctis
543 1171 653 1207 statim
667 1169 815 1213 apparuit
824 1168 953 1205 dissona
962 1191 974 1208 ,
992 1166 1026 1204 ec
1037 1165 1229 1205 Christianae

348 1222 524 1267 Religioni
532 1219 862 1266 ignominiosas-linc
876 1218 971 1255 zelofi
981 1228 1024 1251 ex
1035 1217 1132 1252 variis
1143 1216 1230 1252 Gen-

346 1272 438 1307 tibus
459 1272 614 1316 Episcopi
637 1270 817 1306 retulerunt
838 1267 880 1302 ad
907 1267 1089 1311 Apostolos
1099 1291 1111 1307 ,
1135 1267 1169 1301 δε
1190 1264 1230 1299 ab

347 1322 433 1367 ipfis,
446 1332 483 1356 ut
495 1321 660 1356 Audianis
671 1321 705 1357 &
717 1317 940 1363 S.Epiphanio
952 1318 1056 1355 visum
1068 1316 1126 1357 est,
1134 1315 1228 1352 istum

347 1374 525 1408 Canonem
537 1373 762 1415 impetrarunt.
800 1367 941 1405 Mandat
951 1367 1008 1401 ille
1019 1367 1105 1413 apud
1115 1376 1229 1408 omnes

348 1422 512 1460 Ecclefias
535 1422 600 1456 esse
615 1421 657 1457 de
677 1419 739 1454 hac
761 1417 949 1454 Festivitate
969 1417 1182 1456 concordiam
1193 1427 1229 1450 ac

347 1472 612 1507 uniformitatem
625 1495 636 1511 ,
661 1471 694 1504 &
705 1469 745 1503 ab
757 1467 912 1505 omnibus
932 1466 1093 1503 observari
1104 1477 1230 1502 morem

347 1522 498 1557 Ecclefiae
518 1520 833 1563 Hierosolymitanae
854 1541 864 1557 ,
900 1517 1011 1564 matri}
1035 1517 1070 1553 δε
1092 1516 1230 1561 originis

347 1574 504 1609 omnium
516 1571 740 1606 Ecclefiarum.
767 1568 861 1602 Hinc
875 1565 1079 1610 Epiphanius
1092 1566 1174 1600 reste
1184 1565 1229 1599 di-

345 1625 396 1657 cit
406 1622 447 1657 de
461 1622 645 1656 Aud'ianis:
673 1621 804 1655 Audiani
825 1628 891 1652 cum
914 1616 1061 1660 Apostolici
1078 1618 1158 1651 illius
1175 1621 1231 1650 De-

347 1679 423 1708 mei
430 1671 550 1716 sensum
561 1673 684 1706 minime
689 1677 878 1713 perciperent
891 1693 901 1708 ,
922 1680 960 1704 ex
971 1680 1002 1702 eo
1005 1667 1045 1710 fic
1056 1668 1141 1710 apud
1146 1665 1181 1710 se
1191 1678 1229 1700 co

345 1731 507 1770 gitmunt3
523 1721 640 1765 Pascha
642 1726 673 1767 J
677 1723 829 1756 udaeorum
839 1731 917 1754 more
929 1719 1136 1761 celebrandum
1147 1718 1232 1751 vide-

349 1781 386 1807 ri.
421 1773 519 1809 Certe
536 1773 657 1807 Canon
668 1797 679 1814 ‚
699 1772 782 1812 *licet
805 1782 874 1804 non
894 1769 1010 1804 diserte
1020 1794 1030 1810 ,
1058 1769 1102 1803 ita
1124 1778 1232 1804 tamen

349 1824 493 1858 omnino
504 1823 616 1857 statuit
626 1833 681 1865 per
691 1820 970 1865 consequentiam.
1005 1820 1142 1856 Etenim
1154 1819 1234 1854 Hie-

347 1873 587 1916 rosolymitana
600 1872 745 1906 Ecclesia
757 1882 836 1905 tunc
846 1869 1017 1914 regebatur
1035 1869 1054 1904 a
1065 1869 1094 1903 s.
1111 1867 1233 1911 Iacobo

347 1922 517 1967 Apostolo
529 1946 540 1962 ,
565 1933 623 1956 aut
633 1920 701 1965 ejus
716 1921 898 1955 Successore
910 1919 939 1954 S,
954 1919 1109 1954 Simeone
1122 1942 1137 1959 ,
1160 1918 1235 1953 viris

346 1973 467 2018 Judaeis
477 1998 487 2013 ‚
515 1974 568 2007 seu
590 1983 632 2006 ex
657 1971 916 2007 Circumcifione
938 1967 1135 2004 Christianis
1155 1991 1166 2008 ,
1201 1968 1234 2001 ὅ(

346 2024 511 2059 continua
523 2022 594 2065 post
609 2022 695 2064 ipsos
707 2021 904 2056 successione
916 2019 1107 2063 quindecim
1127 2017 1234 2051 simili-

343 2084 399 2108 εει·
409 2071 608 2107 circumcisis
621 2071 792 2115 Episcopis
806 2094 817 2110 ‚
837 2080 919 2114 quos
929 2079 1045 2104 omnes
1055 2078 1179 2104 certum
1189 2066 1234 2101 est

348 2124 388 2158 in
395 2123 525 2156 cunctis
536 2120 707 2164 judaizasse
719 2145 730 2160 ,
750 2130 847 2164 atque
859 2120 904 2153 ita
914 2119 1014 2153 etiam
1026 2115 1147 2153 Pascha
1159 2127 1234 2152 cum

351 2172 468 2219 Judaeis
478 2171 658 2206 celebraffe.
690 2171 734 2204 Et
746 2170 823 2205 hinc
833 2170 870 2204 in
877 2171 986 2212 Opere
995 2167 1036 2203 de
1055 2166 1235 2205 Orientalis

342 2222 501 2261 ‘Ecclesiae
521 2221 676 2256 Patribus
698 2220 811 2255 Petrus
831 2219 974 2253 Halloix
994 2216 1076 2253 reike
1095 2217 1231 2253 affirmat

352 2285 424 2307 non
449 2271 556 2306 solum
580 2271 740 2314 Ioannem
761 2269 962 2314 Apostolum
982 2268 1018 2305 in
1045 2267 1120 2301 Afia
1144 2291 1154 2306 ‚
1181 2265 1234 2301 sed

351 2324 458 2367 ipsum
468 2322 570 2356 etiam
584 2321 727 2354 sanctum
748 2319 883 2356 Petrum
901 2315 1090 2355 Antiochiae
1111 2315 1234 2351 Pascha

351 2371 533 2408 observasse
556 2371 653 2405 Luna
675 2370 802 2405 decima
824 2379 947 2414 quarta.
997 2369 1040 2404 Et
1066 2366 1235 2403 Evodium

353 2424 435 2458 item
456 2422 524 2465 ejus
543 2420 754 2455 successorem
767 2445 777 2460 ‚
803 2432 840 2455 ac
861 2417 1051 2464 Ignatium,
1075 2417 1108 2453 δε
1132 2417 1237 2452 Hero-

355 2484 434 2507 nem
446 2497 457 2512 ‚
480 2471 670 2506 clarissimos
680 2471 843 2514 Martyres
855 2494 866 2510 ,
877 2469 1057 2512 omnesque
1067 2468 1150 2503 alios
1162 2466 1237 2509 Epi-

355 2524 473 2566 scopos
494 2522 629 2558 istorum
653 2521 853 2556 Successores
873 2520 973 2563 usque
999 2518 1041 2553 ad
1063 2518 1236 2552 Nicaenum

357 2572 556 2607 Concilium
568 2596 579 2612 ,
599 2580 657 2614 per
679 2583 776 2615 annos
793 2576 909 2603 circiter
916 2578 1064 2602 trecentos
1074 2581 1089 2610 ;
1113 2567 1236 2603 etenim

357 2624 460 2657 etiam
471 2621 590 2656 Petrus
600 2647 610 2662 ‚
637 2621 786 2656 Evodius
797 2645 810 2661 ,
834 2630 931 2662 atque
942 2619 1090 2663 Ignatius
1102 2626 1192 2652 erant
1206 2616 1237 2650 fi-

358 2672 448 2707 deles
467 2683 509 2708 ex
531 2672 798 2706 Circumcisione.
834 2669 898 2704 Rei
919 2669 1094 2704 successum
1113 2666 1237 2709 colligo

225 2730 290 2765 not
319 2740 341 2758 2.
359 2734 402 2758 ex
416 2721 636 2760 Ecclefiastica
653 2721 783 2765 Sulpitii
798 2719 904 2755 Severi
917 2718 1050 2752 historia
1073 2732 1084 2751 .·
1109 2716 1167 2750 sub
1179 2720 1239 2750 Ha-

226 2779 288 2807 caP·
299 2778 331 2804 45
338 2790 343 2797 ·
362 2774 469 2806 driano
481 2773 679 2815 Imperatore
682 2775 715 2816 J
717 2772 785 2812 udqi
794 2769 938 2804 rebellare
949 2769 1117 2807 voluerunt,
1127 2769 1239 2804 syriam

364 2825 398 2856 (θ’
409 2821 589 2863 palestinam
600 2823 732 2863 diripere
742 2827 841 2854 conati
860 2845 870 2860 ,
896 2819 1028 2862 miffoque
1038 2823 1166 2851 exercitu
1171 2814 1240 2858 sub-

365 2873 423 2914 ach
431 2870 512 2915 sunt.
542 2874 617 2915 ,Qua
629 2871 798 2913 tempestate
810 2895 820 2910 ,
847 2871 1023 2904 Hadrianus
1033 2893 1042 2910 ‚
1068 2866 1239 2906 existimans

361 2921 396 2965 se
406 2925 432 2954 C
435 2921 605 2961 hristianam
616 2923 726 2955 Fidem
738 2922 790 2954 loci
797 2922 911 2961 injuria
929 2926 1153 2960 perempturum
1163 2940 1175 2956 2
1208 2921 1241 2950 in

368 2972 486 3012 Templo
496 2985 531 3005 ac
543 2975 616 3004 Loco
627 2975 790 3004 Dominicae
801 2971 942 3010 Paffionis
953 2993 963 3008 ‚
977 2965 1241 3008 Daemonumfimu-

368 3022 450 3053 lacra
459 3020 610 3060 constituit.
637 3025 684 3056 Et
699 3027 770 3064 quia
785 3019 947 3060 Christiani
959 3030 997 3052 ex
1000 3022 1032 3062 J
1035 3019 1130 3051 udaeis
1137 3017 1242 3059 potiffl-

370 3071 448 3101 mum
457 3070 644 3111 putabantur
655 3095 666 3110 ,
693 3074 842 3112 (namque
852 3080 915 3102 tum
940 3066 1138 3111 Hierosolymae
1149 3091 1160 3107 ,
1185 3078 1241 3100 non

371 3118 427 3158 nifi
433 3130 468 3150 ex
482 3119 697 3160 Circumcifione
708 3145 719 3160 ,
745 3120 873 3153 babebat
894 3117 1022 3160 Ecclesia
1038 3119 1242 3158 Sacerdotem)

370 3169 499 3200 militum
510 3167 651 3201 cohortem
660 3169 800 3207 custodias
813 3176 1030 3211 inperpetuum
1048 3174 1163 3212 agitare
1178 3165 1242 3209 J'us-

364 3215 425 3262 βε,
452 3228 518 3258 quae
529 3219 662 3261 Judaeos
674 3231 771 3251 omnes
796 3218 994 3262 Hierosolyma³
1004 3219 1091 3251 aditu
1102 3225 1240 3250 arcerent.

373 3267 467 3309 ,Quod
474 3267 592 3307 quidem
602 3271 627 3300 C
631 3267 778 3307 hristianae
789 3271 879 3302 Fidei
886 3268 1058 3310 proficiebat
1070 3280 1083 3310 ,-
1101 3273 1172 3309 quia
1181 3276 1244 3300 tum

369 3317 450 3361 pene*
459 3326 580 3361 omnesq,
606 3316 752 3354 Christum
761 3320 858 3350 Deum
869 3342 878 3357 ,
899 3317 956 3360 sub
970 3322 1058 3362 Legis
1070 3316 1244 3361 observatio-

373 3377 411 3402 ne
422 3388 433 3405 ,
451 3364 618 3398 credebam.
645 3370 799 3398 Nimirum
810 3368 844 3398 id
854 3370 975 3399 Domino
985 3369 1141 3400 ordinante
1151 3364 1244 3410 dispo-

366 3414 457 3462 fitum
470 3438 481 3454 ,
506 3423 540 3447 ut
551 3417 639 3457 Legis
647 3412 781 3456 servitus
793 3417 813 3446 ῐι
823 3415 959 3448 libertate
973 3419 1061 3451 Fidei
1081 3427 1170 3460 atque
1190 3419 1247 3450 Ec-

372 3463 461 3510 clefiae
475 3465 633 3501 tolleretur.
661 3468 709 3510 ita
721 3465 783 3497 titm
788 3466 920 3508 primum
945 3469 1065 3505 Marcus
1083 3479 1120 3508 ex
1143 3470 1244 3503 Genti-

1296 83 1709 142 PssoeMmtis.

1297 167 1370 210 bus,
1391 172 1476 214 apud
1496 172 1739 217 ffierosbly'mam,
1761 170 1925 218 Episcopus
1939 175 2015 217 fuit.
2042 177 2091 213 lta
2102 179 2159 215 Pa«

1297 217 1408 254 lestina
1419 220 1560 257 Ecclesia
1579 223 1670 258 desiit
1687 222 1857 266 judaizare.
1883 226 2013 270 Sepulra
2031 228 2094 268 fuit
2105 231 2163 273 Sy-

1298 279 1444 315 nagoga,
1470 283 1508 306 ac
1518 273 1586 315 ejus
1603 272 1809 311 Sacramenta
1827 287 1870 311 ex
1891 278 2051 318 mortuis,
2077 279 2164 322 apud

1295 326 1407 366 omnes
1417 321 1610 357 transierunt
1622 322 1657 358 in
1666 323 1839 360 mortifera.
1857 327 1927 375 Qii
1939 327 2011 370 ipsis
2020 337 2100 362 tunc
2113 327 2166 363 ad-

1297 366 1408 408 haerere
1416 370 1623 414 perstiterunt
1632 395 1645 412 ,
1671 373 1747 408 fasti
1758 376 1832 409 sunt
1844 377 1997 413 Haeretici
2015 378 2164 412 Nazarei.

1296 417 1452 455 Attamen
1463 422 1624 458 vetustum
1634 421 1801 459 paschatis
1818 437 1945 462 morem
1963 428 2167 462 retinuerunt

1297 466 1528 524 dntiochena,
1553 472 1878 517 Hierosolymitana,
1905 477 2165 518 Afiatica,Pon-

1295 528 1360 553 tica
1370 543 1382 561 ,
1405 532 1443 556 ac
1452 522 1522 558 aliae
1534 524 1641 570 plures
1652 522 1810 559 Ecclefiae.
1837 526 1948 562 Etiam
1963 527 2070 571 plures
2080 527 2168 562 abie-

1295 578 1371 604 runt
1380 592 1391 610 ,
1417 571 1530 622 secutae
1542 574 1729 609 Romanam
1740 574 1775 608 δε
1793 575 2043 612 Occidentalem
2054 578 2168 613 Eccle-
2190 588 2192 593 ’

1295 618 1391 662 siam3
1417 619 1436 655 ὲ
1446 633 1508 665 qua
1520 622 1674 659 Paschale
1685 624 1816 659 Festum
1837 626 1960 670 semper
1985 627 2040 663 die
2051 628 2169 662 Domi-

1295 669 1372 703 nico
1382 670 1474 707 fuiffie
1485 673 1679 710 celebratum
1693 674 1831 711 affirmat
1843 674 1878 708 in
1898 676 2041 713 Nicaenae.
2060 678 2169 721 Syno-

1293 718 1327 752 di
1347 723 1531 759 executrice
1553 724 1699 768 Epistola
1715 724 1895 768 Imperator
1917 726 2164 762 Constantinus.

1293 769 1458 824 chidens
1468 772 1639 811 arbitratus
1649 773 1743 811 estin
1761 776 1919 819 praecipua
1938 775 2170 812 Christianita-

1293 829 1334 855 tis
1344 819 1531 860 Festivitate
1541 835 1610 860 non
1631 823 1862 867 judaizandum
1874 850 1884 866 ‚
1910 826 1964 861 sed
1986 826 2096 871 potius
2107 825 2168 865 ho·

1294 870 1473 908 notandam
1493 874 1708 912 Dominicam
1726 874 2027 918 Resurrectionem,
2053 887 2170 913 verum

1291 917 1434 961 Pascha,
1459 925 1618 966 perustam
1630 925 1685 964 die
1695 925 1884 962 Dominica.
1923 926 2078 970 Utraque
2096 937 2169 971 pars

1291 970 1405 1007 mansit
1417 972 1518 1007 firma.
1529 974 1664 1010 Etenim
1675 975 1864 1018 Polycrates
1876 975 2089 1020 Ephesiorum
2101 975 2172 1012 Pri-

1291 1030 1359 1056 mas
1375 1021 1394 1057 a
1415 1022 1568 1058 Romana
1590 1024 1732 1060 Ecclefia
1744 1027 2025 1064 excommunicari
2048 1026 2167 1062 maluit

1290 1069 1365 1103 cum
1386 1071 1539 1107 omnibus
1556 1074 1616 1109 suae
1638 1074 1833 1114 Dioeceseos,
1848 1076 2041 1120 Episcopis,
2068 1076 2169 1121 quam

1291 1119 1426 1162 Iudaico
1448 1122 1533 1156 mori
1567 1122 1753 1159 valedicere.
1794 1123 1937 1161 Afferuit
1970 1126 2077 1170 ipsum'
2105 1126 2172 1163 effe

1291 1170 1523 1214 Apostolicum
1543 1171 1743 1207 Institutum.
1785 1172 1830 1209 Et
1861 1171 1984 1208 habent
2002 1174 2173 1220 Astipulz·

1290 1231 1397 1257 torem
1414 1222 1559 1256 sanctum
1575 1222 1732 1256 Irenaeum
1753 1246 1764 1262 ‚
1801 1222 1909 1259 virum
1931 1223 2178 1267 quidevarm

1290 1282 1367 1308 cum
1384 1295 1396 1313 ,
1434 1280 1578 1310 attamen
1591 1271 1849 1320 Lugdunensem
1861 1273 1898 1307 in
1910 1273 2023 1312 Gallia
2042 1274 2175 1323 Episcm

1292 1332 1379 1366 pum.
1811 1349 1815 1352 .

1334 1372 1486 1409 Laudata
1499 1373 1712 1410 Constantini
1724 1374 1764 1410 ad
1778 1375 1937 1411 Ecclefias
1957 1375 2103 1420 Epistola
2126 1376 2174 1412 af-

1293 1424 1398 1458 firmat
1411 1423 1534 1459 Pascha
1545 1426 1579 1459 in
1593 1424 1647 1460 die
1657 1425 1842 1460 Dominico
1850 1426 1946 1461 fuisse
1957 1428 2079 1470 semper
2086 1425 2175 1462 cele·

1292 1473 1418 1508 bratum
1432 1473 1473 1508 ab
1483 1473 1639 1510 omnibus
1656 1475 1928 1512 Occidentalibus
1938 1501 1949 1518 ,
1968 1476 2174 1512 Meridiona-

1292 1522 1377 1557 libus
1389 1547 1399 1563 ,
1424 1536 1463 1559 ac
1475 1523 1789 1568 septentrionalibus
1800 1525 1972 1567 Ecclesiis,
1999 1536 2097 1572 atque
2116 1524 2174 1560 ad-

1291 1573 1418 1618 jungit:
1444 1572 1512 1619 Ipse
1517 1580 1550 1608 in
1561 1586 1608 1612 me
1617 1581 1713 1618 recepi
1724 1574 1852 1616 vestram
1873 1578 2060 1618 Sapientiam
2069 1575 2168 1618 facil&

1293 1621 1468 1668 affensuram
1477 1649 1489 1666 ,
1513 1635 1547 1659 ut
1558 1626 1638 1668 quod
1645 1631 1678 1659 in
1689 1625 1765 1659 Urbe
1775 1629 1872 1663 Roma
1881 1649 1893 1666 ,
1915 1632 1950 1659 in
1957 1628 2049 1660 ltalia
2059 1647 2070 1667 ,
2079 1631 2115 1659 tn
2124 1634 2171 1660 to-

1294 1684 1327 1708 ta
1337 1674 1441 1716 Africa
1455 1699 1466 1715 ‚
1492 1681 1525 1708 in
1535 1676 1666 1719 AEgipto
1677 1698 1687 1715 ,
1714 1673 1883 1718 Hispania,
1910 1677 2013 1710 Gallia
2030 1699 2042 1716 ,
2059 1677 2176 1710 &Bre-

1294 1730 1402 1759 tatmia
1413 1750 1424 1766 ,
1449 1731 1481 1758 in
1493 1725 1606 1765 Lybia,
1631 1726 1666 1760 (5
1678 1722 1820 1768 universa
1842 1728 1983 1765 Graeeia,
2001 1731 2035 1758 in
2057 1721 2180 1766 Dmefi

1295 1773 1418 1817 Asiatica
1428 1799 1438 1814 ,
1450 1776 1486 1808 s&
1498 1777 1622 1807 Pontica
1635 1798 1648 1814 ‚
1667 1782 1701 1808 in
1712 1777 1817 1808 Cilicia
1829 1775 1957 1817 denique
1968 1797 1979 1814 ,
2000 1784 2063 1811 una
2071 1775 2179 1808 &com

1289 1823 1439 1868 ftntiente
1447 1826 1604 1857 Sententia
1613 1821 1806 1867 conservatur
1816 1848 1829 1864 ‚
1854 1820 1905 1857 boc
1922 1826 1942 1856 ἃ
1959 1824 2045 1859 vebis
2066 1833 2179 1867 quoqu

1294 1873 1463 1908 lubentibus
1477 1879 1589 1907 animis
1599 1873 1822 1916 approbaretur.
1850 1872 1952 1918 Apud
1972 1873 2179 1913 Venerabilis

1298 1923 1390 1962 Bedae
1400 1923 1541 1959 Librum
1550 1923 1592 1959 de
1602 1924 1730 1958 ratione
1739 1924 1895 1967 temporis
1906 1923 2015 1960 exstat
2022 1923 2052 1961 S.
2066 1923 2180 1962 Prote·
2193 1919 2321 1958 0²1²*ss

1296 1975 1336 2008 rii
1345 1971 1539 2017 Patriatchae
1552 1972 1770 2010 Alexandr-ini
1780 1973 1821 2008 ad
1831 1973 1861 2007 S.
1884 1972 2009 2018 Papam
2027 1973 2182 2013 Leonem>

1299 2023 1444 2067 Epistola
1457 2047 1468 2063 ‚
1492 2023 1593 2058 etiam
1604 2022 1779 2058 adfirmans
1789 2023 1820 2057 S.
1833 2023 1968 2058 Petrum
1980 2023 2096 2059 Romae
2107 2047 2120 2065 ,
2138 2034 2182 2059 ac.

1296 2073 1363 2117 ejus
1373 2072 1585 2116 Discipulum
1594 2073 1624 2106 S.
1636 2073 1789 2108 Marcum
1805 2073 2015 2110 Alexandria
2022 2074 2159 2109 sanxisse
2165 2097 2179 2114 ‚

1297 2133 1332 2158 ut
1345 2122 1469 2157 Pascha
1480 2122 1534 2157 die
1545 2122 1729 2159 Dominica
1739 2134 1898 2168 ageretur.
1925 2124 1969 2159 Et
1989 2122 2075 2158 certe
2086 2121 2183 2167 quod.

1298 2175 1423 2207 sanctus
1446 2171 1561 2207 Petrus
1583 2172 1722 2214 Romae,
1747 2185 1786 2209 ac
1807 2174 1933 2208 sanstus
1955 2173 2089 2208 Marcus
2099 2172 2182 2208 Ale-

1298 2221 1439 2257 xandriae
1462 2222 1642 2266 plantarint
1661 2223 1794 2257 eosdem
1811 2223 1914 2258 Sacrae
1931 2222 2122 2267 Religionis
2138 2223 2181 2257 ti»-

1297 2283 1371 2312 tus,
1397 2270 1555 2307 novimus
1574 2283 1616 2306 ex
1639 2271 1838 2308 authenticis
1859 2272 2091 2309 Testimoniis-
2116 2271 2182 2307 Di-
2285 2299 2302 2315 ,

1299 2322 1439 2365 scipulus
1450 2321 1594 2356 traduxit
1606 2322 1826 2366 Disciplinam
1836 2322 1996 2367 Magistri.
2037 2322 2081 2356 Et
2099 2320 2183 2362 hinc

1299 2372 1388 2407 vides
1398 2372 1428 2405 S.
1440 2371 1575 2407 Petrum
1596 2371 1687 2406 aliud
1707 2372 1794 2416 apud
1818 2371 2063 2412 Antiochiam,
2087 2370 2180 2406 aliud

1298 2421 1452 2465 plantasse
1462 2421 1548 2464 apud
1561 2419 1698 2456 Almam
1711 2422 1842 2457 Urbem
1857 2434 1867 2465 ·,
1892 2422 1939 2458 ob
1959 2423 2062 2456 varias
2082 2421 2186 2461 ratim,

1299 2483 1356 2506 nes
1368 2471 1452 2506 Loci
1465 2471 1498 2505 ἀ
1508 2470 1637 2515 Populi.
1676 2471 1777 2516 Apud
1790 2470 2012 2513 Antiochiam
2020 2471 2155 2515 plurimi
2167 2494 2182 2511 ,

1301 2523 1415 2556 Romae
1424 2545 1436 2562 ,
1462 2532 1500 2557 ac
1513 2532 1568 2567 per
1578 2532 1712 2556 omnem
1725 2522 1945 2559 Occidentem
1954 2531 2046 2557 erant
2058 2521 2185 2566 pauciss,

1300 2572 1371 2608 fimi
1382 2583 1423 2606 ex
1436 2570 1553 2614 Judaeis
1564 2571 1677 2607 fideles
1698 2584 1705 2604 :
1742 2572 1879 2606 Horum
1901 2571 2047 2606 moribus
2068 2572 2101 2605 se
2112 2571 2182 2607 san·
2200 2568 2202 2573 ’

1300 2624 1367 2655 &us
1377 2620 1492 2655 Petrus
1502 2621 1736 2664 dispensatorie
1747 2620 2021 2657 accommodavit.
2044 2621 2097 2654 Ex
2107 2621 2183 2658 Ma.-

1301 2672 1360 2717 gni
1371 2670 1585 2707 Constantini
1596 2670 1700 2708 verbis
1710 2671 1798 2708 lucet
1822 2671 1945 2708 Cilices
1957 2695 1968 2711 ,
1994 2671 2157 2711 Asiaticos
2168 2691 2183 2710 ,

1300 2723 1333 2756 δε
1353 2721 1514 2754 Ponticos
1535 2721 1636 2754 etiam
1657 2722 1734 2756 ante
1753 2721 1924 2757 Nicaenam
1947 2720 2121 2764 Synodum
2142 2718 2180 2759 in

1302 2772 1494 2807 Romanum
1504 2770 1607 2805 ritum
1627 2770 1791 2806 transiisse.
1827 2771 1966 2808 Certum
1984 2771 2030 2805 est
2051 2769 2091 2809 id.
2108 2778 2180 2807 non

1301 2823 1363 2856 esse
1375 2821 1496 2856 factum
1510 2831 1562 2864 per
1582 2821 1766 2863 praesentem
1793 2821 1887 2857 Hofii
1910 2820 2092 2864 Synodum,
2118 2817 2178 2854 Est

1305 2873 1422 2907 factum
1443 2879 1548 2907 antea,
1575 2870 1727 2915 Tempus
1747 2871 1782 2908 δε
1803 2869 1984 2907 Auctorem
2000 2868 2108 2906 statim
2129 2867 2179 2901 in-

1304 2931 1480 2965 quiremus.
1846 2957 1849 2958 ⁷
1884 2956 1886 2959 .

1353 2970 1489 3014 Opponi
1500 2968 1552 3003 his
1563 2970 1681 3013 possint
1692 2969 1769 3004 duo.
1807 2969 1941 3011 Primo,
1966 2968 2062 3009 fimffi
2085 2967 2182 3012 Igna·

1304 3021 1341 3057 tii
1352 3020 1508 3063 Martyris
1520 3044 1531 3059 ,
1556 3020 1591 3056 ὃς
1608 3019 1816 3055 Antiocheni
1834 3016 2026 3055 patriarche
2036 3015 2182 3051 authori-

1303 3082 1351 3105 tas
1362 3070 1399 3104 in
1413 3069 1561 3113 Epistola
1580 3069 1621 3103 ad
1644 3068 1868 3114 Philippenses
1880 3083 1892 3105 .·
1917 3071 2016 3110 Siquis
2034 3077 2099 3107 cum
2114 3070 2182 3111 Ju-

1305 3122 1382 3156 daeis
1402 3119 1527 3154 celebrat
1547 3118 1666 3162 Pascha
1677 3145 1688 3161 ,
1714 3129 1767 3156 aut
1785 3119 1914 3159 sanbola
1930 3116 2121 3159 Festivitatis
2133 3127 2180 3150 eo-

1302 3182 1370 3204 rum
1389 3176 1494 3212 recipit
1507 3194 1518 3209 ,
1538 3175 1691 3211 particeps
1702 3169 1741 3210 est
1757 3180 1874 3209 eorum,
1899 3172 1952 3210 qui
1967 3169 2128 3200 Dominum
2137 3176 2184 3199 oc-

1303 3222 1463 3260 ciderunt,
1489 3221 1523 3253 (5
1544 3219 1686 3262 Apostolos
1703 3221 1778 3260 ejus.
1805 3218 1920 3253 Altera
1939 3215 1986 3252 est
2009 3200 2210 3252 auctoritas*
2314 3211 2323 3251 l

1307 3269 1574 3314 Apostolicarum
1610 3267 1896 3303 Constitutionum
1922 3290 1935 3307 ,
1970 3266 2182 3301 collectarum

1307 3331 1363 3364 per
1374 3320 1402 3354 S.
1418 3319 1626 3354 Clementem
1645 3317 1844 3352 Pontificem
1867 3316 2061 3351 Romanum
2082 3328 2090 3347 :
2117 3320 2183 3351 Ne·
2199 3325 2258 3358 Lib.
2288 3327 2318 3361 ρ

1308 3381 1363 3412 que
1375 3370 1503 3411 amplius
1523 3380 1588 3403 cum
1598 3371 1631 3413 J
1632 3369 1728 3401 udaeis
1748 3374 1865 3409 tempus
1875 3366 2041 3400 celebrandi
2064 3363 2183 3408 Paftba
2199 3374 2260 3405 cap.
2273 3367 2316 3396 16·

1309 3418 1479 3462 observetis.
1507 3418 1605 3452 Nulla
1615 3423 1694 3450 enim
1703 3416 1785 3449 nobis
1798 3427 1876 3449 nunc
1886 3427 1952 3449 cum
1970 3423 2016 3452 eis
2027 3420 2184 3455 communi-

1309 3477 1358 3502 tas
1365 3468 1426 3512 lest.
1453 3469 1498 3505 Et
1517 3469 1603 3505 inter
1620 3466 1768 3515 vulgares
1779 3465 2018 3514 Apostolorum
2028 3466 2189 3551 &¹¹⁰ss
