2346 3776
63 2911 106 2940 ca

63 2949 96 2981 &

109 2910 138 2948 p:
153 2885 246 2947 3..uti
256 2898 325 2921 rem
334 2888 476 2926 lucidam
499 2917 510 2933 ‚
535 2894 571 2928 in
590 2895 682 2930 sexto
703 2896 745 2930 de
765 2897 974 2942 Imperatoris
983 2898 1073 2942 Justi-

663 107 1103 158 DisSERTATm
1139 106 1568 158 PaonM1AL1s.
1994 138 2014 174 7

251 193 370 233 Restu
378 188 512 239 ,questio
519 186 563 223 de
581 184 759 223 Provincia
780 188 1003 233 Tripolitana.
1032 186 1075 220 Et

199 246 309 290 primo*
317 235 466 291 qum-itur
474 264 486 280 ,
511 237 571 273 An
580 238 622 273 de
632 239 845 283 Tripolitana
866 236 954 283 apud
973 236 1074 272 Afros

198 287 476 332 Provinciafuerit
481 288 661 333 aliquando
670 288 710 323 lis
718 290 803 325 inter
811 287 1075 324 Alexandrinum

199 335 422 385 Patriaseham
433 341 467 375 δι
478 338 658 376 Primatem
679 339 1001 386 Carthaginensem?
1025 340 1074 373 Ita

198 394 289 430 enim
298 393 436 427 affirmat
448 390 548 429 Nilus
556 390 794 435 Doxopatrius.
815 391 862 424 Et
875 388 1009 434 vulgata
1019 400 1075 432 per

194 444 345 485 Leonem
355 441 544 485 Sapientem
564 439 787 477 Ecclesiastica
806 440 942 476 Notitia
967 438 1074 474 lucide

193 493 300 536 ipsam
308 491 455 537 adsignat
466 491 519 537 isti
526 489 730 531 Patriarchae.
741 490 890 527 Laudata
900 491 991 525 enim
1002 489 1072 524 istic

193 541 346 586 Tripolis
368 553 428 585 pro
446 540 630 586 Metropoli
652 552 810 586 magnam
833 540 966 585 Leptim
978 566 989 582 ‚
1013 550 1072 584 pro

194 588 412 638 suffraganeis
432 591 622 628 civitatibus
641 587 739 626 habet
756 591 879 626 Sebum
898 592 932 626 &
944 592 1051 634 Hyon
1062 614 1071 629 ‚

193 653 263 687 quae
270 642 319 677 est
330 642 437 687 palam
448 641 604 683 Africana
616 667 627 683 ‚
637 653 706 677 non
719 641 896 687 AEgyptia.
924 642 1071 684 Respon-

189 691 258 729 deo
269 692 364 727 istius
374 693 442 727 litis
453 692 580 730 nullam
589 693 653 728 esse
662 691 751 736 apud
764 694 920 737 antiquos
930 691 1073 734 Scripto-

191 752 243 777 res
254 745 448 781 memoriam
459 767 470 784 ‚
481 743 611 779 nullum
621 743 864 784 testimonium,
875 742 1006 779 nullum
1020 750 1072 774 ve-

187 792 336 838 stigium-
346 791 450 840 Qod
461 791 674 837 Tripolitana
683 793 860 828 Provincia
872 794 996 837 semper
1009 791 1072 825 La·

187 841 301 876 rina&
311 840 539 877 Occidentalis
549 844 647 878 fuerit
657 867 668 884 ,
679 842 821 889 ideoque
832 842 1018 888 spectaverit
1031 840 1071 875 ad

189 889 386 927 Africanam
396 890 576 928 Dioecesim
587 894 622 929 ὅ(
631 893 929 940 Carthaginensem
950 892 1071 927 Prima-

186 949 276 981 tum,
284 940 511 979 demonstrant
522 943 648 978 Mundi
660 945 874 990 fitus,magna
884 945 992 980 Sansti
1006 941 1071 985 Cy·
1108 979 1110 982 ,

140 1027 143 1030 ,
187 990 296 1035 ’Ρείιηί
305 991 346 1026 de
355 991 597 1038 rebaptizandis
607 996 781 1030 Haereticis
792 994 949 1039 Synodus
958 1020 968 1034 ,
994 991 1080 1041 aliaeg

184 1043 273 1078 ‚item
281 1040 445 1078 Africanae
454 1044 584 1086 synodi
595 1070 607 1086 ‚
633 1046 742 1090 plures
754 1047 861 1091 Leges
883 1047 919 1079 in
943 1042 1079 1080 Codice'

186 1089 428 1138 Theodosiana)
445 1106 485 1131 ac
504 1094 716 1138 Iustinianaeo
728 1121 739 1136 ,
762 1097 909 1140 antiqua,
922 1092 1066 1130 Romani

181 1139 324 1185 ⁴Imperii
333 1143 468 1181 Notitia
477 1170 489 1187 ,
514 1145 549 1179 ὅ(
563 1145 773 1180 Caesaraeensis
792 1144 948 1190 Procopii
958 1144 1066 1178 sextus

186 1190 290 1225 Liber
299 1192 340 1226 de
349 1193 495 1230 aedificHs
505 1195 713 1238 Imperatoris
723 1195 908 1237 Iustiniani.
932 1191 1066 1229 Etenim
1076 1198 1077 1204 ¹

187 1238 341 1276 Africam
352 1242 394 1276 ab
406 1242 563 1288 AEgypto
574 1243 729 1280 dividunt
738 1254 867 1287 magnae
876 1246 989 1285 Syrtes
1001 1257 1012 1276 :
1024 1241 1065 1276 Et

182 1289 401 1334 ,Tripolitana
410 1291 585 1325 Provincia
595 1291 737 1327 omnino
744 1291 840 1328 estcis
846 1302 972 1336 partem
982 1290 1077 1339 Astis

185 1350 315 1383 canun-
327 1339 373 1373 Et
381 1339 476 1376 dictae
486 1339 625 1383 Synodo
636 1341 814 1380 adfuerunt
822 1342 892 1386 ejus
903 1342 1066 1387 Episcopi.

187 1386 234 1422 Et
243 1388 290 1424 ita
299 1389 393 1424 fuisse
403 1390 504 1434 usque
513 1391 554 1425 ad
566 1390 741 1434 Iustiniani
754 1393 932 1436 imperium
943 1393 989 1427 est
1002 1404 1070 1428 cer-

187 1445 261 1473 tum
272 1450 311 1474 ac
320 1439 539 1478 manifestum.
564 1440 670 1475 Porro
679 1441 719 1476 ad
730 1443 880 1477 Heraclii
891 1443 1070 1487 Imperium

183 1486 358 1527 ,Homerus
366 1491 616 1529 Sarracenorum
627 1490 783 1537 Princeps
797 1492 992 1539 AEgyptum
1006 1518 1016 1533 ,
1035 1493 1069 1528 ἃ

185 1536 246 1572 sub
255 1539 389 1576 secundi
400 1538 576 1584 Justiniaui
586 1541 730 1586 Imperio
750 1543 843 1577 istius
867 1544 1068 1580 Successores

183 1587 372 1627 invaserunt
392 1590 543 1627 Africam
566 1616 577 1633 ‚
611 1602 710 1637 atque
732 1594 779 1628 ita
801 1593 1067 1629 Christianorum

180 1637 360 1685 ,Episcopis
371 1642 498 1677 nullam
510 1643 713 1687 reliquerunt
725 1645 839 1679 ansam
848 1644 890 1679 de
910 1643 1067 1681 Dioecefi-

184 1686 246 1734 bus
254 1688 452 1735 disputandi.
463 1693 673 1742 Qapropter
684 1693 826 1728 omnino
835 1695 989 1730 existimo
1002 1707 1068 1730 me·

183 1749 351 1778 moratam
360 1740 379 1775 a
389 1742 472 1778 Nilo
480 1744 696 1786 Doxopatrio
707 1744 800 1779 litem
820 1746 884 1780 esse
894 1745 1065 1790 greculum

182 1789 393 1832 figmentum.
421 1792 466 1825 Et
477 1803 514 1826 ut
525 1793 566 1827 lis
577 1795 675 1828 fuerit
687 1819 698 1835 ,
725 1795 906 1830 meridiana
918 1796 991 1830 luce
1002 1795 1076 1830 cla-'

185 1837 256 1874 rius
265 1838 309 1872 est
323 1840 554 1876 Alexandrino
564 1842 761 1878 Patriarchae
770 1844 857 1878 nihil
869 1846 962 1879 fuisse
972 1845 1063 1886 juris,

184 1885 275 1925 *nihil
287 1888 498 1923 fundamenti
510 1915 517 1922 .

238 1935 345 1972 Unde
356 1938 460 1983 igitur
474 1939 608 1982 Sapiens
629 1941 700 1976 Leo
723 1941 809 1977 hanc
830 1942 1001 1987 Tripolim
1015 1943 1067 1978 ad-

184 1986 307 2031 scripsit
327 1988 380 2023 isti
399 1988 617 2025 Patriarchae?
643 1991 845 2036 Respondeo
867 2005 922 2027 me
931 1994 1064 2027 nescire.

183 2037 320 2091 Qpinor
330 2038 440 2073 secisse
449 2064 461 2081 ,
474 2049 512 2074 ut
525 2040 633 2076 Sansti
645 2041 838 2077 Patriarchae
848 2042 1066 2087 Ignatii‚quos

185 2097 254 2130 ejus
263 2088 361 2123 frater
369 2089 558 2125 Patriarcha
569 2090 752 2135 Stephanus
762 2093 995 2134 continuabat,
1007 2105 1066 2137 pro

181 2135 342 2182 ‚Balgatia
352 2151 390 2174 ac
402 2139 526 2184 reliqua
535 2141 658 2184 Illyrici
667 2143 808 2178 Dioecefi
822 2154 952 2187 rapaces
972 2145 1065 2177 ausus

183 2186 338 2223 firmaret.
365 2190 410 2223 Et
423 2190 531 2225 forsan
544 2191 604 2226 ista
616 2192 750 2228 Notitia
761 2206 830 2228 non
843 2194 889 2228 est
900 2195 919 2228 a
933 2195 1064 2238 Sapien-

186 2245 220 2270 te
230 2238 463 2276 acorthodoxo
473 2241 590 2276 Leone
602 2267 612 2282 ,
639 2243 693 2277 sed
715 2244 731 2277 a
744 2245 901 2288 quopiam
914 2244 985 2289 post
1002 2244 1068 2277 Mi-

185 2285 334 2325 chaelem
345 2289 554 2327 Cemlarium
563 2291 780 2328 Schismatico
790 2295 903 2330 Princi
927 2307 953 2330 e.
969 2294 1067 2329 Certe

187 2338 296 2378 necin
307 2337 421 2375 Africa
431 2365 442 2381 ‚
469 2343 578 2376 necin
591 2342 749 2388 AEgypto
761 2345 810 2379 vel
824 2346 907 2391 unici
928 2357 960 2379 m
979 2356 1068 2379 terra*

182 2380 305 2432 pedem
315 2389 386 2424 Leo
397 2388 514 2426 habuit
526 2417 536 2432 ,
563 2392 711 2438 adeoque
731 2395 773 2430 de
783 2395 852 2439 ejus
864 2394 1067 2431 Dioecefibus

187 2446 257 2492 non
268 2441 377 2481 potuit
386 2440 565 2485 disponere.
577 2443 808 2480 Schismaticus
819 2447 944 2491 fingere
956 2456 1067 2490 potue*

185 2496 240 2522 nt.
250 2536 256 2542 ¹
266 2487 440 2535 Qudquid
449 2492 486 2526 sit
499 2518 510 2534 ‚
521 2492 581 2528 ista
592 2494 725 2530 Notitia
739 2496 774 2529 in
786 2497 884 2530 variis
894 2498 979 2530 circa
992 2496 1068 2530 Tri-

189 2535 371 2579 politanam
382 2540 595 2578 Provinciam
609 2543 838 2580 hallucinatur.
865 2545 992 2587 Primo,
1003 2557 1068 2579 ma-

191 2596 293 2642 gnam
302 2588 435 2633 Leptim
445 2603 515 2626 non
525 2593 620 2636 ponit
631 2595 689 2628 nisi
701 2596 846 2630 secundo
858 2596 943 2631 loco.
972 2597 1068 2630 Licet

191 2646 282 2693 enim
289 2641 403 2683 eunde
414 2652 516 2684 preter
529 2642 801 2680 proconsularem
815 2644 981 2681 Africanae
991 2646 1069 2680 Pro-

193 2696 309 2743 vinciae
317 2701 383 2725 non
394 2689 571 2728 habuerint
580 2693 748 2729 Ecclefiast
754 2696 819 2730 icas
839 2696 1047 2741 Metropoles
1059 2720 1070 2735 >

191 2736 334 2771 omnino
343 2750 451 2775 tamen
460 2740 603 2778 habuere
615 2744 745 2779 Civiles.
759 2746 803 2781 Et
815 2759 935 2793 magna
946 2748 1071 2791 Leptis,

192 2784 509 2828 ImperatorisSeveri
531 2794 694 2829 natalibus
715 2796 801 2831 clara
812 2821 823 2837 ,
850 2797 993 2832 omnino
1008 2797 1070 2832 fuit

188 2833 411 2879 >Tripolitanae
420 2839 601 2878 Provinciae
610 2844 818 2889 Metropolis.
846 2848 896 2882 lta
906 2848 1072 2892 supponit,

191 2940 289 2992 ἐμπαί
297 2938 443 2978 aedificiis
454 2941 555 2979 Libro
565 2944 746 2990 Procopius
758 2947 977 2984 Caesaraeenfis.
1007 2950 1073 2983 De

196 2986 275 3021 inde
284 2988 343 3023 ista
354 2990 486 3026 Notitia
496 2991 711 3037 Tripolitanae
722 2996 907 3033 Provincia:
918 3011 988 3033 non
1008 2999 1074 3033 assi-

194 3046 275 3081 gnat
285 3039 345 3073 nisi
357 3051 419 3078 tres
431 3042 585 3078 civitates.
609 3044 657 3080 At
673 3046 749 3081 vero
769 3060 823 3092 per
845 3049 1005 3093 Jacobum
1016 3050 1075 3083 Sir-

194 3087 356 3125 mondum
366 3092 548 3135 publicatus
558 3092 783 3131 Africanarum
793 3099 1006 3134 Ecclefiarum
1016 3099 1076 3133 Ca-

194 3136 325 3194 talogus
336 3142 432 3184 ponit
444 3141 598 3187 quinque.
629 3144 673 3178 Et
684 3147 863 3183 Honorato
874 3162 911 3183 ac
925 3149 1071 3184 Urbano

197 3186 386 3241 Episcopis,
413 3193 605 3237 urgentibus
619 3194 815 3240 Episcopum
825 3198 981 3243 deinceps
1003 3211 1072 3234 non

200 3237 256 3270 mfi
266 3239 284 3272 a
295 3240 472 3276 duodecim
483 3243 633 3290 Collegis
642 3247 877 3289 consecrari,in
890 3250 983 3284 tertia
997 3250 1076 3284 Car-

202 3283 381 3340 thaginensi
393 3292 530 3336 Synodo
542 3297 684 3338 reposuit
705 3295 859 3333 Aurelius
870 3301 972 3334 totius
984 3301 1074 3334 Dioe-

68 3364 193 3399 emm·
203 3337 310 3374 ceseos
320 3340 455 3376 Primas:
467 3348 579 3378 Forma
588 3353 714 3389 antiqua
721 3345 942 3390 servabitur-,ut
953 3362 1010 3382 non
1022 3356 1074 3382 mi-

230 3385 240 3395 x

205 3395 259 3419 nus
269 3392 360 3431 quam
371 3402 432 3425 tres
437 3391 598 3436 sufficiant,
610 3396 786 3439 quisuerint
797 3398 932 3438 destinati
944 3402 989 3432 ad
999 3403 1076 3441 Epi-

199 3432 320 3477 scopum
337 3443 539 3478 ordmandum
550 3469 562 3485 ,
585 3454 746 3489 propterea
765 3455 837 3490 quia
857 3451 892 3483 6·
912 3456 945 3482 in
963 3452 1075 3492 Tripoli

195 3483 282 3524 fort&
300 3489 334 3522 <a
347 3494 472 3537 Arzugae
493 3497 668 3537 interjacere
687 3500 832 3534 videntur
851 3498 988 3535 barbam
1004 3512 1075 3545 gen-

1135 196 1198 221 tes.
1227 193 1315 222 Nam
1325 195 1356 222 in
1367 190 1479 231 Tripoli·
1492 213 1503 230 ,
1528 198 1562 222 ut
1580 187 1730 234 adseritur
1749 215 1760 230 ,
1785 193 1923 238 Episcopi·
1938 193 2016 238 sunt

1141 244 1272 281 quinque
1284 241 1489 273 tantummodo
1501 264 1511 280 ,
1536 241 1571 274 ό*
1576 240 1768 282 poffintfortr3
1779 244 1815 275 de
1826 245 1886 287 ipsi»
1897 256 2016 279 numero

1145 290 1196 322 vel
1204 290 1262 323 duo
1271 291 1430 330 neceffitate
1440 292 1543 332 aliqua
1553 297 1696 333 occupari.
1725 292 1849 333 Difficile
1868 294 1905 331 est
1914 302 1993 328 enim
2005 320 2016 336 ‚

1139 348 1173 371 ut
1183 341 1221 372 de
1231 340 1357 383 quolrbet
1368 351 1489 373 numero
1501 337 1600 375 omncs
1605 342 1710 384 poffint
1719 352 1877 376 occurrere.
1887 343 2018 378 Notan-

1138 388 1179 422 da
1192 390 1267 424 sunt
1277 391 1371 425 verba
1387 403 1394 422 ;
1422 395 1461 423 Ut
1472 389 1633 434 adseritur.
1661 392 1880 427 Ecclefiarum
1893 391 1928 425 in
1939 393 2018 427 Tri-

1137 439 1285 481 politana
1311 441 1486 476 Provincia
1514 453 1689 476 numerum
1715 442 1858 477 omnino
1880 452 2018 477 noverat

1136 487 1262 524 Primas
1272 490 1557 527 Aureliuszpalam
1568 491 1684 526 adserit
1697 493 1790 527 fuisse
1798 493 1906 537 plures
1916 492 2018 536 quam

1135 540 1283 584 quinque
1294 566 1306 582 ,
1316 542 1370 576 sed
1383 552 1494 575 vacare
1506 541 1632 584 aliquas
1647 567 1658 582 ‚
1676 542 1817 586 ideoque
1827 543 1958 578 tantum
1972 544 2022 576 su-

1135 591 1252 632 peresse
1262 593 1409 636 quinque
1421 591 1612 635 Episcopos.
1640 593 1744 627 Hunc
1755 595 1884 628 sensum
1895 594 2021 628 evincit

1134 640 1234 675 etiam
1252 640 1307 676 hic
1323 643 1360 676 in
1378 641 1540 675 Africanae
1563 642 1712 676 Ecclesiae
1735 642 1863 678 Codice
1887 655 1997 678 canon
2011 657 2018 676 :

1136 692 1251 724 Placuit
1261 694 1298 726 de
1309 694 1420 734 Tripoli
1425 700 1550 733 propter
1558 699 1691 734 inopiam
1703 695 1921 734 Provinciae,ut
1933 706 2014 727 unus

1110 755 1112 782 J
1134 739 1297 784 Episcopus
1310 749 1341 776 in
1353 747 1544 787 Legationem
1554 749 1660 776 veniat
1671 767 1682 782 ‚
1708 743 1822 787 urique
1834 742 1875 778 ad
1889 743 2014 778 Prima-

1134 791 1245 825 tialem
1255 792 1428 836 Synodurn
1439 818 1450 834 ‚
1476 794 1510 827 6·
1519 802 1555 826 ut
1566 793 1608 826 ibi
1619 793 1777 832 Presbyter
1787 795 1808 826 ιὶ
1819 800 1950 836 quinque
1961 804 2014 826 au-

1133 841 1235 873 diatur
1255 842 1414 886 Epist-opis
1428 867 1438 883 ,
1463 845 1498 877 (9-
1516 846 1667 877 Dian-onus
1691 846 1711 876 ἆ
1734 843 1832 877 tribus
1858 868 1869 884 ,
1890 850 2014 886 proprio

1110 910 1111 914 =
1133 888 1276 934 Episcopo
1287 892 1436 934 residente.
1467 893 1520 928 Ut
1530 893 1716 934 Presbyteri
1735 894 1832 929 causa
1851 894 2015 937 judicetur

1133 941 1150 973 a
1160 951 1231 975 tota
1240 942 1421 977 Provincia:
1434 943 1571 985 Synodo
1580 969 1591 985 ‚
1619 943 1674 978 hic
1684 956 1794 980 canon
1806 955 2016 989 nequaquam

1134 991 1258 1026 sanxit:
1285 993 1431 1027 Sanciret
1442 1005 1558 1028 contra
1569 1006 1706 1029 omnem
1720 994 1924 1041 Regularum
1943 1005 2022 1029 con-

1135 1042 1346 1085 sequentiam.
1358 1043 1505 1078 Proinde
1516 1044 1657 1077 omnino
1671 1045 1773 1080 edicit
1787 1044 1879 1079 fuisse
1894 1045 1927 1078 in
1938 1044 2018 1078 Tri-

1133 1090 1199 1133 poli
1213 1092 1319 1135 plures
1330 1093 1430 1137 quam
1441 1093 1589 1137 quinque
1603 1094 1795 1137 Episcopos.
1823 1095 1879 1127 An
1892 1094 2015 1137 Tripo-

1106 1148 1107 1152 ’
1133 1141 1171 1174 lis
1182 1142 1307 1186 semper
1319 1142 1474 1182 habuerit
1487 1154 1538 1177 tot
1551 1143 1732 1187 Episcopos
1742 1169 1752 1184 ,
1775 1146 1808 1178 &
1820 1146 1944 1186 semper
1952 1145 2019 1177 fue-

1133 1191 1173 1224 rit
1184 1192 1336 1228 distinc'ia
1360 1193 1526 1228 Africanae
1543 1194 1732 1228 Dioeceseos
1750 1193 1946 1234 Provincia,
1973 1193 2019 1227 est

1133 1242 1264 1283 quaestio
1274 1244 1405 1278 alterius
1417 1244 1490 1277 loci.
1502 1243 1624 1276 Tertio
1637 1268 1646 1283 ‚
1660 1244 1785 1278 Leonis
1799 1243 1944 1289 Augusti
1955 1243 2024 1276 No-

1134 1292 1205 1326 titia
1215 1304 1292 1327 cum
1305 1294 1436 1338 vulgata
1451 1304 1505 1336 per
1517 1293 1679 1335 iacobum
1699 1295 1911 1328 Sirmondum
1922 1293 2020 1327 Noti-

1134 1341 1178 1376 tia
1186 1354 1256 1378 non
1266 1344 1423 1378 convenit
1446 1344 1481 1377 in
1502 1343 1677 1377 civitatum
1701 1344 1905 1378 nominibus.
1936 1344 2020 1378 Haec

1133 1393 1223 1427 enim
1235 1393 1361 1428 nullam
1374 1394 1453 1427 facit
1466 1394 1663 1428 memoriam
1671 1393 1712 1427 de
1725 1394 1833 1428 Sebon
1843 1396 1877 1428 δε
1889 1395 1996 1436 Hyon
2012 1417 2022 1433 ,

1134 1454 1212 1486 quas
1221 1443 1315 1479 Solas
1326 1444 1396 1478 Leo
1409 1443 1561 1488 adjungit
1573 1454 1700 1488 magnae
1711 1443 1819 1485 Lepti.

1183 1493 1336 1528 Secundo
1347 1494 1497 1537 quaeritur
1508 1517 1520 1533 ‚
1547 1492 1605 1527 An
1616 1493 1701 1526 intra
1717 1492 1910 1537 AEgyptum
1920 1493 2018 1527 fuerit

1132 1541 1281 1578 distincta
1293 1543 1508 1587 Tripolitana
1518 1542 1721 1577 Provincia?
1747 1543 1945 1587 Respondeo
1958 1568 1968 1584 ‚
1982 1543 2022 1575 li-

1133 1604 1185 1627 cet
1200 1606 1270 1629 non
1283 1594 1537 1634 Civilem,fuiffe
1548 1603 1660 1628 tamen
1674 1592 1941 1628 Ecclesiasticam.
1955 1594 2022 1627 Lu-

1134 1654 1184 1677 cet
1195 1656 1236 1679 ex
1246 1644 1387 1679 adducto
1410 1643 1601 1678 testimonio
1621 1642 1900 1679 Chalcedonensis
1918 1644 2023 1686 Syno-

1132 1693 1165 1727 di
1178 1720 1188 1735 ‚
1213 1695 1306 1738 cujus
1319 1693 1506 1728 Auctoritas
1517 1694 1562 1729 est
1582 1694 1823 1738 irrefragabilis.
1851 1693 2021 1728 Laudatur

1132 1744 1178 1779 ibi
1191 1743 1391 1779 Athanasius
1402 1744 1560 1779 Busiridis
1573 1745 1609 1777 in
1622 1744 1870 1778 istaProvincia
1882 1744 2017 1787 Episco-

1131 1806 1199 1837 pus.
1210 1794 1314 1830 Porro
1329 1795 1507 1842 Busiridem
1522 1795 1585 1829 esic
1596 1795 1679 1838 ipsas
1690 1794 1841 1834 Thebas,
1853 1795 1899 1829 ita
1911 1795 1928 1827 a
1940 1804 2018 1827 con-

1130 1844 1237 1881 ditore
1249 1847 1342 1890 Rege
1355 1846 1455 1879 Busiri
1469 1844 1619 1885 distas‚in
1634 1846 1697 1878 suis
1708 1844 1748 1879 ad
1761 1846 1934 1888 antiquam
1949 1844 2015 1877 Ro·

1131 1897 1219 1928 mani
1230 1896 1363 1938 imperii
1374 1895 1545 1928 Notitiam
1556 1894 1699 1929 Scholiis
1710 1906 1792 1928 errat
1805 1894 1919 1928 Guido
1940 1894 2022 1928 Pan·

1129 1944 1273 1979 cirollus.
1308 1943 1427 1988 Longe
1453 1943 1543 1978 aliud
1568 1943 1679 1977 scribit
1701 1943 1826 1978 Strabo.
1853 1944 1960 1977 Auaor
1979 1943 2016 1983 est
2037 1966 2097 1996 Lib·
2114 1978 2136 1997 Y·

1130 1994 1342 2035 Eratosthenes
1353 2005 1533 2028 communem
1546 1994 1697 2026 Barbaris
1709 1993 1843 2026 omnibus
1866 1993 2015 2036 consuetu·
2036 2005 2078 2036 f01
2094 2018 2102 2035 1
2114 2018 2124 2035 ι
2133 2019 2155 2037 ¹,

1129 2044 1230 2077 dinem
1239 2044 1290 2085 effl-
1302 2068 1312 2083 ‚
1339 2053 1373 2075 ut
1383 2042 1512 2085 hospites
1523 2044 1647 2083 pellant.
1676 2045 1837 2086 AEgyptios
1849 2047 1921 2076 vero
1936 2054 2016 2076 accu-
2035 2046 2096 2076 Lib.
2111 2057 2154 2081 17·

1124 2091 1192 2136 sari
1198 2102 1323 2135 propter
1334 2105 1371 2126 ea
1383 2105 1450 2135 quae
1462 2092 1620 2133 infabuln
1635 2093 1671 2126 de
1686 2091 1822 2134 Busiride
1832 2095 1867 2127 (ν
1879 2092 2016 2135 Bustriti·

1130 2154 1164 2175 ca
1175 2144 1365 2185 Praefec‘lura
1375 2144 1456 2176 dedra
1462 2141 1536 2185 fiant
1547 2167 1557 2182 ‚
1576 2142 1746 2176 volentibus
1760 2142 1888 2182 Posteris
1899 2145 1952 2177 Ioci
1964 2143 2016 2176 hu-

1124 2196 1180 2234 jus
1192 2193 1457 2237 inhospitalitatem
1467 2194 1666 2232 calumniari,
1695 2205 1759 2225 cum
1774 2194 2017 2235 Me-Dius-fia'ius

1132 2245 1229 2278 nullus
1242 2244 1356 2286 Busiris
1369 2255 1419 2276 nec
1429 2247 1496 2276 Rex
1501 2243 1615 2284 fuerit,
1626 2255 1678 2276 nec
1691 2253 1843 2282 tyrannus.
1858 2242 1913 2277 Ad
1919 2245 2018 2278 versa-

1132 2305 1184 2328 tur
1194 2305 1305 2338 tamen
1317 2296 1351 2328 in
1364 2292 1535 2327 Chronico
1547 2293 1759 2328 Caesaraeenfis
1774 2293 1942 2327 Eusebius:
1956 2296 2019 2326 Bu-

1125 2344 1206 2386 stris,
1218 2350 1359 2386 Neptuni
1368 2345 1402 2378 (⁴2⁹
1414 2344 1514 2382 Libyae
1525 2343 1653 2385 Epaphi
1659 2343 1734 2384 filia·
1740 2342 1837 2384 filius,
1848 2345 1934 2384 apud
1946 2349 2018 2376 vici-

1133 2407 1173 2428 na
1183 2397 1252 2428 Nili
1261 2397 1322 2428 loca
1333 2396 1519 2433 tyrannidem
1527 2402 1643 2426 exercet
1648 2394 1665 2432 ⁴,
1687 2391 1878 2436 transcuntes
1890 2391 2018 2436 hospites

1131 2447 1243 2479 crudeli
1247 2444 1356 2488 ftelere
1365 2451 1444 2477 inter
1441 2444 1693 2485 ficiem-Fadium
1705 2442 1737 2476 id
1751 2442 1834 2476 dicit
1844 2443 1886 2477 ad
1896 2454 2022 2487 tempo-

1134 2507 1166 2529 ra
1174 2495 1271 2539 Josue
1282 2497 1316 2529 &
1329 2496 1470 2538 primum
1494 2493 1672 2537 ingressum
1693 2492 1820 2536 Judaici
1841 2493 1962 2537 Populi
1984 2494 2019 2527 in

1133 2557 1250 2579 terram
1262 2545 1496 2580 Promiffionis.
1526 2544 1568 2576 Et
1580 2543 1621 2577 ad
1629 2543 1818 2577 Constantii
1839 2542 1957 2578 Chlori
1985 2544 2020 2576 δε

1134 2596 1257 2630 Galerii
1271 2595 1472 2629 Maximiani
1485 2594 1662 2637 Imperium
1676 2593 1843 2638 adjungit:
1857 2592 1972 2635 Busiris
1984 2595 2018 2626 (ἓν

1135 2653 1242 2688 Coptos
1253 2648 1355 2679 contra
1368 2649 1513 2678 Romanos
1538 2643 1716 2677 rebellantes
1727 2668 1737 2683 ,
1762 2645 1807 2676 ad
1820 2642 1915 2686 solum
1926 2641 2016 2685 usque

1129 2695 1281 2740 subversae
1288 2696 1369 2738 fiant.
1383 2694 1528 2729 Proinde
1539 2694 1657 2727 Busiris
1667 2695 1729 2727 fuit
1744 2693 1842 2736 prope
1855 2694 1991 2736 Copton
2006 2716 2016 2731 ‚

1134 2758 1233 2791 quam
1243 2745 1412 2781 Thebaidi
1437 2745 1582 2789 adsignat
1604 2743 1704 2778 etiam
1724 2744 1871 2777 Romani
1884 2742 2017 2784 Imperii

1135 2798 1270 2842 antiqua
1282 2796 1413 2831 Notitia
1423 2797 1457 2829 in
1479 2794 1676 2828 Thebaidos
1695 2793 1886 2838 Insignibus.
1915 2792 1958 2825 Et
1980 2791 2017 2825 in

1135 2848 1309 2883 Demetrio
1321 2843 1531 2880 Phanostrati
1543 2840 1613 2878 filio
1626 2844 1736 2878 scribit
1749 2843 1863 2877 Suidas
1876 2854 1882 2873 :
1912 2845 2017 2875 Deme·
2038 2845 2096 2879 Lis«.
2124 2858 2144 2876 r.

1136 2906 1213 2931 trlus
1224 2909 1261 2930 ex
1275 2896 1370 2940 morsu
1382 2895 1497 2939 aspidis
1506 2901 1600 2936 periit
1612 2919 1622 2934 ,
1644 2892 1778 2937 ftpultus
1802 2899 1834 2925 in
1855 2891 2017 2933 Bustritide
2033 2884 2085 2917 f01·
2094 2897 2152 2924 ¹43-

1138 2948 1428 2990 Praefec‘i‘uraprops?
1441 2944 1599 2989 Diospolim
1609 2942 1820 2985 inpaludibus.
1841 2942 1915 2975 Has
1930 2942 2018 2985 palu-
2081 2963 2085 2967 ‚

1135 2998 1192 3033 des
1201 2998 1344 3032 elucidat
1355 2996 1471 3031 Strabo
1486 3021 1495 3036 ‚
1508 2995 1647 3029 scribens
1658 2991 1839 3026 Mendeten
1850 2992 2018 3026 civitatem

1135 3049 1198 3083 esse
1211 3049 1398 3092 proximum
1410 3047 1490 3080 mari
1503 3043 1732 3085 Praecipitiurn,
1744 3042 1946 3076 adultrinum
1958 3043 2020 3076 Ni-

1137 3099 1271 3133 licornu
1285 3099 1337 3131 seu
1352 3098 1485 3132 Ostium
1498 3121 1507 3134 ‚
1518 3094 1550 3127 ὅ(
1563 3092 1761 3137 adjungens:
1789 3094 1885 3135 Prope*
1897 3094 2019 3127 Mende-

1137 3159 1187 3182 ten
1198 3148 1237 3188 est
1250 3146 1388 3189 diospolis
1402 3171 1412 3185 ,
1439 3148 1473 3179 (ς’
1482 3147 1564 3177 lacus
1577 3149 1604 3175 ei
1608 3148 1743 3184 proximi
1758 3167 1767 3182 ,
1780 3144 2016 3184 &Leontopolis.

1137 3199 1264 3232 Ulterius
1276 3203 1308 3228 in
1322 3196 1479 3238 Bufirmca
1492 3193 1679 3234 Praef'ec‘lura
1691 3192 1730 3233 est
1750 3191 1864 3233 Busiris
1888 3199 1999 3226 civitas
2008 3218 2017 3232 ‚

1138 3251 1171 3282 (ν
1182 3246 1355 3290 Cynospolis.
1384 3245 1492 3278 Etiam
1505 3243 1635 3277 Plinius
1656 3242 1815 3276 secundus
1838 3243 2017 3276 Busiridem

1137 3298 1277 3332 collocat
1292 3297 1327 3329 in
1347 3294 1474 3340 August
1483 3294 1613 3328 amnica
1634 3292 1753 3327 Pelusii
1765 3294 1901 3337 regione
1918 3295 2018 3335 prope

1138 3346 1374 3390 Leontopolim
1385 3356 1421 3379 ac
1434 3344 1655 3388 Cynospolim
1666 3367 1675 3383 ,
1689 3342 1837 3386 adeoque
1847 3344 1946 3377 etiarn
1958 3341 2019 3375 ista

1138 3399 1245 3442 Regio
1259 3395 1374 3430 habuit
1391 3394 1610 3438 Metropolim
1630 3405 1668 3427 ac
1681 3393 1892 3427 Provinciam
1905 3392 2020 3426 Eccle-

1136 3448 1293 3481 fiasticam
1308 3470 1317 3486 ,
1343 3457 1412 3489 qum
1423 3458 1491 3480 non
1507 3445 1583 3479 esset
1594 3443 1709 3478 civilis.
1738 3444 1782 3477 Et
1807 3443 1926 3476 Busiris
1935 3442 2019 3475 vide-

1135 3508 1187 3533 tur
1199 3495 1293 3542 hujus
1300 3496 1516 3541 Tripolitana:
1527 3495 1709 3529 Provincia
1734 3493 1828 3528 fuisse
1849 3492 2020 3572 Metropo-

1984 3551 2020 3572 lS.
