2346 3776
635 77 943 136 Scironis,
980 95 1042 123 ετ
1077 94 1246 124 NOTIS
1281 0 1651 128 ηιυεῼιιτι.

240 160 456 198 ιοῐῃηεωζΐιώ
477 157 563 196 coelo
575 160 754 195 Ecclesiam
776 161 926 197 seducere
945 161 964 195 a
985 160 1118 197 Christo

242 213 288 246 ed
307 214 402 247 suu'm
421 211 590 254 judaicum
601 222 741 246 errorem
753 236 761 244 .
786 212 1119 255 ObPrincipemNe-

238 262 347 297 -storio
375 264 539 296 faventem
565 272 634 294 non
660 263 723 296 fuit
748 262 813 296 fine
839 271 929 296 metu
951 262 1120 306 Cyrillus,

238 313 387 353 -ideoque
399 312 465 345 sese
485 311 572 354 quasi
593 310 635 345 ad
648 311 844 356 martyrium
866 311 997 356 parabat
1013 337 1021 347 .

295 362 467 395 Nestorius
498 362 609 404 itaque
640 363 677 396 in
704 362 918 406 Episcopatus
946 362 997 396 sui
1029 374 1124 397 exor-

237 412 303 446 dio
325 422 405 444 mox
438 411 472 444 in
501 412 665 445 Dioecefin
692 412 873 446 Afiaticam
899 412 1020 456 legavit
1051 412 1121 447 An·

242 460 376 495 conium
397 462 430 495 ὅτ.
451 461 609 504 Iacobum
632 462 784 496 Ecclefiae
805 463 866 496 suae
889 461 1121 506 Presbymoe,

243 521 379 545 omnem
413 510 485 545 istic
518 512 858 559 Qiartodecimanum
893 511 935 546 ad
971 512 1122 546 Ecclefiae

242 561 344 595 fidem
367 561 401 595 &
421 563 693 596 communionem
712 564 897 596 coat‘iuros.
924 562 1033 596 Dedit
1058 561 1123 596 illis

243 611 280 645 <Sc
310 611 389 645 fidei
424 612 654 655 profeffionem
685 612 883 657 exigendam
912 612 931 646 a
960 612 1120 646 redeunti-

244 661 305 695 bus
325 685 336 702 ,
362 672 568 705 nequaquam
591 662 682 696 illam
703 685 715 702 ,
751 674 849 706 quam
875 662 1123 696 Novatianensi-

238 710 306 746 -bus
330 712 508 755 praescripfit
530 711 686 746 Nicaenus
708 711 829 747 Canon
843 735 854 751 ,
879 723 950 745 non
972 713 1051 746 item
1062 712 1124 745 Ni-

241 773 369 795 caenum
389 771 446 795 aut
469 761 879 805 Constantinopolitanum
904 761 1122 804 Symbolum,

242 811 300 845 sed
321 811 411 846 aliud
431 822 556 845 novum
572 835 584 852 ‚
608 812 629 845 ὲ
647 811 712 848 suis
724 811 923 854 Presbyteris
945 810 1071 848 Photio
1090 812 1124 845 δε

206 891 208 893 .
244 861 440 901 Anastasio,
465 861 568 895 totius
589 860 685 905 hujus
705 861 783 896 mali
805 863 936 896 auctore
955 885 967 901 ‚
991 872 1125 905 compo-

240 912 361 950 situm,
388 910 424 944 iii
436 921 504 952 quo
515 922 617 945 omne
640 912 735 945 suum
748 912 834 945 virus
853 911 1022 955 expreffit,
1049 923 1128 944 una-

243 972 310 1002 que
330 969 546 998 memoratam
569 961 711 1003 superius
735 960 969 1005 blasphemiam
1000 962 1036 994 in
1058 962 1126 1004 Spi-

244 1011 345 1046 ritum
366 1010 533 1050 sanetum,
558 1009 647 1054 quod
670 1023 788 1055 nempe
808 1023 877 1047 non
899 1012 918 1044 a
931 1011 1019 1045 Filio
1032 1035 1043 1050 ‚
1069 1022 1124 1044 aut

245 1072 302 1104 per
322 1060 447 1095 Filium
466 1058 640 1103 procedat,
666 1061 753 1102 seda
773 1062 843 1095 solo
871 1061 968 1095 Patre
981 1086 988 1092 .
1015 1059 1123 1103 ipsum

245 1122 316 1145 non
334 1111 411 1145 solis
432 1109 642 1145 redeuntibus
665 1109 825 1146 haereticis
847 1121 945 1153 atque
975 1110 1126 1145 schisma—

244 1161 321 1195 ticis
338 1186 348 1202 ,
389 1159 443 1196 sed
464 1161 497 1199 ὃς
522 1160 702 1206 gentilibus
724 1161 766 1195 ad
789 1161 891 1196 fidem
916 1161 1125 1195 venientibus

244 1210 332 1245 tradi
352 1210 439 1254 juffit
459 1219 576 1245 contra
595 1211 749 1246 omnium
771 1211 831 1246 sub
852 1211 938 1246 coelo
969 1211 1125 1245 Ecclesia-

243 1272 320 1295 rum
336 1272 464 1296 morem
475 1261 509 1295 δε
529 1260 636 1306 legem
650 1286 662 1302 ‚
686 1273 759 1305 quae
779 1261 1037 1296 Catechumenis
1049 1262 1125 1295 sem·

244 1321 303 1355 per
323 1311 484 1346 tradidere
520 1310 753 1354 Apostolicum
776 1335 789 1352 ,
824 1311 1001 1349 Nicaenum
1022 1335 1034 1351 ‚
1071 1321 1125 1345 aut

243 1360 656 1405 constantinopolitanum
668 1385 680 1401 ,
706 1371 802 1405 atque
813 1362 858 1395 ita
878 1360 984 1396 &hos
1004 1361 1126 1396 &illos

242 1411 326 1445 fecit
345 1422 415 1446 non
437 1423 531 1446 veros
554 1410 762 1447 Christianos
783 1435 795 1452 ‚
820 1411 874 1445 sed
896 1410 1127 1454 Semi-Judaeos

243 1459 463 1496 Nestorianos
486 1486 493 1493 .
521 1462 601 1496 Haec
629 1460 797 1502 Ephefinae
816 1461 954 1502 Synodo
982 1461 1070 1494 datis
1090 1461 1129 1493 li-

244 1510 342 1544 bellis
372 1511 502 1554 questus
525 1511 572 1543 est
599 1533 611 1548 ,
647 1511 684 1542 &
714 1508 876 1542 medelam
911 1509 1128 1552 expostulavit

244 1558 411 1593 Charisius
434 1584 445 1600 ,
470 1558 618 1593 Ecclesia
642 1556 937 1600 philadelphiensis
958 1559 994 1591 in
1018 1559 1126 1601 Lydia

243 1607 418 1651 Presbyter
443 1618 766 1653 atqueoeconomus,
794 1606 1004 1650 obtinuitque
1018 1608 1128 1644 Cano-

241 1669 322 1693 nem
339 1659 525 1700 praesentem
537 1683 544 1690 .

292 1707 363 1742 Hic
389 1707 437 1741 est
467 1708 525 1742 ille
552 1707 775 1744 famofiffimus
800 1709 921 1744 Canon
949 1734 960 1750 ,
996 1711 1033 1745 in
1060 1722 1126 1755 quo

241 1757 349 1792 Graeci
371 1756 474 1792 hodie
494 1756 692 1794 schismatici
702 1761 832 1794 causam
855 1761 945 1794 suam
969 1762 1124 1804 principa-

237 1808 318 1842 liter
339 1807 498 1849 sundant,
525 1809 776 1853 &nequaquam
787 1811 873 1849 sese,
899 1810 951 1844 sed
964 1822 1025 1845 nos
1039 1810 1129 1846 Lati-

236 1869 306 1891 nos
330 1857 445 1892 dicunt
455 1859 518 1893 effe
541 1858 784 1902 schismaticos,
812 1859 993 1894 Canonum
1017 1871 1129 1904 praeva-

243 1909 399 1942 ricatores
409 1933 421 1949 ‚
445 1907 736 1945 anathematizatos
748 1933 759 1950 ‚
778 1921 919 1954 quorum
933 1910 1126 1944 communio

241 1958 438 2002 contagiosa
461 1959 498 1993 fit
520 1955 555 1992 in
583 1970 740 1999 omnem,
766 1959 823 2004 qui
836 1961 899 1994 sese
922 1960 964 1994 ab
989 1960 1130 2004 ejusmo-

240 2007 278 2042 di
311 2006 506 2043 hominibus
529 2033 540 2049 ,
565 2019 745 2051 eorumque
779 2008 933 2044 altaribus
953 2010 987 2044 ὅ(
1022 2011 1127 2044 Sacra-

241 2059 366 2093 mentis
387 2070 456 2092 non
480 2055 653 2102 separafit.
678 2058 787 2102 Ajunt
810 2071 871 2093 nos
892 2069 1007 2094 contra
1034 2058 1130 2102 hujus

240 2108 395 2142 Canonis
428 2109 646 2152 praescriptum
670 2108 830 2144 addidisse
869 2109 1010 2144 Nicaeno
1037 2111 1131 2152 Sym·

240 2156 324 2192 bolo
348 2170 490 2199 vocem,
517 2161 677 2201 Filioque,
699 2171 737 2193 ac
750 2158 888 2202 proinde
910 2171 987 2194 cum
1008 2159 1128 2193 Roma-

239 2218 289 2241 no
312 2208 425 2242 nostro
447 2208 536 2252 Papa
566 2209 600 2243 &
620 2209 778 2243 omnibus
805 2209 977 2253 Episcopis
999 2210 1063 2244 effe
1088 2209 1129 2243 ab

239 2257 360 2292 eodem
386 2258 529 2293 Canone
550 2258 724 2294 damnatos
739 2284 748 2292 .
772 2259 842 2293 Hic
862 2260 983 2302 quippe
1007 2260 1126 2293 Canon

239 2306 284 2341 ab
316 2307 378 2342 illo
407 2308 585 2344 Sardicenfi
609 2332 620 2349 ,
646 2320 745 2353 quem
779 2309 815 2342 in
855 2308 1068 2352 synodalibus
1087 2309 1128 2343 ad

239 2355 423 2392 Ecclefiam
449 2357 700 2393 Antiochenam
737 2358 855 2392 litteris
875 2360 973 2393 refert
993 2361 1129 2395 Sanetus

239 2406 440 2441 Athanasius
449 2432 459 2448 ‚
471 2408 579 2441 differt
592 2406 692 2451 longe
704 2408 881 2450 plurimum
896 2421 902 2440 :
931 2409 992 2443 lile
1004 2421 1127 2443 novum

240 2455 416 2490 dumtaxat
427 2457 529 2491 condi
551 2456 749 2500 Symbolum
761 2458 796 2492 dc
806 2458 908 2492 deseri
926 2458 1102 2493 Nicaenum
1115 2483 1127 2500 ,

240 2505 298 2539 hic
312 2506 347 2538 N
351 2507 452 2540 icaeno
461 2506 641 2550 quidquam
649 2507 726 2542 addi
738 2517 794 2543 aut
802 2507 890 2542 demi
903 2519 991 2544 vetat
1003 2532 1015 2549 ,
1027 2509 1125 2545 etiarn

242 2556 378 2590 unicam
389 2556 599 2591 solummodo
616 2569 732 2592 vocem
744 2584 751 2590 .

293 2606 342 2640 lta
381 2606 476 2640 illum
509 2607 676 2641 intellexit
698 2608 840 2651 Joannes
857 2608 1042 2644 Patriarcha
1057 2608 1125 2644 An-

229 2654 420 2691 -tioclienus
442 2658 476 2690 in
499 2656 616 2691 litteris
637 2658 850 2701 synodalibus
871 2684 882 2699 ,
908 2671 964 2703 per
985 2659 1123 2694 Paulum

242 2705 445 2749 Episcopum
457 2707 649 2741 Emisenum
661 2708 785 2748 miffis,
811 2708 929 2753 quibus
949 2721 1026 2743 curn
1047 2711 1125 2744 San-

222 2757 294 2803 ,ἂο
315 2756 447 2799 Cyrillo
469 2769 507 2791 ac
528 2757 595 2799 ejus
617 2758 756 2801 Synodo
782 2759 880 2793 inivit
893 2771 1023 2803 pacem.
1050 2760 1123 2793 Ple-

243 2817 321 2839 nam
345 2805 386 2839 de
418 2807 558 2840 Domini
580 2808 808 2842 incarnatione
840 2809 940 2843 fidem
959 2834 973 2850 ‚
1010 2809 1124 2852 ipsam-

239 2866 307 2898 que
330 2867 448 2890 vocem
461 2881 471 2897 ‚
500 2859 635 2899 Deipara
651 2881 661 2897 ,
689 2859 857 2901 profitetur
871 2882 883 2898 ‚
908 2869 1051 2892 attamen
1066 2870 1123 2892 non

63 2892 220 2961 ἒῖὴῗέἓῦ
242 2906 446 2939 additamenti
471 2908 549 2946 loco,
571 2905 630 2949 sed
648 2907 878 2949 confirmationis
900 2907 1018 2951 specie,
1044 2908 1120 2942 fidei

60 2941 144 3008 3Ξο,
194 2952 200 2960 ’
242 2955 387 2989 Nicaenae
416 2955 501 2990 nihil
521 2956 679 2999 adjiciens
703 2981 714 2996 ,
740 2956 829 3000 quod
859 2958 916 2991 illa
937 2959 982 2991 ad
1010 2970 1122 2992 omnem

238 3012 366 3047 pietatis
390 3013 582 3050 cognitionem
609 3030 619 3046 ‚
644 3005 792 3049 omnisque
827 3006 977 3041 haereticae
1009 3016 1120 3050 pravae

241 3055 385 3089 doHrinae
418 3055 610 3098 depulsionem
630 3057 747 3090 abunde
777 3055 829 3100 sat
850 3059 901 3101 effe
933 3058 972 3091 fit
993 3058 1034 3092 ab
1057 3057 1120 3091 hoc

62 3121 183 3164 ὤμῳ
243 3104 385 3140 Canone
405 3106 584 3140 declarata.
612 3106 656 3140 Et
667 3107 788 3149 Joanni
813 3118 867 3150 per
877 3107 1017 3141 eundem
1039 3107 1122 3141 Pau·

242 3155 315 3189 lum
327 3156 500 3199 respondet
524 3157 660 3190 Sanc'tus
681 3155 846 3199 Cyrillus:
874 3158 967 3190 Nullo
977 3159 1120 3199 medopa-

242 3210 335 3239 u‘mur
357 3229 368 3245 ,
392 3215 425 3240 ut
446 3206 486 3240 ab
506 3207 607 3249 aliquo
621 3206 709 3248 fides-i
723 3208 777 3240 illa
796 3231 807 3247 ,
826 3205 891 3248 five
907 3207 980 3248 fidei
1011 3208 1122 3246 Symbo-

242 3254 303 3288 lum
323 3262 505 3290 concutiatur
525 3281 539 3297 ,
565 3258 646 3299 quod
663 3258 684 3289 ἃ
702 3255 818 3298 sanchs
842 3258 992 3299 quondam
1019 3260 1118 3290 Patri-

240 3303 297 3336 bus
319 3309 459 3342 Nicaenis
481 3309 596 3341 editum
615 3306 672 3348 est.
700 3311 810 3348 Neque
830 3313 909 3341 enim
930 3317 984 3340 aut
1007 3307 1089 3340 nobis
1108 3332 1117 3347 ,

240 3361 296 3386 aut
318 3355 371 3386 ulli
392 3361 507 3390 omnin&
528 3359 614 3391 alteri
641 3358 694 3390 vel
715 3368 807 3390 unam
830 3358 963 3389 voculam
986 3357 1028 3389 ihi
1048 3356 1117 3398 post-

239 3412 305 3435 tam
332 3408 488 3440 immutare
501 3432 511 3447 ,
537 3417 590 3440 aut
601 3419 693 3440 unam
704 3413 795 3440 etiam
809 3405 1117 3449 sillabampraeterire

235 3458 441 3496 permittimus
454 3478 461 3488 .
488 3457 634 3500 Cyrillus
659 3456 905 3491 Alexandrinus
924 3457 956 3491 ὅ(
975 3456 1116 3499 Joannes

339 3506 477 3539 canones
489 3505 687 3550 Com-‚Ephef
699 3511 804 3540 Tomi.

1883 99 1975 144 395

1181 160 1366 197 patriarcha
1379 162 1611 199 Antiochenus
1621 166 1657 200 iri
1668 166 1827 211 Ephefina
1837 169 1975 213 Synodo
1985 181 2055 216 gra·

1184 213 1265 247 viter
1285 212 1517 257 diffenserant,
1539 215 1710 249 &dudum
1733 217 1890 253 hicillum
1899 221 1940 254 de
1952 220 2056 264 Apol-

1183 262 1324 304 linarii,
1361 264 1417 298 ille
1438 263 1529 298 hunc
1556 265 1601 298 de
1623 265 1770 300 Nestorii
1796 269 1879 311 lepra
1910 270 2058 304 diffama-

1183 322 1231 349 rat
1249 337 1262 354 ,
1298 313 1496 357 tandemque
1525 314 1559 347 a·
1576 314 1771 350 Theodosio
1803 317 1955 362 Augusto
1983 319 2055 362 juffi

1184 363 1258 396 sunt
1278 362 1314 396 in
1335 364 1472 408 gratiam
1494 364 1615 399 redire.
1641 365 1735 400 Hinc
1755 366 1835 400 alter
1854 368 1945 401 alteri
1965 370 2056 403 suam

1184 411 1225 446 de
1251 412 1431 448 Dominica
1464 414 1692 450 incarnatione
1729 416 1975 460 iidemu-largitis
2004 430 2059 452 ex·

1185 462 1294 505 posuit
1307 486 1318 503 ,
1344 462 1480 498 adversis
1499 465 1662 499 erroribus
1682 465 1854 509 abjuratis.
1883 465 2001 510 Nque
2024 466 2059 500 id

1183 522 1251 547 erat
1272 522 1387 547 contra
1412 513 1588 550 Canonem
1608 517 1814 558 praesentem,
1840 516 1982 562 quitipfi
2009 516 2061 549 so·-

1186 562 1255 596 lum
1284 562 1446 605 Symbolo
1467 564 1547 607 quid
1581 565 1677 600 inseri
1704 577 1762 600 aut
1795 565 1920 601 detrahi
1951 575 2060 600 vetat:

1188 612 1288 646 Extra
1309 612 1391 647 illud
1413 614 1432 648 ὲ
1451 614 1601 656 suspectis
1619 614 1791 652 catholicis
1811 641 1823 657 ‚
1849 614 2062 650 redeuntibus

1186 660 1363 703 haereticis,
1390 664 1487 697 novis
1507 664 1701 708 Episcopis,
1725 666 1860 709 aliisque
1880 666 1914 699 id
1934 677 2061 710 genus,

1186 712 1353 754 specialem
1376 713 1452 747 fidei
1474 714 1703 756 profeffionem
1722 715 1757 749 ὅ(
1776 716 1977 758 profeffionis
1989 726 2061 759 pra-

1187 762 1337 805 scriptam
1347 763 1524 796 formulam
1535 764 1668 808 exigere
1678 766 1801 808 semper
1811 765 1845 798 in
1869 765 2010 799 Ecclesia
2023 765 2064 799 li-

1186 811 1253 845 cuit
1280 836 1291 851 ‚
1319 813 1505 856 semperque
1529 812 1665 854 licebit,
1691 815 1741 849 uti
1768 814 1902 848 tradunt
1928 815 2062 849 Sanstus

1187 860 1334 903 Cyrillus
1346 863 1382 895 in
1395 863 1514 896 litteris
1523 863 1562 897 ad
1577 863 1738 898 Acacium
1756 863 1919 898 Melitinae
1929 865 2064 907 Episco-

1188 922 1277 953 pum,
1290 922 1506 956 perpetuaque
1516 914 1667 947 Ecclesia:
1677 915 1797 956 praxis,
1808 915 1842 948 δε
1854 915 1889 948 in
1900 914 1928 947 F
1929 914 2065 948 lorenti-

1188 972 1229 994 na
1249 961 1433 1004 Synodo&
1452 962 1605 997 Graeci&
1627 963 1738 998 Latini
1762 965 1837 998 sunt
1863 964 2065 999 unanimiter

1189 1011 1314 1053 profeffi
1327 1036 1335 1046 ,
1363 1011 1595 1046 Nihilominus
1605 1013 1638 1049 ἃ
1649 1016 1682 1047 in
1698 1014 1907 1057 Cyrillum&
1918 1014 1952 1047 in
1966 1014 2064 1057 Joan-

1190 1071 1266 1095 nem
1275 1071 1350 1095 nata
1372 1061 1416 1095 est
1430 1062 1622 1099 aemulorum
1648 1064 1812 1098 calumnia
1826 1088 1837 1104 ‚
1861 1063 1950 1107 quod
1976 1064 2066 1107 pacis

1190 1111 1266 1144 fuco
1279 1110 1456 1153 palmarem
1478 1111 1677 1155 Ephefinum
1690 1114 1865 1148 Canonem
1889 1114 1945 1157 ipsi
1958 1114 2066 1147 austo-

1188 1170 1237 1194 res
1259 1171 1329 1194 non
1349 1160 1479 1195 tantum
1490 1162 1685 1205 praevaricati
1706 1163 1806 1197 essent
1820 1187 1831 1203 ‚
1855 1162 1908 1197 sed
1930 1163 2067 1199 &exuf-

1189 1209 1314 1244 flaffent
1325 1235 1333 1243 .
1352 1210 1455 1245 Hisce
1464 1211 1737 1246 convitiatoribus
1759 1212 1860 1248 ambo
1870 1218 2066 1253 occurrunt,

1189 1259 1395 1295 ostendentes
1417 1261 1435 1294 a
1449 1262 1597 1306 seneque
1617 1262 1791 1297 conditum
1813 1272 1869 1296 aut
1891 1262 2066 1297 admissum

1191 1321 1315 1344 novum
1327 1310 1524 1354 Symbolum
1537 1335 1548 1351 ,
1575 1323 1682 1356 neque
1695 1313 1795 1347 veteri
1818 1312 1959 1346 Nicaeno
1972 1313 2068 1346 inser-

1189 1371 1259 1394 tum
1281 1360 1385 1393 ullum
1397 1361 1657 1396 additamentum
1679 1375 1693 1404 ;
1720 1362 1775 1396 sed
1798 1363 1922 1396 editam
1943 1362 2069 1397 dumta-

1191 1420 1245 1444 xat
1259 1411 1505 1446 satisfastoriam
1516 1422 1613 1455 atque
1624 1413 1888 1456 expurgatoriam
1900 1412 1977 1446 fidei
2000 1423 2071 1455 pro·

1192 1461 1358 1496 feffionem
1372 1487 1383 1502 ,
1408 1474 1472 1505 qua
1492 1463 1557 1496 toti
1577 1461 1704 1495 mundo
1726 1461 1985 1495 demonstrarent
2006 1461 2072 1494 sese

1191 1502 1232 1544 ab
1241 1511 1335 1544 omni
1345 1510 1410 1544 huc
1421 1514 1522 1553 usque
1533 1521 1689 1555 gravante
1698 1511 1880 1553 suspicione
1893 1510 2068 1543 immunes.

1195 1560 1438 1604 Elegantissime
1458 1562 1492 1595 ἀ
1505 1559 1678 1604 largiffime
1687 1559 1720 1593 id
1746 1560 1949 1602 prosequitur
1967 1560 2075 1602 Cyril-

1192 1609 1242 1642 lus
1262 1610 1297 1642 in
1322 1610 1452 1642 laudata
1473 1611 1508 1643 ὅτ.
1533 1609 1676 1643 omnino
1701 1608 1836 1644 videnda
1860 1609 2009 1654 Epistola
2030 1609 2072 1646 ad
2089 1602 2161 1642 cap·
2177 1605 2245 1637 Ἠ·-

1193 1658 1354 1693 Acacium
1366 1659 1611 1695 Militinensem
1623 1685 1630 1692 .

1241 1708 1336 1742 Hinc
1360 1719 1448 1752 patet
1472 1734 1483 1750 ,
1508 1710 1588 1754 quid
1613 1710 1671 1745 fibi
1699 1711 1778 1746 velit
1801 1711 2070 1748 Archimandrita

1193 1768 1290 1801 atque
1312 1759 1526 1795 Hereliarcha
1554 1759 1724 1804 Eutyches
1750 1785 1761 1801 ,
1787 1761 1952 1806 Ephefino
1975 1763 2071 1797 latro-

1194 1809 1284 1842 cinio
1317 1820 1454 1852 querens
1478 1809 1520 1844 de
1554 1811 1671 1845 Sansto
1707 1812 1865 1847 Flaviano
1905 1813 2072 1857 Episcopo

1196 1859 1252 1893 suo
1291 1858 1666 1903 Constantinopolitano
1698 1885 1710 1901 ,
1746 1861 1879 1906 ejusque
1909 1863 2071 1906 Synod0‚

1194 1920 1263 1952 quae
1289 1909 1396 1951 ipsum
1420 1909 1461 1943 de
1481 1908 1586 1944 haerefi
1612 1910 1800 1945 damnarat:
1827 1915 1874 1945 Et
1894 1914 1960 1946 ciem
1973 1913 2071 1956 Juffus
2128 1914 2243 1945 concil.

1192 1958 1274 2001 effem
1288 1966 1343 1999 per
1374 1958 1515 2002 meipficm
1549 1960 1741 2002 confessionem
1766 1962 1841 2004 fidei
1876 1964 1972 1996 dicere
1988 1987 1998 2002 ‚
2037 1965 2071 1997 (vt
2088 1953 2230 1986 Ch2102d·

1194 2008 1328 2051 dixissem
1348 2006 1455 2051 sapere
1459 2009 1533 2050 ficut
1543 2017 1664 2044 trecenti
1686 2013 1785 2045 decem
1809 2014 1844 2046 Θ
1865 2012 1925 2045 οθο
1935 2016 2046 2047 Patres
2059 2038 2071 2053 ‚
2090 1993 2154 2029 Ast·
2177 2005 2204 2025 ²⁸

1193 2063 1245 2100 qui
1267 2062 1376 2091 Nicaea
1389 2057 1560 2101 sanxerunt
1584 2084 1594 2100 ,
1620 2063 1654 2095 (Ψ
1675 2073 1744 2103 quae
1766 2067 1798 2094 in
1822 2061 1941 2105 Epheso
1957 2061 2067 2105 sanela

1191 2108 1320 2146 synodus
1341 2108 1548 2150 confirmavit,
1575 2110 1714 2153 exigebat
1725 2110 1901 2145 Flavianus
1912 2124 1956 2145 me
1969 2114 2071 2155 aliqua

1192 2159 1255 2191 alia
1274 2182 1286 2198 ,
1316 2166 1433 2200 praeter
1453 2170 1523 2201 quae
1553 2159 1684 2202 expofita
1704 2159 1779 2203 sunt
1805 2185 1816 2200 ,
1851 2167 1884 2194 in
1907 2166 2015 2196 Nicaea
2037 2164 2072 2197 (9·

1192 2206 1309 2250 Epheso
1327 2209 1415 2249 prias
1430 2232 1441 2250 ,
1467 2210 1562 2243 dicere
1576 2223 1587 2242 :
1614 2213 1680 2253 Ego
1704 2213 1776 2243 ver&
1785 2216 1895 2244 timens
1916 2219 2072 2254 pravari-

1189 2263 1252 2290 cari
1257 2259 1410 2299 prolatam
1422 2257 1620 2300 definitionem
1631 2258 1766 2302 &sancia
1783 2261 1891 2299 synodo
1901 2285 1912 2301 ‚
1939 2273 2007 2304 quae
2018 2261 2067 2295 bic
2082 2300 2086 2303 ¹

1192 2311 1249 2340 Dei
1260 2309 1415 2341 voluntate
1430 2310 1518 2349 prii'cs
1528 2319 1702 2353 congregata
1726 2309 1764 2350 est
1779 2336 1787 2348 ,
1813 2312 1894 2344 &ea
1906 2336 1916 2352 ‚
1942 2324 2011 2354 quae
2022 2315 2071 2346 de-

1187 2357 1279 2400 finita
1309 2366 1396 2391 erant
1418 2359 1456 2390 de
1484 2359 1547 2401 fide
1567 2361 1588 2391 ci
1606 2357 1723 2401 sane‘t'is
1759 2360 1904 2394 Patribus
1927 2385 1937 2401 ‚
1962 2368 2015 2405 qui
2035 2368 2069 2396 in

1192 2412 1302 2441 Nicaea
1326 2418 1526 2441 convenerant
1548 2433 1558 2448 ‚
1585 2409 1725 2453 rogabam
1758 2409 1934 2454 innotescere
1961 2410 2069 2455 sande

1193 2456 1288 2498 vestro
1313 2459 1459 2491 Concilio.
1488 2457 1667 2501 Eutycheti
1692 2459 1813 2494 affidue
1835 2460 2070 2496 debuccinanti

1192 2507 1365 2541 Nicaenum
1401 2507 1600 2550 Symbolum
1624 2532 1635 2549 ,
1660 2509 1695 2543 &
1726 2510 1813 2543 virus
1847 2511 1940 2544 suum
1963 2511 2070 2545 verbis

1190 2557 1454 2601 ejuscoaptanti,
1481 2558 1651 2601 specialem
1675 2559 1920 2602 professionis&
1945 2560 2069 2602 abjura-

1190 2608 1292 2641 tionis
1316 2607 1490 2641 formulam
1514 2608 1695 2651 praescripsit
1717 2609 1916 2649 Flavianus,
1941 2620 1974 2643 at
1999 2620 2067 2643 ver·

1192 2659 1278 2691 sutus
1291 2655 1493 2690 haerefiarcha
1508 2658 1695 2699 provocavit
1706 2657 1746 2691 ad
1760 2657 1848 2692 hunc
1866 2659 2040 2693 Canonem
2054 2683 2065 2698 ,

1190 2708 1398 2750 sanctumque
1422 2707 1616 2741 Flavianum
1637 2708 1766 2742 accusat
1778 2707 1819 2741 de
1839 2706 1906 2752 ejus
1923 2710 2066 2753 praevari·

1186 2767 1320 2791 catione
1335 2781 1342 2788 .
1728 2774 1730 2777 ·

1234 2807 1328 2840 Hinc
1348 2807 1382 2840 &
1395 2807 1574 2842 Dioscorus
1596 2806 1782 2843 Patriarcha
1795 2808 2064 2850 Alexandrinus,

1186 2855 1389 2891 haerefiarchae
1408 2858 1515 2891 fautor
1531 2882 1543 2898 ,
1567 2858 1601 2891 &
1623 2858 1786 2892 latrocinii
1811 2858 1926 2892 Praeses
1949 2883 1960 2899 ,
1986 2870 2066 2893 eun-

1185 2907 1442 2941 demCanonem
1466 2908 1661 2948 innovavit,
1689 2907 1908 2951 Eutychetem
1932 2908 2065 2943 damna·

1183 2967 1253 2990 tum
1275 2955 1436 2997 absolvit,
1463 2957 1656 2991 Flavianum
1677 2969 1785 2992 autem
1806 2968 1963 3001 tanquam
2001 2959 2063 2994 Ca-

1186 3007 1281 3039 nonis
1308 3007 1585 3049 praevaricatorem
1617 3007 1787 3042 damnavit
1815 3033 1821 3040 .
1860 3007 2061 3043 Innovando

1185 3055 1317 3090 Canoni
1339 3055 1530 3090 Thalaffius
1552 3057 1804 3091 Caesaraeensium
1833 3058 1866 3091 in
1889 3058 2061 3102 Cappado-

1184 3106 1230 3138 cia
1242 3105 1368 3140 Primas
1383 3107 1430 3140 ita
1449 3106 1494 3140 est
1509 3107 1720 3151 suffragatus:
1747 3110 1859 3142 Tenere
1870 3111 1987 3141 omnino
2011 3120 2061 3141 ne·
2115 3101 2230 3131 Concil.

1182 3156 1331 3199 ceffari'um
1351 3155 1388 3194 est
1400 3155 1462 3198 fine
1483 3157 1581 3199 aliquo
1601 3158 1808 3191 additamento
1828 3168 1883 3191 aut
1902 3159 2059 3191 detrimen·
2077 3139 2216 3210 {gille-ed·

1183 3215 1211 3238 to
1233 3206 1403 3239 Nicaenam
1428 3206 1525 3239 fidem
1551 3230 1561 3244 ,
1591 3206 1689 3247 idque
1710 3206 1755 3240 ob
1776 3208 1922 3240 nostrum
1951 3208 2061 3240 Cano-

1184 3266 1258 3288 nem
1269 3269 1279 3289 :
1308 3257 1394 3298 ‚Quia
1404 3254 1605 3297 haecfimiliter
1616 3268 1713 3290 nocere
1725 3255 1823 3300 solent
1834 3259 1953 3299 Regulae
1962 3262 2058 3297 pieta-

1183 3312 1221 3337 tis
1245 3331 1251 3337 .
1279 3306 1324 3339 Et
1350 3305 1498 3347 Julianus
1517 3305 1656 3340 Coenfis
1685 3307 1864 3349 Episcopus
1887 3318 1924 3338 ac
1950 3305 2056 3339 Sancti

1182 3355 1305 3388 Leonis
1329 3354 1423 3397 Papae
1443 3355 1619 3389 vicarius.-
1645 3360 1717 3389 Haec
1739 3365 1819 3389 tenet
1835 3354 1991 3395 Apostoltca
2011 3352 2059 3389 ,ἰε-

1181 3406 1250 3437 des.
1282 3406 1330 3438 At
1353 3405 1430 3439 vero
1451 3406 1559 3439 Sancti
1574 3405 1722 3439 Flaviani
1744 3405 1951 3438 damnationi
1964 3405 2060 3440 Hila-

1182 3466 1232 3489 rus
1256 3454 1417 3489 Romana:
1429 3455 1575 3489 Ecclesiae
1586 3455 1757 3489 Diaconus
1774 3453 1961 3499 &Legatus
1981 3465 2059 3490 con—

1520 3504 1648 3539 Ddd
1699 3513 1722 3537 2
1923 3503 2010 3539 stan·
