2346 3776
396 107 498 158 236

775 98 1077 152 CANONES
1110 96 1414 152 CONG1L11
1443 91 1705 150 'Nicffim-

836 227 888 286 C
958 226 1013 286 A
1083 227 1142 286 N
1211 229 1267 283 O
1337 230 1394 289 N

1504 227 1674 288 11.2

585 513 724 560 mines
757 527 810 561 ex
844 512 997 575 gentili
1032 513 1127 565 vita
1162 529 1297 579 nuper
1331 512 1583 566 accedentes
1617 511 1673 568 ad
1708 512 1837 563 fidem
1871 552 1884 579 ,
1919 519 1963 568 &
1996 516 2148 568 instru-

553 372 744 422 Uoniam
781 369 905 438 plura
940 385 1016 420 aut
1050 388 1128 439 per
1162 370 1451 425 necessitatem
1474 382 1503 434 ,’
1523 389 1598 425 aut
1634 369 1743 430 alias
1777 372 2034 437 cogentibus
2068 375 2150 426 ho-a'

313 373 550 645 Q
586 440 800 504 minibus,
837 440 1040 495 adversus,
1076 440 1417 496 Ecclefiasticam
1452 443 1565 494 facia
1599 443 1695 498 sunt
1730 445 1920 507 regulam
1935 482 1950 507 ,
1984 461 2033 497 ut
2068 446 2148 496 hm

583 586 673 633 istos
697 581 820 636 brevi
857 598 1051 653 tempore
1067 619 1080 642 ,
1116 599 1218 631 mox
1242 581 1298 635 ad
1333 584 1552 639 lavacrum
1587 585 1805 655 spirituale
1820 650 1823 653 Ι
1839 585 2121 657 perducerent
2134 624 2148 649 ,

572 651 782 720 simulque
817 668 866 706 ut
904 653 1122 720 baptizati
1158 650 1254 702 sunt
1277 690 1291 719 ,
1326 653 1384 707 ad
1419 654 1727 726 Episcopatum
1762 656 1834 707 vel
1870 654 1940 707 ad·
1959 657 2146 726 Presby-

316 725 473 791 terium
498 739 831 795 promoverent3
867 721 1036 795 optime
1071 723 1238 793 placuit
1247 759 1264 783 .‚
1300 725 1411 777 nihil
1448 727 1535 778 tale
1566 727 1625 780 de
1660 727 1832 793 reliquo
1849 725 1957 778 „fieri
1976 763 1989 777 .
2022 731 2145 778 Nam

313 799 358 844 &
393 794 589 862 tempore
624 812 733 866 opus
769 793 830 846 est
864 796 905 843 ei
940 829 954 857 2
1002 792 1088 860 quis
1116 793 1412 848 catechizatur
1438 833 1452 861 ,
1491 801 1542 851 ἃ,
1588 798 1685 866 post
1731 795 1998 869 Baptismum
2046 815 2146 867 pro-

312 864 498 915 batione
529 863 664 930 quam
699 864 885 932 plurima
908 900 921 916 2
971 863 1203 917 Manifesta
1238 865 1299 917 est
1332 869 1448 918 enim
1482 869 1735 935 Apostolica
1771 870 2012 935 Scriptura,
2048 885 2147 934 quae

313 933 457 982 dicit:
496 937 603 983 Non
641 933 932 1002 Neophytum
958 971 971 996 ‚
1007 952 1062 987 ne
1098 937 1146 987 in
1180 933 1429 1003 superbiam.
1455 939 1594 990 elatus
1630 942 1677 990 in
1708 937 1917 1005 judicium
1953 936 2145 999 incidat,

312 1007 356 1053 &
392 1006 438 1051 in
471 1004 677 1070 laqueum
713 1002 877 1058 diaboli
915 1041 927 1058 ε

977 1007 1019 1057 Si
1053 1004 1159 1060 vero
1195 1005 1385 1076 processu
1436 1011 1644 1076 temporis
1679 1007 1861 1079 aliquod
1895 1007 2145 1059 deffiniri-⁴

311 1075 465 1126 anirnae
499 1076 616 1127 circa
639 1074 863 1148 personam
890 1078 1126 1143 reperiatur
1151 1075 1415 1144 hujusmodi,
1450 1081 1494 1129 δι
1529 1073 1770 1140 a'duobus²
1806 1080 1877 1131 vel
1916 1078 2054 1129 tribus
2079 1094 2145 1128 te-

310 1143 443 1197 stibus
467 1161 669 1208 arguatur
678 1167 694 1208 5
730 1143 756 1198 a
781 1146 898 1197 clero
923 1147 1023 1199 talis
1058 1146 1269 1199 abstineat
1291 1185 1302 1195 .
1351 1150 1393 1200 Si
1428 1149 1528 1215 quis.
1552 1164 1697 1200 autem
1734 1149 1886 1216 praviter
1910 1148 2000 1198 haec
2029 1148 2144 1210 fecef

311 1217 370 1267 rit
406 1250 419 1273 ,
455 1215 576 1281 quafi
613 1231 769 1269 contra.-
819 1233 1024 1283 magnum
1061 1217 1310 1271 Concilium
1347 1216 1388 1271 se
1422 1216 1598 1271 efferens
1632 1255 1645 1280 ‚
1695 1216 1783 1290 ipse
1816 1217 1872 1270 de
1917 1218 2147 1270 clericatus

311 1284 475 1338 honore
507 1285 827 1358 periclitabitur
837 1323 850 1340 .

546 1434 974 1485 SCHOLION.

404 1529 472 1566 Res
497 1530 573 1564 sunt
600 1530 858 1577 Neophytorum
884 1532 1005 1576 species
1027 1556 1038 1574 ,
1071 1533 1200 1570 diverfis

430 1580 635 1626 temporibus
646 1581 682 1617 in
696 1582 836 1617 Ecclesia
848 1593 946 1617 natae:
975 1582 1149 1627 Neophyti
1159 1596 1200 1621 ex

312 1630 400 1671 fide,
426 1629 600 1676 Neophyti
625 1643 667 1665 ex
679 1631 793 1672 laicis,
820 1631 996 1677 Neophyti
1021 1645 1062 1667 ex
1085 1643 1197 1667 aetate:

313 1691 412 1724 quam
432 1679 628 1723 postremam
640 1682 780 1725 speciem
800 1682 936 1716 Sanctus
947 1682 1008 1718 lvo
1019 1683 1202 1719 Carnoteu-

136 1747 295 1785 qustdw„
312 1726 353 1767 fis
374 1731 554 1774 Episcopus
576 1732 611 1765 in
630 1732 764 1768 Litteris
788 1731 830 1768 ad
844 1732 1062 1767 Guilielmum
1077 1733 1202 1768 Metro-

142 1791 207 1827 ³83·
314 1780 452 1825 politam
473 1780 782 1827 Rothomagensem
805 1782 927 1818 merito
951 1794 1049 1820 vocat
1068 1782 1202 1825 Ecclefiae

307 1831 458 1873 stercora,
480 1839 643 1874 puerorum
659 1831 839 1875 spurcitiam
858 1858 870 1874 ‚
896 1845 1009 1867 novam
1034 1833 1195 1875 Neophyto-

312 1893 379 1915 seum
389 1880 519 1925 haerefim
529 1906 541 1921 ‚
567 1884 741 1916 inauditum
756 1894 854 1925 genus
865 1882 1027 1924 invafionis
1041 1907 1049 1917 .
1078 1884 1132 1919 De
1144 1884 1204 1927 pri-

313 1943 368 1966 ma
396 1931 500 1975 specie
520 1931 631 1967 scribit
667 1932 708 1966 ad
736 1931 960 1967 Timotheum
988 1932 1203 1978 Apostolus,-

314 1986 437 2025 Oportet
449 1980 629 2025 Episcopum
637 1982 690 2026 effe
700 1994 758 2017 non
770 1982 957 2023 Neophytum
970 2008 977 2015 .
991 1984 1135 2020 Causam
1146 1983 1202 2018 dat

312 2031 457 2067 Pontius
478 2032 653 2068 Diaconus
679 2033 716 2066 in
742 2032 806 2067 vita
822 2032 931 2066 Sanni
944 2033 1123 2076 Cypriani.
1151 2038 1203 2067 Ne

306 2082 425 2127 stupore
443 2083 627 2125 gentilitatis
645 2083 776 2116 nondum
788 2082 938 2123 fundatis
958 2082 1086 2127 senfibus
1099 2083 1206 2117 adbae·

314 2143 399 2168 rente
412 2156 423 2172 ‚
448 2132 567 2174 aliquid
587 2137 621 2166 in
633 2135 730 2165 Deum
749 2138 872 2166 novitas
883 2135 1037 2168 inerudita
1042 2142 1182 2177 peccaret
1195 2158 1201 2165 .

165 2214 170 2220 ,
314 2182 485 2225 Baptisma
506 2182 597 2217 enim
610 2206 621 2222 ‚
649 2182 698 2218 uti
710 2182 745 2216 in
758 2181 867 2217 Libris
878 2194 993 2218 contra
1006 2183 1203 2229 Pelagianos

139 2214 300 2249 1⁴¹b'¹'c‘⁸'
314 2231 427 2267 scribit
447 2232 583 2268 Sanctus
606 2230 861 2275 Hieronymus,
888 2245 958 2269 non
985 2233 1092 2268 statim
1108 2234 1201 2268 omni

315 2282 436 2326 justitia
457 2281 591 2327 plenum
604 2283 700 2325 facit3
729 2292 834 2317 vetera
847 2294 978 2326 peccata
990 2284 1178 2319 conscindit
1191 2308 1203 2324 ‚

315 2344 386 2368 non
398 2332 503 2368 donat
517 2332 757 2376 plenitudinem
769 2333 929 2367 virtutum
942 2347 949 2368 :
978 2334 1026 2369 At
1037 2334 1114 2369 vero
1127 2334 1202 2377 Epi-

316 2385 466 2428 scopatus
487 2383 533 2417 est
559 2383 680 2431 gradus
705 2383 866 2433 acquifitxf
888 2384 921 2419 &
943 2385 1080 2430 possessae
1104 2385 1204 2430 perfe-

317 2434 455 2468 (lionis.

370 2482 482 2517 Aliam
495 2484 656 2518 rationem
670 2483 725 2519 dat
746 2483 811 2528 ipse
824 2482 1024 2527 Apostolus:
1050 2489 1103 2518 Ne
1115 2482 1204 2527 insu·

314 2532 456 2577 perbiam
476 2533 574 2566 elatus
596 2539 628 2567 in
633 2535 782 2575 judicium
793 2535 909 2567 incidat
921 2535 1057 2568 Diaboli.
1086 2536 1180 2578 ,Quod
1193 2558 1203 2574 ,

320 2583 430 2626 inquit
441 2581 482 2629 ad
494 2583 669 2618 Oceanum
682 2583 914 2626 Hieronymus
925 2608 935 2624 ‚
961 2589 1028 2628 quis
1041 2596 1100 2617 non
1110 2594 1202 2619 exem-

315 2634 369 2677 plo
388 2643 494 2667 verum
509 2632 615 2674 probet
637 2634 650 2666 ?
679 2637 801 2676 Ignorat
821 2642 1044 2668 momentaneus
1063 2634 1204 2669 Sacerdos

322 2683 522 2716 humilitatem
542 2684 578 2717 (δ’
594 2681 851 2725 mansuetudinem
869 2682 1038 2723 rusticorum
1051 2708 1062 2724 ,
1087 2690 1205 2729 ignorat

321 2733 490 2768 blanditias
503 2736 529 2765 C
530 2732 692 2774 hristianas
706 2757 717 2772 ‚
743 2731 833 2776 nescit
853 2732 984 2777 seipsum
1004 2743 1184 2768 contemnere
1196 2758 1205 2773 ,

323 2785 359 2817 de
376 2784 525 2827 dignitate
544 2782 731 2825 transfertur
742 2784 787 2814 ad
796 2784 973 2826 dignitatem
987 2808 997 2823 ‚
1024 2795 1082 2817 non
1085 2785 1204 2825 jejuna-

325 2839 395 2874 vit,
423 2833 599 2874 nonflevit,
625 2836 683 2867 non'
701 2845 796 2866 mores
812 2831 882 2876 suos
900 2831 986 2876 saepi?
1002 2833 1205 2876 reprehendit,

324 2885 359 2916 (θ’
378 2884 488 2925 affidua
517 2885 711 2918 meditatione
739 2890 867 2917 correxit
886 2907 898 2924 ,
925 2895 982 2916 non
1000 2881 1201 2928 substantiam

319 2933 505 2976 pauperibus
516 2940 654 2980 erogavit
670 2959 678 2966 .
707 2936 753 2967 De
764 2932 908 2967 cathedra
931 2934 1144 2976 quodammodo
1152 2935 1207 2967 du·

324 2989 400 3016 citur
423 2984 468 3015 ad
487 2984 683 3024 cathedram,
707 2983 791 3024 idest
812 3008 822 3024 ‚
849 2985 885 3017 de
902 2981 1045 3026 superbia
1054 2985 1098 3016 ad
1103 2982 1207 3027 super-

302 3035 305 3037 ’
327 3032 427 3065 biam.
449 3035 480 3077 J
483 3035 611 3068 udicium
621 3036 766 3069 autem&
787 3040 877 3069 ruina
892 3033 1033 3075 Diaboli,
1058 3035 1132 3068 nulli
1153 3034 1207 3067 du-

329 3080 430 3121 bium,
456 3090 528 3125 quin
556 3090 728 3128 arrogantia
744 3083 802 3124 fit.
1130 3081 1133 3083 ’

380 3131 423 3164 Et
442 3130 519 3166 hine
532 3133 572 3167 de
584 3134 654 3168 solo
667 3134 833 3178 Episcopo
846 3158 857 3175 ‚
884 3133 943 3168 sub
953 3145 1019 3176 quo
1030 3134 1064 3168 δε
1075 3133 1208 3179 Presby-

334 3188 382 3213 ter
399 3181 707 3225 comprehenditur,
734 3183 1089 3229 Apostolusloquitur.
1118 3184 1208 3218 Nam

331 3230 398 3272 ipse
420 3230 611 3266 Onefimum
623 3244 691 3267 non
703 3235 832 3268 tantum
843 3229 977 3269 Christo
987 3235 1103 3279 genuit
1118 3259 1128 3274 ,
1155 3233 1208 3268 sed

331 3280 368 3313 ὃ(
387 3290 466 3312 mox
495 3280 684 3315 Diaconum
694 3284 772 3317 fec-it
786 3284 828 3318 de
839 3285 931 3319 servo
943 3309 955 3326 ‚
981 3285 1030 3318 uti
1041 3284 1081 3319 ad
1094 3283 1209 3318 Theo-

332 3327 462 3372 philum
474 3328 738 3365 Alexandrinum
761 3333 962 3378 Episcopum
984 3335 1096 3369 scribit
1119 3333 1208 3369 idem

332 3370 564 3423 Hieronyiffiis
575 3403 585 3418 ‚
613 3380 783 3415 Diaconus
793 3382 963 3418 dumtaxat
973 3385 1120 3425 minister
1141 3384 1187 3419 est
1197 3410 1208 3426 ‚

334 3428 475 3474 ideoque
500 3428 693 3462 Christianae
715 3432 922 3473 perfectionis
942 3432 1050 3471 adhuc
1071 3435 1209 3479 discipu-

331 3479 384 3515 lus
400 3503 412 3521 ,
438 3489 507 3516 non
518 3478 714 3524 possessor&
727 3478 859 3516 dostor.

156 3313 242 3354 Epist.
268 3318 314 3345 62.

1318 1432 1425 1470 Addit
1460 1435 1581 1471 Canon
1617 1434 1856 1483 oauagefimus
1882 1432 2148 1481 Apostolorum&

1266 1488 1348 1519 Eum
1367 1509 1378 1527 ,
1403 1490 1454 1526 qui
1475 1486 1493 1519 ἒ
1513 1491 1582 1521 vita
1596 1487 1706 1529 gentili
1725 1485 1888 1527 accefferit‚
1914 1487 1948 1520 Θ·
1968 1484 2149 1530 baptizatus

1258 1535 1359 1578 fuerit
1371 1559 1382 1575 ,
1402 1540 1547 1577 protinus
1571 1534 1751 1588 Episcopum
1762 1534 1831 1579 fieri
1845 1558 1857 1574 ,
1885 1546 2003 1577 aequum
2021 1546 2079 1570 non
2088 1533 2145 1577 est.

1265 1584 1336 1626 Nisi
1349 1584 1436 1628 forte
1473 1584 1525 1619 boc
1544 1586 1667 1619 divina,
1684 1590 1789 1629 gratia
1810 1583 1869 1629 fiat
1896 1608 1904 1616 .
1939 1584 1988 1620 Ea
2006 1584 2114 1630 gratia
2134 1607 2148 1625 ,

1264 1646 1364 1677 quam
1375 1633 1556 1678 Apostolus
1564 1635 1598 1668 iu
1610 1631 1758 1678 Epistola
1764 1634 1807 1668 ad
1813 1632 2036 1670 Timotheum
2047 1644 2147 1671 vocat

1266 1686 1474 1719 Praecedentes
1503 1683 1706 1726 Prophetias,
1731 1683 1765 1720 id
1788 1682 1857 1725 est,
1881 1683 2010 1719 divinas
2027 1683 2148 1719 revela·

1265 1735 1392 1776 tiones,
1418 1733 1538 1780 quibus
1550 1734 1789 1779 Episcoporutn
1800 1732 1976 1769 electiones
1997 1734 2149 1778 frequen,

1265 1794 1313 1820 ter
1339 1784 1408 1820 fieri
1435 1785 1608 1820 consuetas
1646 1784 1747 1820 etiam
1773 1783 1909 1820 Sanetus
1934 1782 2148 1829 Cyprianus,

1266 1836 1400 1869 Sanctus
1412 1833 1642 1879 Hieronymus
1662 1834 1698 1869 in
1721 1831 1841 1880 Aggaei
1861 1832 2033 1877 Prophetae
2044 1833 2153 1868 Com-

1268 1884 1462 1926 meamus,
1490 1885 1645 1928 variaque
1670 1884 1819 1928 exempla
1846 1882 2039 1919 attestantur
2057 1906 2068 1916 .
2092 1883 2150 1918 Sic

1267 1933 1455 1970 Alexander
1476 1933 1816 1980 Hierosolymitanam
1840 1957 1851 1976 ‚
1884 1933 2045 1968 Nicolaus
2070 1932 2152 1977 My*

1266 1986 1392 2019 rensem
1412 2009 1422 2027 ‚
1459 1984 1625 2020 Fabianus
1652 1984 1841 2018 Romanam
1868 1981 2070 2021 cathedram
2094 1982 2151 2020 ad·

1269 2034 1479 2071 scenderunt.
1506 2035 1552 2070 Et
1573 2033 1707 2079 quidem
1718 2033 1882 2070 Fabianus
1902 2034 1922 2069 a
1933 2032 2091 2069 columba
2108 2033 2151 2069 in.

1267 2094 1366 2129 caput
1388 2084 1457 2128 ejus
1475 2084 1649 2122 devolante
1670 2084 1816 2118 ostensus
1837 2108 1848 2126 ‚
1884 2094 1983 2128 quam
2004 2081 2150 2130 Prophe·

1268 2138 1347 2169 tiam
1369 2134 1498 2171 dudum
1532 2135 1693 2170 continua
1721 2134 1800 2169 serie
1829 2133 2039 2180 perseverasse
2060 2132 2148 2177 apud

1269 2186 1502 2225 Ravennates,
1527 2187 1706 2221 asseverant
1741 2184 1829 2220 illius
1863 2183 2011 2218 Ecclefiae
2033 2182 2148 2217 Anna-

1267 2235 1313 2269 les
1327 2260 1335 2266 .
1363 2235 1408 2270 Et
1419 2233 1608 2280 hujusmodi
1625 2234 1801 2277 electiones
1811 2232 1929 2271 merito
1939 2233 2012 2269 vult
2025 2233 2148 2269 Canon

1269 2285 1324 2319 ille
1344 2284 1386 2319 ab
1404 2284 1571 2328 Apostolo
1605 2296 1675 2319 non
1698 2283 1877 2327 improbari
1891 2308 1899 2318 .
1926 2283 2069 2321 Causam
2090 2282 2149 2318 dat

1268 2336 1401 2370 Sanstus
1413 2334 1603 2370 Ambrofius
1614 2334 1648 2368 in
1663 2334 1808 2380 Epistola
1820 2333 1862 2367 ad
1875 2333 2054 2368 Ecclesiam
2066 2333 2150 2367 Vet-

1268 2385 1444 2420 cellensem
1464 2397 1472 2419 ε
1510 2383 1683 2428 Neophytus
1708 2383 1888 2428 prohibetur
1916 2385 2054 2418 ordinari
2073 2406 2085 2426 ,
2112 2394 2150 2416 ne
2165 2386 2298 2429 Epist-25.

1266 2436 1428 2470 extollatur
1452 2440 1486 2469 in
1501 2433 1689 2478 superbiam.
1717 2437 1749 2470 si
1771 2432 1847 2474 deest
1871 2432 2029 2467 humilitas
2038 2441 2150 2476 compe·

1267 2495 1336 2520 tens
1345 2486 1532 2525 sacerdotio,
1558 2484 1607 2520 ubi
1630 2483 1721 2528 causa
1740 2495 1799 2517 non
1816 2482 1934 2524 havet,
1959 2489 2070 2520 vitium
2089 2494 2150 2518 non

1268 2542 1453 2577 imputatur.
1475 2534 1680 2578 ‚Ubiautem
1689 2534 1803 2569 divina
1813 2533 1969 2570 revelatio
1982 2558 1993 2576 ,
2021 2543 2149 2569 certum

1267 2585 1313 2620 est
1340 2584 1426 2620 hanc
1438 2586 1568 2621 causam
1597 2596 1666 2620 non
1677 2583 1813 2620 haererc.

1317 2633 1478 2671 Attamen
1500 2634 1700 2679 quandoque
1719 2634 1821 2669 etiam
1841 2631 2005 2669 humanus
2026 2632 2150 2668 diesfe*

1269 2685 1315 2719 cit
1335 2683 1523 2730 hujusmodi
1545 2685 1744 2730 Episcopus.
1772 2683 1881 2726 Coepit
1903 2681 2151 2723 malumabhoe·

1269 2734 1378 2773 resicis
1391 2759 1402 2778 ‚
1414 2746 1554 2776 quorum
1570 2734 1796 2769 ordinationes
1805 2732 2082 2778 Tertullianusin
2093 2732 2148 2769 Li-
2163 2730 2255 2766 04¹·

1270 2785 1328 2821 bro
1348 2784 1630 2829 Ptaescriptionurn
1653 2784 1764 2820 scribit
1787 2785 1850 2818 effe
1869 2783 1956 2820 leves
1979 2808 1990 2825 ‚
2015 2787 2148 2818 temera-⁷

1270 2835 1354 2876 rias,
1380 2834 1622 2878 inconstantes,
1649 2832 1797 2877 atqueab
1809 2833 1874 2869 illis
1883 2834 1988 2880 gloria
2000 2832 2148 2878 obliganv

1271 2885 1390 2927 tibus„
1403 2884 1493 2928 quod
1506 2883 1642 2919 veritate
1654 2896 1724 2920 non
1734 2883 1876 2929 poffint‚
1897 2882 2064 2926 Neophytos
2084 2891 2146 2914 eon·

1269 2937 1359 2968 locari
1377 2959 1384 2966 .
1410 2934 1516 2984 Qd
1539 2935 1645 2979 ipsum
1670 2933 1712 2969 de
1731 2934 1925 2980 'Eusebiana
1945 2932 2145 2968 Atimetum

1271 2986 1414 3021 factione
1431 2985 1576 3029 queritur
1597 2986 1631 3018 in
1654 2984 1825 3029 Apologia
1846 2984 1888 3018 ad
1911 2979 2146 3019 Constantium

1272 3034 1461 3079 Augustum
1482 3036 1618 3069 Sanctus
1636 3033 1850 3070 Athanafius.
1880 3034 1923 3069 Et
1938 3031 2054 3068 Sancto
2065 3029 2146 3065 Hie·
2163 3031 2299 3068 Epist&-

1272 3096 1414 3129 ronymo
1435 3084 1516 3119 teste
1532 3108 1542 3126 ‚
1570 3087 1803 3125 Praetextatus‚
1828 3090 1880 3119 vir
1898 3079 2077 3123 consularis,
2097 3077 2144 3122 so-
2161 3080 2258 3114 ⁶²1²&-

1271 3135 1352 3169 lebat
1372 3135 1479 3169 ludens
1492 3134 1576 3169 beato
1587 3137 1684 3176 Papae
1705 3132 1836 3178 Damaso
1856 3134 1949 3167 dicere
1959 3143 1973 3174 ‚·
1993 3128 2146 3170 faciteme

1273 3189 1417 3218 Romanae
1436 3184 1518 3219 urbis
1529 3187 1708 3229 Episcopum
1719 3209 1729 3225 ,
1755 3186 1790 3224 ζ’]
1806 3194 1853 3218 ero
1858 3186 1994 3225 protinus
2004 3178 2146 3222 Christia-

1273 3247 1343 3269 nus.
1372 3234 1580 3278 E'p'iscopales
1600 3243 1777 3278 proventus
1796 3231 1893 3270 ctiam
1909 3230 1944 3264 in
1958 3229 2069 3265 medio
2080 3240 2147 3275 per-

1274 3286 1479 3320 secutionum
1501 3284 1578 3320 aestu
1597 3284 1692 3320 fuisse
1710 3281 1920 3327 ampliffimos
1937 3305 1948 3321 ‚
1978 3280 2081 3321 liquet
2102 3290 2146 3315 ex

1272 3335 1509 3377 Tertulliano,
1536 3335 1593 3380 qui
1616 3334 1848 3379 Episcopatum
1867 3340 1963 3365 vocat
1988 3333 2143 3374 Regnum,
2161 3338 2192 3367 L.
2209 3333 2321 3374 defug2

1273 3386 1444 3430 arguitque
1461 3384 1589 3420 nostros
1598 3385 1799 3429 Episcopus,
1823 3380 1913 3425 quod
1923 3380 1989 3424 ejus
2000 3380 2145 3416 securam
2161 3373 2298 3413 perfecit.

1259 3436 1464 3471 'fruitionem
1491 3446 1529 3469 ac
1555 3433 1793 3478 persecutiones
1818 3431 1907 3476 largo
1933 3442 1992 3465 aere
2010 3430 2146 3466 redime-
2160 3418 2242 3447 εἰσ·

1274 3495 1366 3521 rent.
1393 3485 1503 3529 Hujus
1512 3495 1592 3531 ergo
1607 3482 1813 3530 regni'amor
1832 3481 1946 3518 invafit
1956 3481 2057 3565 etia-¹111
2068 3490 2150 3524 gena

2003 3540 2018 3567 t
2044 3541 2101 3573 es,
