2346 3776
1365 126 2068 228 &mammaeam

957 165 1343 282 ffiffiffi

647 475 1653 573 AUCTOR

673 650 2070 796 LECTOREM*

531 886 577 920 μ’
610 874 733 916 Uanti
764 871 807 915 fit
825 875 1059 928 antiquorum
1081 871 1284 913 Canonurn
1310 873 1462 924 peritia,
1489 884 1532 912 ac
1551 874 1672 915 redtus
1689 869 1898 912 intellectus
1917 898 1929 917 ,
1957 869 2067 910 docet

418 937 429 953 t
527 939 564 968 i&
627 933 784 974 Sanctus
812 929 1038 986 Augustinus
1055 959 1069 978 ,
1105 931 1172 985 qui
1199 924 1384 981 Episcopo
1412 927 1477 970 suo
1504 930 1661 973 Valerio
1688 927 1866 971 adversus
1893 928 2068 968 oftavum

476 978 503 1037 ᾗ
546 1016 563 1038 ἵ»
626 991 822 1030 Nicaenum
851 988 1048 1030 Canonem
1075 984 1372 1042 superordinatus
1401 986 1685 1042 ‚Co—Episcopus
1701 1016 1714 1035 ,
1750 986 1871 1027 verbo
1907 983 2070 1038 postmo-

450 1040 501 1076 ‘m'
546 1034 565 1054 '²
626 1046 738 1094 dum,
766 1049 804 1087 &
832 1041 966 1100 scripto
983 1058 1145 1086 errorem
1173 1043 1400 1097 improbavit
1418 1071 1431 1091 ,
1459 1043 1544 1084 Nec
1572 1046 1678 1098 quod
1706 1042 1772 1084 fibi
1800 1041 1937 1083 fastum
1965 1039 2068 1084 effe.)

420 1131 432 1145 *2
553 1138 556 1141 1
627 1104 748 1146 doluit
767 1133 781 1151 ,
818 1102 900 1143 aliis
927 1100 1008 1145 fieri
1037 1102 1158 1143 voluit
1176 1131 1187 1140 .
1235 1099 1349 1141 Unde
1377 1103 1487 1142 etiam
1515 1098 1648 1157 sategit
1666 1130 1678 1148 ,
1715 1112 1755 1140 ut
1785 1099 1971 1146 Conciliis
2001 1097 2071 1139 sta„

285 1153 296 1167 s
402 1182 416 1197 a»
472 1154 565 1193 “³⁷⁴2
624 1173 786 1202 tueretur
795 1157 1078 1213 Episcoporum,
1106 1158 1155 1200 ab
1172 1156 1459 1201 ordinatoribus
1487 1157 1616 1199 deberi
1635 1157 1886 1204 ordinandis,
1914 1154 1977 1198 vel
1997 1158 2071 1196 or,

621 1218 758 1257 dinatis
786 1219 953 1256 omniurn
980 1215 1107 1258 statuta
1135 1215 1376 1260 Sacerdotum
1405 1218 1445 1256 in
1463 1217 1635 1258 notitiam
1654 1212 1726 1258 esse
1745 1213 1937 1261 dffe‘renda.
1967 1211 2070 1253 Dum

227 1279 318 1319 item
343 1270 477 1326 Episto
504 1284 548 1314 us
574 1269 830 1314 sardicensem
859 1273 1055 1327 Synodum
1083 1271 1106 1314 εὶ
1133 1272 1484 1328 Philippopolitano
1503 1272 1787 1316 Conventiculo
1815 1271 2069 1327 distinguere)

225 1328 355 1373 nesciit
377 1357 391 1377 ,
420 1342 467 1370 ne
483 1331 545 1369 ciit
583 1331 621 1372 δε
649 1342 763 1371 unum
799 1327 822 1370 ὲ
849 1329 1069 1384 palmatibus
1098 1330 1372 1372 Donatistarum
1400 1342 1471 1383 pro
1499 1328 1565 1376 suo
1592 1329 1781 1379 schifinate
1820 1328 2070 1370 fundamentis

223 1387 276 1430 ad
292 1385 446 1429 fundum
474 1385 687 1429 exhaurite.
717 1388 776 1428 Ex
806 1387 1072 1430 Sardicenfium
1084 1388 1285 1430 Canonum
1303 1390 1514 1443 ignorantia
1542 1401 1621 1429 non
1650 1386 1748 1429 solus
1771 1388 1927 1427 Sanetus
1939 1385 2072 1440 Augu-

225 1444 339 1487 stinus
357 1473 370 1493 ,
398 1441 462 1485 sed
489 1446 528 1489 δε
555 1458 637 1485 cum
666 1443 778 1499 plena
806 1442 984 1487 Africana
1013 1446 1173 1502 Synodo
1202 1444 1553 1500 Carthaginensium
1593 1441 1951 1497 Archi—Episcopus
1990 1442 2074 1482 Au-

226 1502 341 1544 relius
370 1503 522 1546 incurrit
549 1504 671 1557 quinti
702 1503 850 1543 Nicaeni
878 1503 1029 1545 devium
1059 1503 1286 1548 intelleefflm
1305 1531 1317 1551 ,
1345 1503 1572 1558 longamque
1603 1501 1704 1543 illam
1723 1531 1734 1550 ,
1762 1503 1800 1542 δε
1828 1498 2072 1542 miserabilem

225 1560 276 1602 de
297 1559 478 1603 Romanis
489 1557 840 1614 Appellationibus,
870 1573 982 1616 atque
1002 1560 1284 1603 evocationibus
1295 1562 1596 1608 contentionem,
1617 1557 1682 1602 sub
1693 1561 1865 1614 Zozymo
1889 1556 2072 1600 Pontifice

225 1629 393 1671 coeptam
414 1645 427 1664 ‚
465 1618 503 1659 &
530 1619 631 1671 prius
659 1614 725 1660 sub
754 1617 950 1659 Bonifacio
978 1616 1140 1661 secundo
1169 1620 1388 1660 extinctam.
1418 1615 1531 1659 Alios
1562 1631 1715 1673 quoque
1745 1615 1973 1674 graviffimos
2004 1616 2073 1656 Ec*

224 1673 343 1716 clefiae
372 1675 500 1715 Patres
539 1688 587 1715 ex
614 1674 699 1716 data
729 1673 828 1716 hisce
866 1675 976 1719 rebus
1007 1690 1085 1719 non
1123 1676 1234 1731 plena
1271 1689 1386 1731 opera
1425 1678 1597 1719 novimus
1637 1689 1716 1717 non
1754 1674 1884 1730 parum
1921 1670 2042 1728 lapsos
2063 1704 2073 1712 .

226 1732 336 1788 Qd
362 1732 484 1773 dicam
512 1732 561 1773 de
590 1732 818 1773 Doctoribus
849 1733 1118 1775 Scholasticis?
1146 1732 1272 1775 Palam
1300 1734 1398 1774 lucet
1425 1733 1567 1790 negligi
1598 1733 1645 1774 ab
1675 1732 1749 1774 illis
1789 1735 1965 1788 antiquos
1996 1730 2076 1770 Ca*

227 1801 349 1830 nones
366 1816 380 1834 ,
407 1791 446 1827 δε
473 1802 576 1829 raros
605 1787 695 1829 hinc
725 1789 813 1830 inde
843 1788 1004 1844 ipsorum
1033 1789 1340 1845 disputationibus
1369 1788 1520 1832 insertos
1550 1805 1628 1832 non
1657 1804 1727 1845 pro
1756 1790 1874 1846 digno
1893 1819 1905 1838 ,
1943 1791 1980 1829 &
2010 1803 2077 1829 ve·-

225 1858 275 1886 ro
302 1846 452 1891 tractari
472 1875 483 1883 .
512 1845 727 1888 Graecorum
757 1845 1076 1886 Schismaticorum
1103 1848 1270 1901 capitalis
1301 1851 1339 1889 in
1369 1862 1439 1889 nos
1460 1849 1615 1889 Latinos
1644 1848 1830 1888 columnia
1860 1848 1911 1889 est
1941 1846 2076 1886 Cano„

230 1913 320 1942 num
348 1901 605 1954 praevaricatio
623 1930 636 1948 ,
676 1916 723 1941 ex
753 1915 828 1955 qua
857 1904 1034 1943 infliCtum
1062 1916 1129 1957 per
1158 1904 1244 1944 istos
1276 1903 1373 1957 ipsos
1402 1906 1586 1945 Canones
1615 1905 1958 1958 praevaricatoribus
1987 1917 2076 1946 ana-v

226 1957 354 2006 thema
382 1959 636 1999 incurrerimus
665 1955 757 2010 lapfi
786 1970 888 1999 extra
918 1959 1171 2000 orthodoxam
1200 1964 1498 2002 communionem
1526 1990 1539 2008 ,
1578 1959 1740 2017 veraque
1781 1960 2074 2007 Christianitatis

226 2013 348 2062 sonna
376 2012 418 2054 fit
446 2012 495 2056 ad
523 2011 621 2068 ipsos
649 2011 750 2055 solos
779 2017 967 2056 contracta
987 2047 995 2055 .
1025 2016 1087 2056 Est
1116 2015 1204 2057 falsa
1221 2045 1234 2064 ,
1263 2030 1305 2056 ac
1334 2017 1440 2057 stulta
1468 2018 1648 2058 calumnia
1667 2034 1681 2065 ;
1712 2015 1843 2058 revera
1872 2030 1996 2059 tamen
2025 2031 2073 2060 ex

225 2083 306 2128 quo
333 2072 571 2126 antiquorum
591 2071 793 2113 Canonum
811 2074 889 2139 ,οδε
918 2072 1247 2130 intelligendorum
1267 2102 1279 2120 ,
1308 2075 1345 2114 &
1374 2072 1689 2116 observandorum
1718 2105 1731 2123 ,
1759 2088 1844 2115 cura
1874 2076 1970 2128 apud
2002 2089 2073 2117 nos

225 2130 346 2183 coepit
374 2127 556 2183 tepescere
575 2157 588 2176 ,
627 2131 779 2184 irripere
807 2132 845 2170 in
875 2128 1020 2171 scholas
1058 2134 1175 2185 coepit
1204 2129 1384 2172 subtiliter
1412 2130 1652 2187 disputandi,
1691 2135 1730 2173 &
1757 2132 1961 2186 probaliter
1990 2135 2074 2187 opi-

226 2186 342 2228 nandi
370 2184 560 2227 licentiosa
587 2199 669 2227 cum
698 2189 887 2243 prurigine
916 2216 928 2234 ,
967 2190 1005 2228 &
1034 2186 1108 2229 fine
1138 2187 1246 2230 freno
1276 2188 1426 2230 libertas
1449 2221 1459 2230 .
1498 2190 1530 2230 E
1561 2188 1697 2231 scholis
1728 2193 1766 2231 in
1797 2189 1966 2232 Ecclefiae
1996 2205 2074 2231 am-

225 2242 346 2284 bones
364 2271 377 2290 ,
406 2246 443 2299 &
473 2242 560 2286 hinc
588 2246 629 2284 in
648 2242 771 2287 fidelis
799 2244 928 2299 populi
949 2258 1071 2286 mores
1091 2244 1212 2286 tanfiit
1231 2275 1244 2295 ,
1273 2259 1383 2301 atque
1414 2249 1465 2288 ita
1483 2260 1614 2301 purum
1633 2251 1742 2290 avitae
1760 2276 1773 2295 ,
1802 2247 1950 2293 moralis
1981 2262 2075 2301 prm„

225 2297 349 2342 sertim
366 2328 379 2347 ,
408 2300 630 2356 Thologiae,
658 2303 788 2343 vinum
817 2299 971 2343 coenosa
1001 2316 1140 2344 umanae
1162 2317 1228 2357 per
1256 2316 1444 2357 peccatum
1464 2303 1664 2346 obscuratae
1693 2308 1847 2346 rationis
1878 2319 1974 2360 aqua
2003 2308 2072 2345 mi,

225 2354 338 2404 scuit,
356 2359 394 2397 &
413 2357 574 2398 lucidum
594 2358 833 2415 Evangelicae
853 2362 940 2400 vitae
961 2373 1087 2400 aurum
1107 2363 1217 2402 vertit
1239 2363 1276 2401 in
1299 2363 1464 2403 Scoriam
1481 2362 1604 2403 multae
1624 2365 1872 2416 corruptionis
1885 2395 1894 2402 .
1924 2364 2073 2403 Parrum

226 2414 399 2456 cordibus
420 2417 457 2456 in
478 2413 577 2455 filios
596 2416 838 2464 reducendis,
866 2416 968 2457 nulla
987 2419 1051 2458 via
1067 2417 1386 2472 compendiosior,
1417 2431 1529 2473 quam
1547 2420 1707 2467 reditus,
1738 2419 1867 2461 verum
1888 2417 1961 2460 sale
1980 2434 2072 2461 con-

226 2471 326 2516 ditus
346 2499 359 2518 ,
377 2471 425 2513 ad
446 2475 619 2527 antiquos
638 2502 650 2521 ,
671 2473 803 2514 nostris
826 2472 1101 2515 noviffimorum
1120 2488 1326 2530 temporum
1347 2474 1620 2517 infirmitatibus
1642 2490 1854 2533 congruos,
1875 2477 2073 2525 Canones,

227 2542 307 2583 quo
328 2529 484 2570 Sanctus
504 2529 586 2570 Leo
605 2532 769 2586 Magnus
789 2530 866 2571 alta
886 2544 979 2572 voce
1006 2532 1179 2586 praedicat
1207 2530 1278 2574 effe
1310 2534 1447 2587 Spiritu
1475 2535 1547 2574 Dei
1578 2535 1773 2582 conditos,
1802 2537 1916 2576 totius
1945 2535 2072 2576 mundi

229 2589 438 2627 reverentia
457 2584 689 2629 consecratos
709 2617 722 2635 ,
751 2590 790 2629 &
805 2585 918 2643 usque
936 2589 983 2630 ad
1003 2587 1120 2630 saeculi
1142 2589 1256 2631 finem
1270 2619 1283 2638 ,
1309 2593 1436 2645 utique
1458 2594 1496 2631 in
1518 2591 1732 2633 Elestorum
1754 2591 1968 2638 Cordibus,
1991 2605 2075 2645 per-2

229 2640 438 2687 mansuros,
465 2645 549 2684 Hac
566 2641 630 2698 spe
650 2647 740 2686 oCto
762 2647 958 2699 primarum
986 2646 1214 2702 generalium
1243 2649 1485 2702 Synodorum
1516 2648 1697 2690 Canones
1727 2652 1966 2691 commentari
1996 2647 2075 2692 sum

229 2711 380 2742 conatus
397 2729 410 2747 ,
438 2700 532 2742 alios
553 2699 705 2756 quosvis
724 2703 898 2756 deinceps
927 2716 1123 2745 conaturus
1143 2736 1152 2745 .
1183 2707 1286 2759 Qu
1317 2708 1355 2746 in
1384 2705 1508 2746 multis
1537 2704 1794 2761 cespitaverim
1815 2736 1827 2754 ,
1858 2704 1974 2747 immo
1993 2734 2006 2753 ,
2034 2708 2074 2751 &

232 2753 353 2809 lapsus
382 2756 446 2800 sun
475 2772 552 2799 non
580 2759 714 2802 dubito
730 2789 742 2808 ‚
772 2759 935 2815 ideoque
965 2762 1129 2815 impendi
1150 2762 1242 2803 mihi
1272 2776 1405 2816 precor
1424 2762 1675 2808 Christianam
1696 2763 1864 2805 fraternae
1882 2761 2072 2810 charitatis

229 2814 409 2867 gratiam,
436 2814 618 2857 laudatam
636 2815 658 2857 a
679 2818 803 2873 Regio
822 2817 1012 2872 Propheta
1030 2836 1040 2856 .·
1069 2826 1209 2871 Arguet
1226 2821 1403 2873 mejustus
1421 2826 1457 2861 in
1476 2819 1697 2873 misericordia
1715 2851 1727 2868 ,
1748 2822 1785 2861 &¹
1803 2821 1983 2872 increpabit
2005 2835 2070 2869 me,

230 2871 344 2910 oleum
359 2883 468 2912 autem
483 2880 659 2925 peccatoris
680 2890 745 2915 non
762 2881 947 2928 impinguet
964 2887 1065 2927 caput
1082 2891 1214 2917 meum.
1244 2877 1360 2934 Qod
1389 2876 1502 2932 usque
1521 2878 1610 2919 dum
1632 2905 1644 2924 ,
1672 2876 1886 2919 LECTOR
1914 2877 2071 2918 BENE-

231 2927 393 2974 VOLE‚
421 2926 554 2979 facias,
582 2933 717 2973 Fratris
748 2932 951 2973 Christiani
982 2933 1077 2987 Lupi
1106 2937 1310 2994 peccatoris
1340 2935 1439 2990 apud
1466 2947 1698 2978 communem
1727 2933 1889 2978 nostrum
1918 2937 1957 2976 in
1988 2948 2070 2977 coe.

233 2982 281 3026 lis
310 2985 455 3031 Patrem
483 3013 496 3034 ‚
522 2990 559 3029 &
587 2989 790 3032 Dominum
819 2990 1031 3033 recordare.
