2346 3776
75 370 213 412 Epist-²4.

69 1060 99 1087 Γ.
119 1067 186 1094 751.

63 1403 93 1432 F·
114 1405 183 1439 677·

62 1675 145 1714 Epist.
174 1685 199 1713 5.

59 1753 177 1794 Epist.2.

61 2022 214 2063 L-6.Epist.

59 2072 108 2099 31·

56 2743 119 2775 A&
142 2756 169 2782 4.

59 3244 126 3277 Αᾶ.
143 3254 169 3282 5.

654 103 962 161 Senoins,
999 119 1060 148 ετ
1096 117 1270 149 NOT1s
1306 119 1674 154 ittusraan.

256 184 371 230 utpote
388 185 478 232 quod
498 183 665 220 addiderit
679 210 691 225 ‚
714 185 803 232 quod
825 187 1013 222 Sardicense
1037 187 1145 222 decre-

255 245 327 270 tum
352 236 506 280 spreverit
518 260 529 276 ,
555 236 704 280 adeoque
725 238 849 271 nullius
867 239 905 271 fit
919 237 1121 272 auctoritatis
1134 263 1141 270 .

254 286 307 320 Hi
322 287 377 330 ipfi
389 286 543 329 Episcopi
562 287 597 319 in
625 286 743 321 litteris
763 287 834 331 post
848 288 1019 331 Synodum
1043 286 1143 322 Chai-

253 336 473 371 cedonensem
505 336 710 371 exstantibus
743 336 889 372 scribunt
919 338 959 372 ad
992 340 1141 373 Leonem

253 385 464 430 Augustum:
491 389 680 430 suggerimus
709 399 762 421 nos
773 397 969 422 trecentorum
984 390 1082 422 decem
1109 389 1143 422 cb·

252 436 314 468 οέἶο
325 435 498 471 Sanblorum
510 439 656 479 patrum,
683 444 778 481 quiin
789 443 922 471 Nicaena
940 445 1066 472 civitate
1092 440 1143 472 col-

252 486 340 526 ledii,
367 487 403 520 6·
417 495 474 528 per
491 485 632 529 sandlum
644 491 790 529 Spiritum
806 487 882 531 sunt
899 490 1007 530 locuti,
1033 489 1142 528 Symbo-

253 537 317 570 lum
340 536 529 579 atquefidem
541 547 640 571 tenere
667 537 873 580 &custodire‚
899 541 932 573 Ca·
953 551 1046 582 neque
1069 551 1142 582 aug·

252 596 386 620 mentum
410 588 534 630 aliquod
549 613 559 628 ‚
587 600 639 621 nec
657 594 891 622 imminutionem
913 595 1060 632 recipere.
1087 593 1140 621 Ea

253 648 403 679 namque,
430 649 498 680 quae
520 637 652 681 asanllo
671 640 785 679 spiritu
811 639 893 672 dic‘la
918 649 1010 682 atque
1020 638 1140 682 conscri-

250 695 310 731 pta
326 685 401 730 sunt
414 712 424 728 ,
443 687 504 729 fas
524 699 582 720 non
603 687 641 729 est
664 689 764 730 aliquo
784 691 868 722 modo
878 689 1062 728 retrac‘lari,
1087 700 1140 724 nec

252 747 442 781 augmentum
454 733 599 780 aliquod,
627 749 680 772 nec
690 744 923 772 imminutionem
934 746 978 773 eis
1003 739 1117 781 inferre
1127 766 1134 772 .

252 787 297 820 Et
309 788 392 821 infra
404 801 415 821 .·
443 791 530 832 ,Quia
540 788 638 828 vestra
650 791 756 821 Pietas
782 795 948 831 imperavit
959 814 969 829 ,
994 792 1134 831 quemad—

250 838 371 871 modum
392 838 430 870 de
450 839 571 876 synodis
587 837 746 881 sapiamus
769 863 780 879 ‚
803 839 930 879 nostram
947 838 1134 883 fintentiam

242 887 380 928 facimus
389 887 580 928 manifestam
592 912 602 927 ,
630 894 769 931 quoniam
790 896 985 923 communicat
1008 889 1134 931 Ecclesia

248 938 370 975 synodis
381 942 414 970 in
424 935 544 980 Epheso
553 938 709 972 celebratis
726 964 736 979 ‚
764 941 909 978 synodum
919 943 991 974 vera
1015 950 1134 974 centum

248 992 472 1031 quinquaginta
491 986 637 1031 nescimus
658 1014 665 1020 .
705 989 754 1023 Hi
777 991 851 1023 sunt
873 991 1030 1034 Episcopi
1056 1014 1066 1030 ,
1091 990 1132 1024 de

245 1035 368 1080 quibus
389 1038 423 1070 in
447 1038 646 1072 Florentinae
678 1039 806 1083 Synodi
830 1040 983 1074 adversus
1023 1040 1131 1074 Marci

245 1085 376 1130 Ephefii
390 1087 572 1122 calumnias
581 1090 736 1134 apologia
748 1089 859 1124 scribit
878 1089 1045 1134 Josephus,
1056 1090 1134 1134 Epi·
1151 1118 1154 1129 ,

245 1137 361 1181 scopus
373 1136 623 1173 Methonenfis:
651 1143 698 1173 De
716 1141 826 1180 synodo
848 1149 965 1174 centum
987 1146 1133 1183 quinqua-

239 1193 331 1230 ginta
343 1191 474 1221 Patrum
485 1192 624 1233 AEgyptii
634 1192 758 1232 quidam
769 1215 779 1231 ‚
806 1201 843 1225 ne
855 1189 886 1232 fi
897 1190 989 1232 fasta
1011 1193 1132 1232 quidem

236 1236 338 1278 ficerit
350 1262 360 1278 ,
381 1236 458 1281 scire
480 1241 637 1273 voluerunt
646 1266 653 1272 .

294 1287 402 1322 Addit
413 1289 500 1322 idem
514 1289 674 1333 Josephus
684 1290 834 1333 Symboli
848 1289 1110 1325 additamentum
1121 1316 1130 1330 ‚

243 1339 401 1380 Filioque,
430 1340 550 1373 fastum
565 1339 730 1383 posthanc
741 1340 915 1384 Synodum
940 1341 958 1374 ὲ
983 1342 1131 1375 Damaso

242 1387 411 1422 Pontifice
424 1413 434 1429 ‚
461 1389 641 1434 probatque
654 1389 811 1426 historica
826 1391 1019 1425 auctoritate
1031 1392 1131 1424 Geor-

241 1438 291 1482 gii
304 1438 445 1473 Aristini
458 1451 466 1471 :
494 1439 586 1485 Ergo
600 1442 735 1484 praesens
744 1440 941 1485 Symbolum
953 1441 973 1474 a
983 1440 1131 1474 Damaso

241 1498 312 1522 non
325 1490 559 1524 confirmatum
570 1491 633 1524 fuit
644 1514 656 1530 ,
682 1491 737 1524 sed
749 1492 930 1524 cortestum
943 1515 950 1521 .

291 1537 446 1572 Praeterea
471 1539 553 1572 liber
573 1538 783 1572 Pontificalis
804 1540 852 1572 ait
873 1539 915 1573 de
938 1539 1059 1574 Hilaro
1069 1538 1151 1584 Pap

243 1599 305 1630 pa:
334 1588 537 1630 ConfirmavIt
560 1597 622 1621 tres
645 1591 795 1628 synodos,
822 1593 1005 1629 Nicaenam,
1032 1590 1152 1639 Ephe-l

233 1637 332 1680 finam
346 1663 356 1678 ,
383 1639 417 1671 ὁ·
438 1637 724 1681 chalcedonensem.
755 1638 865 1671 Etiam
893 1639 962 1681 ejus
973 1641 1132 1673 successor

241 1687 432 1730 Simplicius
459 1690 494 1720 in
519 1687 637 1720 litteris
668 1688 709 1722 ad
732 1686 894 1722 Acacium
928 1690 1129 1733 Episcopum

242 1736 659 1780 Constantinopolitanum
672 1761 683 1777 ,
710 1737 804 1772 Felix
825 1739 939 1772 tertius
959 1738 1000 1773 ad
1020 1739 1131 1774 Zeno-

239 1797 317 1821 nem
341 1786 531 1832 Augustum
557 1811 568 1827 ,
595 1798 634 1821 ac
654 1787 725 1830 ejus
746 1788 888 1822 secunda
916 1789 1073 1831 synodus
1092 1790 1128 1823 in

239 1837 358 1871 litteris
380 1837 421 1871 ad
433 1836 602 1880 Bythiniae
624 1835 657 1870 ὃ(
678 1837 824 1871 civitatis
844 1839 1129 1882 Constantinopo-

239 1887 347 1920 litanae
370 1887 504 1921 Clerum
517 1911 528 1928 ‚
554 1887 727 1930 praedicant
742 1887 824 1922 solas
836 1913 847 1929 ,
874 1898 910 1922 ut
922 1889 941 1922 a
963 1889 1046 1923 Sede
1058 1889 1126 1924 Ro-

234 1947 334 1971 mana
358 1936 511 1981 probatas
531 1963 542 1978 ‚
579 1937 753 1972 Nicaenam
777 1962 789 1978 ‚
825 1937 1021 1982 Ephefinam
1044 1963 1055 1979 ,
1090 1941 1126 1974 &

235 1985 545 2022 chalcedonensem
560 2011 568 2018 .

286 2036 428 2072 Accedit
439 2038 620 2083 Gregorius
641 2039 828 2083 magnusin
853 2038 970 2074 litteris
991 2038 1032 2072 ad
1058 2039 1123 2073 Eu-

234 2087 364 2133 logium
388 2087 656 2124 Alexandrinum
682 2089 717 2123 &
743 2088 951 2123 Anastaflum
984 2089 1126 2123 Patriar·

236 2135 336 2171 eham
357 2136 551 2173 Antiochen
564 2143 572 2146 ⁴
636 2152 644 2172 z
673 2144 810 2173 Romana
832 2138 962 2181 Ecclesia
985 2143 1124 2173 Canones

235 2188 318 2221 illius
338 2189 442 2226 synodi
469 2200 527 2221 non
564 2195 672 2230 accipit
701 2213 713 2230 ,
738 2195 771 2222 in
796 2189 848 2222 hoc
873 2198 974 2223 autem
997 2191 1124 2223 eandem

233 2239 380 2276 synodum
397 2243 506 2279 accipit
528 2261 538 2278 ‚
565 2241 645 2281 quod
675 2238 712 2278 est
730 2247 787 2280 per
820 2251 886 2273 eam
913 2248 1017 2272 contra
1056 2243 1123 2272 Ma-

233 2289 387 2321 cedonium
406 2287 579 2330 definitam:
607 2290 752 2331 Reliquas
773 2293 846 2323 vero
878 2288 1005 2332 haereses
1018 2315 1028 2330 ‚
1053 2302 1121 2332 quae

233 2339 293 2371 illic
303 2347 475 2372 memorata
490 2337 564 2382 sunt
575 2364 585 2379 ,
612 2340 651 2372 ab
663 2340 734 2372 aliis
737 2341 809 2380 jam
834 2340 981 2372 Patribus
994 2342 1120 2373 damna-

231 2396 285 2420 tas
295 2388 437 2430 reprobat
449 2413 456 2420 .
471 2387 519 2423 At
532 2389 609 2423 veto
620 2389 688 2432 ejus
700 2389 828 2431 synodi
840 2389 1039 2433 Symbolum
1050 2402 1119 2424 non

233 2438 469 2472 tantummodo
492 2448 607 2472 contra
627 2438 869 2472 Macedonium
882 2464 893 2480 ,
921 2439 1019 2474 sed&
1043 2452 1120 2474 con·

233 2496 283 2521 tta
302 2486 552 2530 Apollinarium
573 2488 660 2522 varia
679 2487 816 2523 definit:
845 2488 911 2522 Pto
928 2487 990 2523 hac
1018 2490 1118 2535 igitur

233 2545 324 2580 parte
344 2547 515 2581 acceptum
536 2547 617 2573 tunc
639 2549 708 2573 non
731 2539 795 2574 suit
814 2538 857 2574 ab
879 2538 1022 2574 Ecclesia
1047 2540 1114 2575 Ro-

233 2598 351 2620 mana.

284 2637 484 2680 Respondeo
508 2648 618 2674 tamen
642 2639 748 2682 ipsum
772 2649 881 2674 totum
903 2640 1026 2674 fuiffea
1048 2641 1113 2676 Da-

232 2689 324 2722 maso
343 2688 555 2723 Pontifice&
578 2690 810 2733 omnisemper
819 2691 920 2724 etiam
933 2691 1033 2724 latina
1053 2691 1113 2725 Ec-

230 2738 324 2772 clesia
345 2738 582 2782 approbatum.
611 2740 793 2774 Etenimin
807 2741 946 2783 Synodo
974 2739 1112 2775 Chalce-

230 2787 367 2822 donenfi
387 2789 478 2823 Sedis
491 2789 692 2833 Apostolicae
711 2791 830 2835 Legati
852 2801 981 2825 tomum
1004 2791 1112 2826 Sancti

231 2837 356 2871 Leonis
387 2838 483 2882 Papae
509 2839 685 2873 definivere
710 2840 939 2874 orthodoxum
966 2865 977 2880 ‚
1013 2851 1111 2884 atque

230 2888 400 2922 adversum
432 2888 700 2933 Eutychianistas
720 2889 760 2923 ab
780 2891 937 2924 omnibus
956 2891 1112 2934 recipien-

230 2937 332 2979 dum,
359 2937 448 2982 quod
473 2939 552 2972 esset
573 2941 757 2973 conformis
780 2940 943 2984 Symbolo
971 2941 1110 2976 Nicaeno

229 2990 265 3022 ἀ
288 2988 685 3033 Constantinopolitano,
712 3001 772 3024 nec
786 2991 1025 3025 non&litteris
1036 2992 1111 3025 San-

230 3039 269 3071 cti
291 3038 411 3081 Cyrilli
427 3039 645 3073 Alexandrini
668 3040 850 3084 Episcopi,
878 3042 1034 3084 factisque
1055 3054 1111 3086 per

230 3089 336 3132 ipsum
347 3088 485 3123 decretis
494 3088 680 3132 Ephefinis.
711 3090 860 3134 Eamque
879 3090 1109 3126 definitionem

229 3139 326 3182 plena
348 3139 501 3181 Synodus
523 3139 749 3173 confirmavit.
778 3139 932 3174 Additin
954 3141 1030 3175 fidei
1055 3142 1110 3176 de-

229 3199 320 3223 creto
333 3213 344 3229 ‚
372 3201 426 3233 per
437 3189 589 3224 Sanstum
602 3190 751 3223 Leonem
773 3190 882 3234 quoad
894 3192 1008 3224 omnia
1031 3203 1111 3226 con-

231 3239 363 3274 firmato
386 3253 396 3273 .·
423 3240 658 3273 Inenarrabilem
680 3242 810 3273 Patrum
841 3247 1058 3275 renovavimus
1073 3242 1108 3284 fl·

230 3288 298 3321 dem
310 3313 320 3328 ,
346 3290 504 3328 symbolum
525 3299 719 3323 trecentorum
730 3291 827 3323 decem
849 3290 953 3324 &ocio
973 3293 1107 3325 omnibus

227 3340 433 3379 praedicantes
448 3366 453 3372 .
476 3344 521 3373 Et
532 3352 578 3374 cos
590 3365 599 3380 ‚
611 3346 661 3382 qui
673 3339 751 3372 hanc
763 3342 859 3373 veluti
872 3341 1004 3383 tesseram
1011 3348 1106 3383 pieta-

230 3393 275 3420 tis
288 3396 480 3432 acceperunt,
505 3399 540 3423 ut
557 3395 694 3432 proprios
718 3393 830 3424 Patres
854 3397 944 3423 etiam
965 3391 1107 3434 adscribi-

228 3449 297 3470 mus
310 3462 320 3478 ‚
348 3449 394 3470 eos
406 3446 546 3474 nimirum
558 3465 568 3480 ‚
596 3446 645 3482 qui
653 3439 750 3481 postca
761 3447 793 3473 in
804 3452 917 3484 magna
939 3441 1109 3481 Constanti-

226 3489 325 3530 nopoli
348 3498 514 3533 congregati
529 3490 604 3533 sune
619 3500 735 3524 centum
748 3493 781 3525 <zi
801 3497 1024 3535 quinquaginta
1038 3516 1048 3532 ‚
1076 3493 1110 3525 &⁹

324 3541 463 3572 canones
474 3539 656 3581 Conc.Const.
666 3543 736 3574 Tom
749 3545 771 3573 1.

1915 123 2007 173 363

1193 188 1327 222 'eandem
1344 189 1436 231 fidem
1456 189 1514 232 ipſs
1530 202 1640 234 quoque
1661 193 1890 236 confirmarunt.
1920 198 1965 232 Et
1976 197 2082 232 infra:

1203 240 1395 272 Decernimus
1401 239 1525 283 servan
1536 244 1570 275 6·
1581 253 1618 275 ea
1630 266 1641 282 ,
1667 255 1736 284 quae
1746 248 1832 286 apud
1840 247 2084 290 Constantinopo-

1200 289 1253 319 lim
1265 290 1284 320 ἃ
1290 287 1478 331 [σηέίξθὶνηὶ;
1499 301 1617 324 centum
1627 300 1850 336 quinquaginta
1862 298 2005 331 Patribus
2033 300 2081 330 de-

1201 347 1282 371 creta
1288 337 1362 380 sunt
1381 342 1426 372 ad
1434 343 1627 382 expellendas
1652 344 1774 384 quidem
1794 343 1920 387 baereses
1933 372 1943 386 ‚
1969 359 2036 389 quae
2047 359 2078 381 eo

1200 396 1329 429 tempore
1335 396 1590 432 germinaverant
1600 417 1609 431 ,
1637 394 1672 426 (5
1683 395 1727 425 ad
1736 394 1983 435 confirmationem
2004 396 2081 440 ejas-

1201 438 1268 470 dem
1278 439 1429 473 catholicae
1441 443 1475 475 (⁸2⁹
1490 442 1653 483 Apostolicae
1664 443 1768 483 nostrae
1787 444 1878 485 fidei.
1907 445 1951 478 Et
1964 446 2082 490 Perga-

1202 488 1286 521 mius
1296 513 1306 528 ‚
1337 490 1523 524 Antiochiae
1535 492 1716 536 Episcopus
1726 505 1764 527 ac
1777 493 1900 528 Pifidiae.
1911 494 2082 538 Metropo-

1199 537 1281 578 lita,
1306 539 1341 571 in
1364 541 1480 574 litteris
1501 542 1715 584 synodalibus
1740 543 1782 578 ad
1793 544 1942 579 Leonem
1966 545 2080 589 Augu-

1200 586 1304 628 stum,
1331 590 1535 625 exstantibus
1547 592 1615 634 post
1628 593 1802 636 Synodum
1827 593 2082 630 Chalcedonen-

1200 639 1265 671 sem
1290 662 1300 678 ‚
1326 639 1439 674 laudat
1462 641 1494 674 ὅ(
1521 642 1691 684 profitetur
1707 668 1718 684 ,
1743 655 1812 678 non
1844 644 2080 679 tantummodo

1201 688 1356 722 Nicaenos
1370 714 1381 729 ‚
1408 690 1461 724 sed
1474 691 1507 724 &
1520 692 1711 733 Sandiffimos
1722 703 1838 726 centum
1858 700 2080 739 quinquaginta
2099 689 2181 730 Epist·
2203 702 2253 726 4¹¹

1202 740 1333 780 Patres,
1361 746 1413 782 qui
1428 740 1602 782 infirmitati
1622 744 1773 786 languoris
1797 746 1985 785 Macedonii,
2008 744 2080 788 san-

1198 788 1239 820 c‘li
1249 791 1381 830 Spiritus
1394 794 1602 825 Divinitatem
1613 799 1753 836 negantis
1765 817 1776 833 ,
1797 793 1947 836 salutaris
1970 796 2080 827 auxilii

1197 840 1377 872 medicinam
1389 841 1559 874 obtulerunt
1569 867 1579 882 ,
1606 844 1711 885 aperte
1718 842 1898 886 firmitatem
1909 843 1996 877 rellae
2002 844 2079 884 fidei

1198 889 1331 922 docentes
1352 914 1364 930 ,
1390 892 1424 924 ό·
1456 894 1666 926 Divinitatem
1686 899 1817 927 unitatis
1836 892 2078 937 inseparabiliter

1196 940 1385 972 adorandam
1406 966 1414 973 .
1443 940 1578 982 Voces,
1605 945 1716 985 Aperte
1740 945 1875 978 docentes
1898 968 1909 983 ,
1934 953 2079 988 tangunt

1198 989 1287 1031 supra
1311 991 1493 1033 expolitam
1516 992 1794 1036 dispensationem
1818 994 1926 1027 Sancti
1950 994 2078 1028 Bafilii.

1197 1039 1293 1071 Felix
1312 1041 1427 1073 tertius
1459 1042 1492 1074 in
1529 1042 1647 1076 litteris
1670 1043 1710 1077 ad
1733 1044 1868 1078 Petrum
1899 1044 2080 1078 Fullonem

1197 1088 1397 1133 Episcopum
1420 1090 1671 1127 Antiochenum
1691 1117 1701 1132 ‚
1734 1095 1769 1127 ὃ(
1800 1093 1975 1128 Zenonem
2009 1093 2080 1128 Au-

1194 1138 1325 1181 gustum
1347 1165 1357 1180 ‚
1393 1142 1622 1185 excogitatum
1643 1143 1661 1176 a
1683 1143 1773 1177 dicto
1795 1143 1894 1177 Petro
1928 1144 2078 1188 Trisagii

1195 1187 1456 1225 additamentum
1478 1191 1614 1226 damnat
1640 1217 1651 1234 ,
1677 1192 1767 1236 quod
1791 1203 1950 1238 repugnet
1974 1194 2080 1237 Syno-

1195 1237 1246 1271 dis
1268 1239 1411 1274 Nicaenae
1442 1241 1476 1275 &
1498 1241 1878 1286 Constantinopolitanae
1898 1258 1910 1277 .·
1945 1244 2078 1287 Nempe

1198 1288 1341 1323 secundo
1368 1290 1520 1333 Symboli
1562 1292 1931 1336 Constantinopolitani
1961 1294 2078 1327 articu-

1195 1337 1230 1371 lo
1252 1363 1261 1378 ,
1299 1340 1347 1373 uti
1374 1340 1485 1375 scribit
1512 1340 1671 1376 Antheon
1706 1343 1888 1386 Episcopus
1921 1343 2078 1378 Arsenoi-

1196 1398 1244 1421 tes
1267 1413 1274 1419 .
1302 1390 1449 1424 Gelafius
1471 1391 1630 1426 Pontifex
1650 1417 1661 1432 ,
1689 1393 1725 1426 in
1758 1393 1911 1428 Romana
1938 1393 2077 1436 Synodo

1195 1436 1403 1474 authenticas
1420 1441 1600 1484 Scripturas
1623 1454 1818 1477 enumerans
1838 1467 1849 1484 ,
1875 1443 1946 1487 post
1968 1443 2079 1477 Cano-

1197 1487 1287 1520 nicas
1321 1489 1457 1524 adducit
1493 1491 1527 1524 &
1549 1491 1723 1533 Synodum
1753 1491 1840 1526 hanc
1872 1516 1884 1533 ,
1921 1502 2081 1535 tanquam

1196 1536 1364 1581 Regulam
1396 1538 1546 1573 Ecclefiae
1573 1540 1735 1576 Romanae
1757 1566 1764 1573 .
1803 1541 2011 1577 Poenitentiae
2042 1543 2081 1576 li-

1197 1587 1301 1621 bellus
1320 1613 1330 1629 ‚
1360 1600 1458 1632 quem
1482 1590 1605 1624 Graecis
1627 1602 1668 1625 ex
1700 1591 1872 1626 Acaciano
1907 1591 2080 1627 schismate

1197 1636 1348 1670 redituris
1372 1638 1556 1681 praescripsit
1581 1641 1762 1675 Hormisda
1782 1641 1966 1683 Pontifex,
1992 1643 2079 1676 inter

1195 1695 1306 1720 caetera
1340 1688 1553 1731 profitebatur
1585 1700 1726 1733 quatuor
1756 1690 1910 1734 Synodos
1930 1717 1941 1734 ,
1976 1692 2080 1727 Nicae-

1198 1748 1273 1770 narn
1288 1761 1299 1777 ,
1325 1737 1735 1783 Constantinopolitanam
1749 1764 1760 1780 ‚
1787 1740 1985 1785 Ephefinam
2006 1767 2016 1783 ,
2043 1743 2078 1776 &

1197 1785 1506 1823 Chalcedonensem
1530 1814 1540 1830 ‚
1566 1801 1743 1835 earumque
1773 1792 1842 1825 afta
1864 1815 1875 1831 ,
1911 1793 1951 1826 de
1977 1792 2079 1834 confiro

1194 1843 1325 1870 matione
1339 1837 1414 1880 fidei
1437 1862 1444 1869 .
1473 1839 1612 1874 Easdem
1637 1841 1755 1876 eodem
1778 1841 1881 1875 modo
1902 1842 1937 1875 in
1960 1843 2077 1885 quinta

1195 1887 1331 1929 Synodo
1353 1900 1407 1931 per
1430 1889 1617 1923 Romanam
1640 1891 1818 1924 Ecclefiam
1840 1890 1977 1934 probata
2001 1904 2076 1935 pro-

1195 1936 1262 1970 feffi
1286 1939 1363 1971 sunt
1376 1938 1530 1982 Episcopi
1557 1952 1693 1974 omnes:
1720 1939 1847 1984 Suscipio
1864 1938 1990 1984 sanc‘las
2002 1954 2075 1984 qua-

1194 1996 1259 2020 tuor
1270 1986 1418 2028 synodos,
1446 1991 1481 2022 (tt
1494 2001 1562 2032 quae
1584 1991 1624 2023 ab
1636 1990 1704 2032 ipsis
1726 1992 1835 2025 deuna
1847 1991 2074 2034 eademquefide

1193 2036 1400 2081 definitasunt
1413 2064 1420 2073 .
1448 2038 1670 2081 Justinianum
1681 2039 1883 2086 Augustum,
1894 2042 1985 2086 quod
1997 2053 2074 2086 qua·

1193 2098 1268 2121 tuor
1292 2088 1395 2132 prima
1419 2088 1571 2123 Concilia
1594 2115 1604 2130 ‚
1645 2101 1802 2135 tanquam
1835 2091 1930 2134 plene
1962 2092 2073 2135 quoad

1193 2137 1293 2171 fidem
1306 2137 1494 2173 authentica
1507 2164 1517 2180 ‚
1544 2140 1666 2182 jusserit
1688 2141 1784 2174 sacris
1795 2141 1942 2175 Ecclefiae
1952 2142 2072 2176 tabulis

1193 2189 1288 2222 inseri
1315 2212 1327 2228 ,
1351 2189 1386 2223 ὃς
1411 2189 1452 2223 ad
1474 2190 1670 2225 sacrosantsta
1692 2190 1800 2229 nostra
1823 2191 1975 2233 mysteria
1995 2193 2072 2227 reci-

1193 2239 1276 2279 tari,
1304 2238 1481 2282 plurimum
1504 2239 1650 2274 laudavit
1663 2240 1816 2275 Romana
1838 2241 1979 2276 Ecclesia
1993 2266 2004 2282 ,
2025 2243 2072 2276 as-

1191 2288 1345 2332 fiduaque
1367 2290 1477 2323 sancti
1500 2289 1654 2335 Gregorii
1665 2292 1777 2336 magni
1800 2302 1866 2325 vox
1888 2291 1957 2332 est,
1984 2295 2072 2336 ,Qua-

1190 2348 1255 2372 tuor
1272 2345 1377 2381 prima
1400 2341 1534 2373 Conciliat
1555 2352 1757 2382 veneramur,
1785 2351 1932 2384 tanquam
1943 2352 2069 2384 quatuor

1193 2392 1251 2422 Dei
1273 2391 1466 2433 Evangelia:
1495 2390 1619 2424 Eorum
1634 2391 1711 2425 vero
1731 2392 1912 2426 secundum
1935 2393 1980 2426 est
1994 2392 2071 2427 hoc-

1190 2450 1227 2473 ce
1252 2438 1399 2473 nostrum
1422 2465 1428 2470 .
1458 2440 1542 2474 Earn
1567 2453 1636 2475 non
1657 2442 1781 2485 primus
1808 2443 1876 2485 ipse
1907 2443 2069 2485 protulit,

1188 2488 1242 2523 sed
1262 2490 1418 2523 aeunnis
1438 2490 1502 2523 suis
1523 2491 1592 2534 post
1617 2492 1796 2526 Damasum
1819 2493 2070 2527 antecessoribus

1189 2539 1315 2583 accepit
1337 2565 1347 2580 ,
1383 2540 1595 2574 confirmavit
1630 2542 1665 2574 in
1698 2541 1836 2584 Synodo
1859 2542 2068 2578 Lateranensi

1187 2589 1355 2624 Martinus
1365 2591 1511 2633 primus,
1538 2591 1572 2623 in
1587 2591 1737 2625 sermone
1758 2591 1798 2625 ad
1811 2591 1999 2634 Principem
2019 2605 2069 2627 ac-

2098 1072 2230 1113 &fist-35-

1184 2639 1379 2673 clamatotio
1401 2640 1489 2673 sexta
1512 2640 1685 2683 Synodus,
1712 2653 1751 2675 ac
1778 2642 1900 2683 semper
1921 2642 2066 2677 Ecclesia

1183 2690 1329 2723 universa
1353 2715 1359 2721 .

1182 2739 1331 2784 profeffio
1354 2763 1364 2778 ‚
1391 2750 1433 2773 ex
1454 2739 1615 2773 Romanae
1638 2740 1788 2774 Ecclefiae
1811 2741 1943 2774 Diurno
1965 2742 2063 2776 relata

1181 2802 1235 2834 per
1256 2789 1454 2823 Gratianum
1478 2813 1489 2829 ‚
1516 2790 1655 2832 spondet
1676 2790 1736 2823 odio
1751 2792 1907 2835 generalia
1930 2793 2063 2825 Concilia

1179 2839 1270 2884 usque
1291 2841 1337 2872 ad
1356 2851 1449 2872 unum
1459 2845 1572 2881 apicem
1594 2835 1782 2873 immutilata
1789 2839 1915 2883 servare
1930 2865 1941 2881 ,
1967 2844 2064 2884 &pa-

1177 2897 1206 2923 ri
1236 2889 1345 2923 honore
1379 2891 1414 2923 (ν
1438 2895 1630 2922 veneratione
1650 2891 1744 2934 digna
1765 2889 1875 2924 habere
1896 2916 1906 2932 ‚
1934 2893 1968 2925 (5
1991 2904 2062 2934 quae

1171 2941 1468 2982 praedicaverunt&
1485 2939 1677 2980 statuerunt,
1702 2941 1798 2973 modis
1822 2941 1957 2974 omnibus
1973 2940 2060 2984 sequi

1178 2991 1409 3032 &praedicare‚
1436 3000 1562 3032 quaeque
1572 2991 1849 3025 condemnaverunt
1863 3015 1874 3031 ,
1901 3003 1947 3026 ore
1959 2992 2060 3026 &cor-

1177 3042 1213 3073 dc
1223 3042 1421 3073 condemnare
1438 3065 1446 3072 .

1388 2690 1479 2723 Nam
1503 2690 1536 2724 ὅ(
1560 2690 1707 2724 Romani
1729 2690 1903 2725 pontificis
1929 2692 2065 2733 antiqua

2085 2827 2155 2858 Dist.
2175 2835 2219 2862 16.

2081 2876 2107 2898 c.
2130 2871 2158 2899 8.

1227 3090 1282 3124 Ad
1304 3090 1447 3134 primum
1467 3101 1527 3132 pro
1550 3090 1679 3125 adversa
1712 3102 1802 3135 parte
1822 3101 2056 3136 argumentum

1176 3142 1278 3175 fateor
1309 3143 1327 3173 a
1364 3140 1502 3182 Synodo
1534 3140 1715 3175 Sardicenfi
1750 3143 1898 3176 vetitum
1928 3143 2059 3177 Nicaeni

1172 3189 1326 3233 Symboli
1359 3190 1622 3224 additamentum
1647 3214 1657 3230 ,
1683 3202 1829 3226 attamen
1863 3203 1931 3226 non
1955 3191 2059 3235 quod·

1174 3241 1220 3274 vis
1232 3264 1243 3280 ,
1271 3240 1326 3273 sed
1338 3240 1434 3282 quale
1446 3240 1666 3274 continebant
1688 3242 1816 3276 tabellae
1827 3253 1884 3285 per
1896 3242 2054 3285 quosdam

1172 3291 1242 3324 istic
1270 3290 1453 3333 Episcopos
1478 3292 1666 3333 propofitae,
1691 3293 1725 3326 ἃ
1747 3292 1766 3326 a
1787 3292 1928 3334 Synodo
1951 3302 2056 3334 repro-

1171 3341 1271 3380 batae,
1298 3339 1339 3373 de
1364 3337 1504 3383 quibus,
1530 3340 1717 3384 reprobatas
1739 3351 1850 3376 tamen
1875 3342 2053 3385 ignorans,

1170 3390 1325 3425 Hert-nias
1338 3390 1548 3424 Zozomenus
1570 3403 1578 3423 z
1605 3392 1779 3424 Ediderunt
1804 3391 1914 3425 Patres
1949 3391 2053 3424 Sardi·
2072 3399 2133 3437 μς,
2150 3407 2227 3431 011,

1168 3442 1279 3474 censes
1310 3441 1404 3472 aliam
1438 3440 1513 3482 fidei
1525 3439 1694 3482 formulam
1716 3465 1727 3481 ,
1757 3440 1898 3483 pluribus
1932 3441 2053 3482 quidem

1169 3490 1273 3525 verbis
1294 3488 1442 3533 scriptam
1469 3513 1481 3530 ,
1517 3492 1610 3533 quam
1630 3502 1698 3533 quae
1716 3496 1749 3524 in
1771 3491 1898 3526 Concilio
1923 3494 2052 3525 Nicaeno

1576 3540 1605 3573 Z
1629 3552 1647 3574 z
1697 3551 1719 3576 2
1918 3540 2002 3573 edita
