2346 3776
366 109 456 166 ‘398
718 105 1005 157 CANost
1041 100 1719 154 CONc'nr‘t'E-rnzsrm·

433 285 862 353 ΕΡΗΕεΙΝΙ
911 284 1341 348 CONCILH
1389 286 1965 360 DECRETUM

914 465 975 510 De
1019 458 1188 526 Ecclfia
1234 466 1456 530 cyprio-sum
1481 493 1495 513 .

312 659 314 661 ·
446 640 587 685 Antia
637 632 840 701 Synodus
890 629 1004 682 dixit
1051 652 1063 681 ε
1112 636 1226 682 Rem
1268 669 1281 692 ,
1319 634 1431 683 hanc
1480 651 1578 701 quae
1611 651 1769 703 praeter
1803 635 2121 691 Ecclesiasticas

482 705 815 755 constitutiones
872 706 922 762 ἅς.
962 700 1202 756 sauciorum
1246 705 1423 754 Patrum
1477 709 1683 757 Canones
1740 708 1977 757 innovatur
2016 745 2031 769 ,
2078 713 2123 759 &

481 779 677 826 omnium
717 774 965 824 libertatem
1006 775 1188 837 attingit
1229 809 1242 834 ‚
1303 777 1581 825 annuntiavit
1624 775 1832 844 piissimus
1881 776 2124 846 Episcopus

482 847 707 910 Rheginus
737 882 751 906 ‚
801 849 845 896 &
887 845 967 911 qui
995 862 1096 896 cum.
1141 861 1196 896 eo
1238 844 1410 912 piiffimi
1451 843 1654 916 Episcopi
1691 849 1933 898 Provinciae
1975 851 2121 918 Cypri

281 920 432 981 Zenon
467 922 510 966 δε
545 917 757 979 Evagrius
800 951 813 964 .
862 912 993 963 Unde
1029 916 1243 981 quoniam
1291 933 1546 968 communes
1595 917 1737 966 morbi
1784 917 1950 984 majore
1985 934 2123 983 egent

281 987 478 1042 remedio
508 1024 520 1048 ‚
570 986 628 1044 eo
662 984 786 1052 quod
822 990 962 1055 majus
998 983 1206 1033 damnum
1242 984 1440 1035 adferant
1469 1006 1483 1046 3
1533 986 1564 1034 fi
1600 1004 1689 1035 non
1723 987 1785 1036 est
1819 1003 1947 1039 vetus
1982 1007 2080 1039 mos
2104 1026 2120 1051 ‚

281 1058 408 1126 quod
443 1055 685 1125 Episcopus
721 1056 1027 1105 Antiochenus
1062 1054 1238 1104 ordinet
1272 1059 1320 1107 in
1355 1062 1511 1124 Cypro
1540 1062 1553 1118 ’,
1589 1057 1696 1107 ficut
1731 1056 1891 1108 libellis
1943 1062 1986 1108 δε
2020 1077 2123 1126 pro-

279 1132 384 1197 priis
420 1127 603 1178 vocibus
639 1126 884 1176 docuerunt
920 1125 1217 1188 religiofiffimi
1251 1129 1336 1175 viri
1363 1163 1377 1187 ,
1424 1130 1503 1193 qui
1538 1126 1593 1175 ad
1630 1126 1815 1177 sanctam
1851 1109 2129 1196 Synodumss..

280 1197 544 1256 accesserunt
574 1235 586 1258 ‚
624 1196 848 1252 habebunt
882 1202 952 1263 jus
988 1194 1107 1249 suurn
1143 1200 1352 1246 intactum
1380 1234 1393 1257 ,
1429 1201 1472 1246 &
1508 1199 1771 1251 inviolatum
1803 1235 1818 1260 ,
1852 1202 1932 1269 qui
1967 1197 2122 1258 sanffis'

280 1272 328 1319 in
366 1272 527 1337 Cypro
564 1267 767 1317 Ecclefiis
802 1265 988 1334 praesunt
1019 1304 1032 1329 ‚
1083 1265 1319 1318 secundum
1355 1272 1558 1317 Canones
1607 1266 1847 1319 sanfforum
1898 1260 2123 1321 Patrum-'i

277 1344 320 1389 &
356 1355 553 1393 veterem
590 1336 949 1393 consuetudinem
979 1373 992 1397 ‚
1029 1355 1108 1405 per
1142 1336 1302 1405 seipsos
1337 1338 1636 1388 ordinationes
1671 1339 2124 1404 religiofiffimorurrns

278 1409 593 1478 Episcoporum
631 1409 844 1463 facientes
881 1445 895 1460 .
945 1407 1063 1458 Istud
1108 1423 1257 1460 autem
1303 1411 1438 1460 etiam
1485 1411 1533 1461 in
1567 1410 1665 1461 aliis
1701 1409 1974 1460 Dioecefibus
2015 1448 2029 1472 ‚
2077 1414 2124 1462 δε

277 1485 324 1530 in
359 1481 566 1529 omnibus
602 1481 846 1529 Provinciis
882 1477 1074 1528 servetur
1110 1514 1124 1538 ‚
1172 1494 1221 1526 ut
1257 1480 1398 1527 nullus
1447 1479 1728 1546 piiffimorum
1765 1479 2124 1550 Episcoporum...

277 1552 410 1605 aliam
447 1552 727 1604 Provinciam
763 1563 950 1615 occupet
981 1584 994 1607 ‚
1030 1565 1127 1614 quae
1163 1564 1292 1596 antea
1328 1552 1371 1599 δε
1406 1547 1463 1597 ab
1498 1549 1626 1597 initio
1663 1549 1739 1602 sub
1773 1550 1845 1602 sua
1874 1586 1889 1612 ,
1935 1553 2008 1600 vel
2043 1568 2121 1600 an-

278 1619 535 1670 tecefforum
584 1618 753 1667 suorum
802 1616 1016 1683 potestate
1053 1633 1142 1667 non
1179 1616 1309 1664 fuerit
1341 1636 1352 1664 ε
1400 1614 1472 1664 sed
1507 1621 1550 1664 &
1585 1618 1618 1664 fi
1651 1620 1752 1683 quis
1799 1623 2080 1685 occupaverit
2107 1657 2121 1682 ‚

277 1693 350 1741 vel
385 1708 461 1759 per
496 1692 588 1739 vim
625 1688 703 1736 fibi
739 1685 954 1749 subegerit
981 1721 994 1744 ‚
1030 1682 1167 1752 ipsam
1202 1685 1398 1735 restituat
1423 1722 1437 1746 ,
1472 1702 1526 1734 ne
1563 1689 1740 1734 Patrum
1775 1689 1981 1738 Canones
2017 1704 2123 1757 praess·

279 1776 504 1814 tereantur
534 1797 547 1820 ,
599 1776 710 1812 neve
764 1756 840 1810 sub
888 1754 1126 1808 Sacerdotii
1175 1771 1387 1825 praetextu
1438 1755 1666 1809 mundanae
1714 1757 1942 1824 potestatis
1993 1758 2123 1809 fastus

278 1835 442 1899 irrepat
473 1867 485 1891 ,
538 1848 591 1879 ne
628 1830 743 1877 clam
779 1827 991 1895 paulatim
1043 1825 1221 1874 libertas
1272 1829 1502 1875 amittatur
1530 1863 1544 1891 ,
1594 1845 1728 1893 quam
1764 1826 1890 1876 nobis
1938 1827 2123 1879 donavit

277 1901 483 1965 sanguine
522 1899 595 1949 suo
631 1898 850 1948 Dominus
885 1896 1029 1946 noster
1051 1894 1179 1962 Jesus
1215 1897 1413 1949 Christus
1442 1934 1455 1959 ,
1491 1899 1688 1946 omnium
1738 1898 1964 1950 hominum
2011 1900 2121 1950 libe..

279 1989 399 2024 rator
430 2008 443 2019 .
494 1972 666 2019 Placuit
717 1971 850 2032 igitur
884 1965 1034 2016 sanstae
1081 1970 1125 2015 &
1159 1969 1435 2016 oecumenicae
1485 1967 1664 2035 Synodo
1692 2004 1705 2027 ‚
1755 1984 1804 2017 ut
1850 1972 2121 2038 unicuiun

279 2044 520 2092 Provinciae
570 2058 675 2109 pura
727 2044 770 2089 &
806 2038 1018 2092 inviolata
1044 2073 1059 2106 ‚³
1113 2054 1210 2104 quae
1243 2042 1332 2104 jam
1368 2037 1469 2086 inde
1505 2038 1562 2087 ab
1596 2040 1726 2086 initio
1762 2038 1915 2091 habuit
1942 2076 1956 2101 ,
2008 2038 2121 2090 sua-⁴

278 2119 375 2181 jura
411 2111 633 2166 serventur
663 2147 676 2172 ,
711 2116 833 2176 juxta
869 2123 1059 2158 veterem
1096 2106 1452 2162 consuetudinem
1482 2129 1495 2166 3
1543 2113 1585 2157 δι
1622 2108 1805 2158 liberum
1839 2109 1891 2158 fit
1926 2113 2121 2178 cuique*

280 2183 633 2250 Metropolitano
668 2186 862 2230 afiorum
897 2178 1092 2245 exempla
1128 2177 1184 2226 ad
1220 2177 1337 2227 suam
1374 2177 1646 2227 securitatem
1681 2182 1878 2247 excipere
1896 2217 1908 2228 .
1944 2185 1988 2230 Si
2017 2174 2118 2248 quis

279 2269 429 2309 autem
466 2251 658 2307 veterem
695 2266 854 2319 typum
890 2246 1198 2318 contempserit
1227 2286 1239 2309 ,
1276 2267 1450 2318 poenam
1487 2266 1576 2304 non
1612 2247 1792 2312 effiagiet
1823 2270 1837 2302 t.
1871 2254 1915 2300 &
1950 2250 1980 2299 fi
2017 2254 2118 2318 quis

281 2325 350 2373 his
379 2360 392 2383 ‚
427 2341 524 2390 quae
559 2339 672 2372 nunc
707 2320 885 2370 decreta
921 2317 1015 2367 sunt
1045 2356 1058 2379 ‚
1093 2335 1335 2386 pugnantes
1370 2320 1537 2371 litteras
1572 2320 1768 2370 attulerit
1794 2356 1809 2381 ,
1856 2322 2002 2371 irritas
2035 2318 2118 2371 effe

280 2394 476 2451 decrevit
512 2391 652 2449 fausta
686 2395 730 2448 &
765 2387 1014 2446 universalis
1049 2388 1249 2463 Synodus
1269 2426 1283 2444 ,

1225 2550 1336 2594 pareat
1345 2545 1447 2591 sam‘71‘
1458 2547 1590 2588 spiritus
1601 2549 1708 2590 grana
1717 2541 1795 2588 ipsu
1809 2554 1946 2586 quoque,
1970 2549 2006 2575 ut
2014 2552 2118 2576 omnes

1229 2597 1371 2640 Ecclefias
1398 2623 1409 2639 ‚
1429 2596 1594 2642 gubernari
1620 2621 1627 2627 .
1654 2592 1886 2629 patriarchalis
1909 2591 2019 2636 quoad
2042 2590 2116 2626 sub-

1227 2648 1374 2683 ditorum
1406 2647 1645 2690 Episcoporum
1670 2644 1957 2678 consecrationem
1971 2641 2113 2685 potestas

1228 2697 1373 2732 eonfistit
1400 2696 1570 2740 praesertim
1593 2696 1629 2730 in
1654 2695 1807 2729 duobus.-
1832 2703 1869 2728 ut
1881 2690 2116 2735 Metropolitos

499 2552 923 2601 SCHOLION.

361 2699 548 2736 Atriarchae
570 2696 789 2734 Antiocheno
800 2698 935 2733 sanstus
946 2696 1062 2730 Petrus
1082 2694 1172 2739 Apo·

115 3232 255 3272 Epistdss·

118 3283 146 3304 c.
170 3283 197 3301 2-

384 2751 489 2786 stolus
511 2750 623 2795 quoad
644 2749 765 2792 judicia
785 2748 820 2783 δε
845 2746 1074 2782 ordinationes
1100 2744 1173 2779 sub-

286 2802 364 2847 jecit
402 2801 593 2846 quindecim
632 2799 814 2836 Orientalis
866 2797 1057 2831 Dioeceseos
1093 2795 1170 2829 Pro-

287 2853 440 2894 vincias,
466 2862 604 2896 quarum
627 2861 691 2884 una
714 2850 776 2883 fuit
797 2846 939 2882 omnine>
962 2846 1171 2890 Cyprus.1ta

286 2903 380 2937 fuiffe
402 2904 503 2948 usque
515 2902 555 2936 ad
582 2899 755 2944 synodum
780 2899 950 2933 Nicaenam
965 2922 973 2935 ‚
1000 2897 1096 2931 docet
1112 2895 1173 2929 Ca·

288 2964 356 2987 non
372 2954 479 2986 sextus
491 2977 498 2983 .
520 2950 752 2995 Apostolicum
766 2946 961 2983 Patriarchae
980 2947 1031 2988 jus
1052 2957 1172 2980 concu-

284 3011 356 3035 tere
379 3014 419 3035 ex
441 3001 622 3035 schismatis
646 2998 853 3034 Eustathiani
878 2997 1047 3032 occasione
1071 2996 1172 3039 coepit

289 3050 414 3086 Ariana
430 3051 553 3092 rabies,
581 3050 699 3085 Divini
712 3060 809 3093 atque
819 3048 954 3082 humani
968 3046 1095 3080 ordinis
1108 3057 1172 3089 per-

289 3101 450 3135 turbatrix
461 3128 471 3143 ,
504 3102 729 3144 exstinctoque
740 3098 910 3134 schismate
923 3096 1030 3132 scribit
1042 3097 1081 3130 ad
1096 3096 1174 3130 Ale-

292 3150 453 3185 xandrum
469 3150 691 3186 patriarcham
701 3149 919 3184 Innocentius
932 3146 1173 3191 primusPonti-

292 3201 369 3234 fex:
397 3204 515 3240 Cyprios
529 3202 627 3244 asseris
655 3202 726 3234 oIIm
757 3204 877 3232 Arianae
889 3203 1052 3239 impietatis
1069 3205 1175 3238 poten«

292 3255 338 3282 ria
345 3248 497 3292 fatigatos
510 3261 566 3281 non
577 3252 701 3292 retulrsJe
713 3274 722 3290 ‚
750 3251 933 3292 spernentes
947 3254 1089 3282 Nicaenos
1117 3251 1175 3279 Ca-

295 3310 384 3332 nones
412 3304 442 3330 in
454 3299 629 3331 ordinandis
650 3300 706 3340 fibi
717 3298 874 3342 Episcopis
888 3323 898 3339 ,
926 3301 960 3332 (⁹5
971 3296 1060 3340 usque
1076 3296 1181 3329 adhuc*

295 3347 404 3382 hahere
413 3345 631 3389 praefitmptum
644 3371 653 3385 ‚
667 3359 700 3380 ut
708 3348 761 3391 suo
773 3350 925 3382 arbitratu
938 3350 1075 3382 ordinent
1087 3352 1174 3379 nemi-

294 3410 363 3431 nem
373 3395 558 3439 consulentes.
573 3398 717 3440 ,Quocirca
734 3398 951 3440 persuademus
963 3405 1054 3437 eis‚ut
1062 3405 1173 3437 curent,

288 3451 389 3490 juxta
417 3451 574 3480 canonum
596 3445 690 3488 fidem
700 3469 710 3485 ,
731 3446 823 3486 fidem
858 3447 1029 3480 catholicam
1047 3445 1153 3489 sapere
1165 3471 1175 3487 ‚

1229 2758 1344 2782 evocet
1373 2746 1415 2781 ad
1462 2747 1533 2779 suas
1567 2756 1686 2780 manus
1711 2769 1722 2786 ,
1748 2743 1945 2787 ordinetque
1976 2740 2116 2785 propriis

1229 2797 1383 2832 manibus
1409 2821 1419 2836 ,
1461 2795 1819 2831 provincialesautem
1841 2793 2024 2837 Episcopos
2050 2801 2116 2834 per-

1231 2849 1345 2881 mittat
1369 2845 1545 2881 ordinaria
1570 2845 1822 2888 Metropolitis‚
1847 2842 1958 2877 verum
1972 2841 2012 2875 ad
2023 2842 2115 2875 suam

1231 2899 1382 2942 praeviam
1417 2896 1585 2930 licentiam
1601 2922 1611 2936 ,
1637 2906 1775 2929 examen
1801 2918 1812 2934 ,
1835 2894 1869 2927 &
1889 2891 2116 2927 confirmatio·

1234 2959 1328 2981 nem.
1357 2946 1508 2980 Primum
1525 2946 1584 2980 sub
1594 2943 1682 2980 disto
1694 2943 1864 2978 schismate
1884 2940 2117 2980 manseratEe·

1231 2998 1331 3032 clesiae
1358 2994 1581 3031 Antiochenae
1606 2995 1672 3030 fere
1707 2994 1934 3028 inconcussum
1958 3017 1969 3034 ,
2005 2992 2117 3025 secun·

1232 3047 1313 3082 dum
1337 3048 1500 3080 violatum
1525 3041 1592 3080 erat
1616 3046 1634 3080 a
1655 3045 1781 3080 cunetis
1807 3043 1889 3087 pene
1916 3040 2118 3084 Metropolie

1232 3098 1274 3131 tis
1311 3121 1321 3137 ‚
1344 3096 1514 3131 'arbitratu
1528 3098 1586 3130 suo
1620 3094 1840 3140 suffraganeos
1862 3086 2113 3128 ordinantibus?

1232 3147 1302 3182 Soli
1329 3147 1447 3190 Cyprii
1472 3144 1884 3190 utrumque-excusserunt
1908 3163 1921 3184 ‚-
1955 3137 2111 3177 transfusa

1233 3197 1267 3231 in
1293 3195 1547 3240 Metropolitam
1569 3197 1663 3230 suum
1676 3195 1772 3238 plena
1795 3193 1945 3228 libertate
1967 3193 2001 3226 δι
2022 3197 2111 3222 auto-

1232 3246 1398 3290 cephalia.
1427 3246 1511 3280 Eam
1535 3244 1623 3279 hisce
1644 3245 1760 3279 litteris
1770 3244 1908 3278 exufflat
1930 3238 2085 3275 Pontifex
2100 3259 2111 3274 ι

1234 3297 1373 3338 illosque
1405 3296 1497 3342 cogit
1508 3295 1549 3330 ad
1562 3296 1697 3340 plenam
1709 3306 1750 3330 ex
1761 3305 1853 3330 more
1864 3292 1999 3332 antiquo
2010 3286 2113 3329 subje-

1233 3347 1396 3382 (tionem.

1285 3395 1333 3430 At
1355 3397 1403 3430 illi
1428 3407 1497 3430 non
1520 3396 1760 3435 obediverunt,
1787 3404 1848 3427 nec
1866 3391 1946 3425 item
1966 3388 2028 3431 juri
2049 3388 2110 3422 suo

1234 3446 1339 3481 defuit
1364 3446 1506 3480 Ecclefia
1527 3444 1742 3480 Antiochena
1770 3467 1778 3474 ·
1805 3441 1960 3484 Antiquae
1981 3437 2111 3474 liberta·

294 3507 388 3540 atque
408 3507 501 3533 unum
512 3507 578 3530 cum
589 3501 705 3530 caetertr
726 3492 840 3540 sentire
855 3498 1022 3531 Provinciis
1034 3521 1045 3537 ,
1070 3505 1103 3530 ut
1124 3504 1178 3540 ap·
1231 3497 1275 3531 tis
1296 3496 1525 3543 possessionem
1543 3497 1671 3532 firmare
1689 3490 1803 3530 conati
1825 3491 1900 3526 sunt
1921 3488 2105 3528 violenter,

2025 3546 2058 3574 at
