2346 3776
635 129 956 198 {Scirorum
992 150 1264 185 ετΝοτῙε
1300 152 1670 187 Ιιιυετιυιτι.
1902 159 1996 206 305

733 288 827 344 ,(Ῑῖ
871 286 928 342 Α
997 289 1081 343 N>
1124 289 1180 344 O
1249 289 1307 344 N
1430 288 1485 345 X
1521 288 1564 343 Ι.

477 430 605 482 Ofius
651 429 890 501 Episcopus
912 429 1088 482 ¹di‘xi'ti
1133 433 1233 483 Hoc
1267 440 1447 497 quoque
1492 429 1671 482 definire
1719 430 1925 482 debemus
1961 453 1975 492 3
2022 449 2072 484 ut

237 429 476 663 H
513 501 692 570 quando
723 499 965 569 Episcopus
1001 519 1054 551 ex
1087 501 1173 551 alia
1208 502 1393 552 civitate
1428 505 1475 552 in
1516 503 1648 552 aliam
1685 505 1913 557 civitatem
1951 540 1965 565 ‚
2000 505 2071 557 vel

513 591 565 623 ex
591 574 681 623 alia
698 614 700 616 .
715 574 946 621 Provincia
985 574 1031 620 in
1055 572 1186 623 aliam
1225 574 1501 628 Provinciam
1535 571 1752 626 accesserit
1779 610 1792 634 ‚
1827 576 2073 639 jaffationis

514 647 655 708 gratia
679 645 867 710 propriis
890 640 1088 693 laudibus
1112 644 1253 706 magis
1276 640 1461 693 serviens
1485 679 1498 703 ,
1547 642 1683 709 quem
1720 645 1942 706 religionis
1979 642 2073 694 san-

234 714 491 765 ‹stificationi
517 752 532 776 ,
567 718 610 765 &
635 714 744 764 velit
766 714 956 776 longiori
981 727 1176 780 tempore
1197 714 1304 764 -illic
1345 729 1469 776 agere
1491 748 1506 773 ,
1542 714 1658 761 illius
1695 730 1840 765 autem
1875 715 2075 765 civitatis

236 784 475 854 Episcopus
511 783 715 835 doetrinae
737 801 841 833 -non
864 782 993 834 fuerit
1017 786 1218 850 peritus;
1254 801 1309 833 ne
1344 784 1471 836 illum
1508 781 1721 851 despiciat
1743 821 1757 844 ‚
1792 788 1835 835 &
1873 784 2073 851 frequen,-

235 857 325 907 tius
358 857 644 906 concionetur
676 892 690 916 ,
738 852 908 903 studens
943 852 1155 906 dedecore
1191 854 1359 906 afficere
1408 858 1452 903 &
1488 852 1756 922 vilipendere
1802 851 2072 922 personam-⁴

235 924 441 993 Episcopi
477 928 494 985 (
522 925 593 975 hic
617 927 734 993 enim
760 936 990 992 praetextus
1027 922 1134 986 solet
1173 925 1319 976 turbas
1355 927 1586 988 excitare)
1622 942 1703 977 nec
1740 923 1947 990 ejusmodi
1983 924 2073 973 cal-

232 994 409 1055 liditate
445 996 632 1046 alienam
669 994 821 1045 Sedem
848 995 937 1045 ‚sibi
975 995 1206 1047 conciliare
1242 999 1285 1048 &
1321 996 1538 1046 attrahere
1573 994 1739 1047 studeat
1763 1032 1777 1056 ‚
1824 1014 1914 1046 non
1947 995 2076 1046 dubi-

235 1082 333 1116 tans
357 1065 437 1116 fibi
462 1065 671 1117 traditam
694 1065 941 1118 Ecclesiam„
955 1066 1196 1130 relinquere
1220 1101 1233 1125 ,
1269 1069 1312 1115 &
1349 1067 1404 1112 in·
1433 1066 1565 1116 aliam
1604 1066 1778 1119 transire
1802 1103 1815 1119 ,
1865 1065 1940 1117 Ad
1987 1067 2074 1117 hoc

233 1136 340 1200 ergo
365 1152 539 1205 tempus
561 1134 853 1188 definiendum
875 1136 937 1188 est
960 1138 1131 1189 .--Nam
1157 1132 1419 1202 Episcopum
1445 1153 1534 1186 non
1567 1138 1701 1203 recipi
1725 1173 1738 1196 ‚
1787 1137 2072 1187 inhumanum

235 1208 471 1259 &incivile
496 1207 885 1259 existimatumcst.
923 1204 1232 1258 Recordemini
1256 1220 1427 1267 autem,
1464 1209 1612 1256 Patres
1626 1206 1790 1259 nostros
1815 1208 1861 1258 in
1875 1222 2074 1274 tempore

233 1280 456 1347 praeterito
477 1275 726 1345 judicavisse
739 1315 752 1338 ,
789 1292 838 1329 ut
862 1276 894 1326 fi
907 1278 1006 1344 quis
1028 1276 1165 1329 *laicus
1191 1277 1237 1324 in
1261 1276 1409 1343 aliqua
1435 1275 1538 1329 urbe
1564 1294 1695 1339 agens
1718 1313 1732 1337 ,
1768 1276 1906 1331 tribus
1917 1276 2074 1329 diebus

233 1348 470 1398 dominicis
494 1385 507 1409 ‚
543 1352 591 1396 in
613 1347 750 1397 tribus
775 1345 1119 1396 hebdomadibus
1142 1363 1230 1394 non
1253 1348 1487 1396 conveniat
1511 1383 1523 1407 ,
1572 1349 1609 1395 is
1635 1349 1941 1397 communione
1978 1366 2073 1411 mm

235 1433 390 1469 veatur
414 1453 430 1469 .
466 1420 510 1467 Si
533 1418 616 1468 hoc
641 1418 745 1482 ergo
770 1417 825 1467 de
860 1418 983 1466 laic-is
1008 1415 1215 1467 statutum
1240 1416 1300 1466 est
1322 1453 1335 1476 ,
1372 1434 1462 1475 non
1479 1432 1661 1484 ‘oportet
1684 1453 1697 1476 2
1734 1435 1814 1474 nec
1833 1421 2072 1479 convenit,

234 1487 309 1538 sed
331 1504 473 1558 neque
496 1489 690 1552 estutile
712 1485 1025 1555 ,Episcopum
1045 1503 1061 1545 ²,
1079 1502 1081 1504 ·
1097 1485 1136 1533 s1v
1153 1486 1316 1538 nullam
1343 1486 1474 1534 habet
1498 1489 1742 1548 graviorem
1768 1486 2073 1548 necessitatem,

235 1559 308 1609 vel
331 1559 558 1620 negotium
582 1552 803 1612 difficilius
827 1592 841 1616 ,
877 1553 904 1610 ὲ
941 1554 1012 1605 sua
1030 1555 1228 1610 ,Ecclefia
1264 1554 1429 1604 diutius
1465 1553 1602 1607 abesse
1627 1593 1640 1615 ‚
1675 1560 1720 1604 &
1756 1555 1835 1605 fibi
1872 1555 2074 1610 commis,

236 1626 328 1676 sum
365 1627 578 1701 populum
613 1625 802 1676 deserere
825 1662 837 1676 .
875 1629 1042 1692 Omnes
1062 1624 1284 1700 ¹Episcopi
1324 1624 1525 1674 dixerunt
1551 1662 1564 1686 ,
1601 1629 1728 1676 Hanc
1766 1644 1946 1701 quoque
1983 1627 2075 1677 sen-

234 1696 424 1755 tentiam
459 1694 539 1749 effe
574 1693 1048 1770 conYehi'entiffimam'«
1136 1702 1138 1705 ’

1190 1882 1247 1905 non
1263 1875 1454 1913 pertinente,
1483 1873 1577 1906 ausus
1600 1872 1639 1905 sir
1653 1896 1662 1912 ‚
1684 1881 1841 1916 tamquam
1860 1874 1997 1908 eruditus
2009 1871 2075 1915 sbr-

1188 1928 1347 1955 mocinator
1369 1923 1558 1964 praedicare.
1587 1923 1741 1958 Eundem
1764 1922 1836 1957 istic
1859 1934 1953 1967 prava
1967 1923 2075 1966 praedi-

683 1995 685 1999 ›
1188 1973 1292 2012 casse,
1318 1983 1355 2006 ac
1369 1983 1409 2005 ex
1422 1972 1487 2015 ipsa
1514 1984 1628 2006 eorum
1650 1974 1859 2007 revocatione
1880 1973 2073 2017 popularem

287 2053 289 2055 .
340 2024 501 2061 Anonein
528 2024 694 2070 intelliges
713 2036 758 2060 ex
773 2024 860 2058 fauo
879 2022 1047 2058 Severiani
1059 2021 1123 2056 Ga-
1187 2033 1299 2056 auram
1312 2031 1467 2058 venatum
1480 2022 1514 2057 ὃς
1540 2023 1755 2057 consecutum
1766 2023 1878 2057 scribit
1900 2023 1941 2057 ad
1954 2023 2073 2057 Nesto-

355 2075 496 2111 balenfis
506 2075 684 2120 Episcopi,
709 2072 919 2109 &Antiochi
931 2073 1123 2107 Ptolomen-
1187 2072 1271 2107 rium
1283 2071 1698 2115 constantinopolitanum
1723 2074 1866 2116 Joannes
1888 2072 2072 2117 Episcopus

241 2126 281 2161 sis
292 2126 329 2160 in
340 2125 536 2167 Phoenicia,
563 2135 648 2170 quos
658 2124 992 2166 Constantinopolim
1003 2123 1123 2157 venisse
1188 2119 1422 2156 Antiochenus
1451 2145 1459 2153 .
1496 2122 1702 2164 Hujusmodi
1727 2122 1810 2168 ergo
1833 2124 2072 2162 declamatores,

236 2175 379 2225 quastus
393 2178 490 2211 causa
499 2176 779 2215 concionatores,
806 2173 989 2218 primasque
1001 2172 1074 2207 istic
1087 2172 1122 2206 in
1187 2171 1312 2206 rabulas
1324 2194 1335 2212 ,
1356 2170 1553 2215 garrulosque
1559 2170 1622 2212 fine
1633 2178 1750 2205 ratione
1766 2172 2071 2214 circumforaneos,

235 2226 397 2262 Sanctum
409 2226 574 2270 Ioannem
584 2223 862 2268 Chrysostomum
884 2222 993 2257 turbas
1004 2222 1125 2261 movis-
1189 2232 1328 2266 quorum
1341 2245 1352 2260 ,
1379 2221 1429 2255 uti
1450 2221 1490 2255 ad
1505 2222 1735 2268 Nepotianum
1749 2223 1884 2257 Sanstus
1905 2222 2073 2266 Hierony,

60 2266 219 2298 1⁶⁴⁶·⁶·²¹·
235 2277 297 2316 se,
322 2276 470 2312 referunt
493 2276 643 2310 Socrates
661 2272 920 2308 &zozomenus
933 2297 940 2304 .
968 2271 1124 2308 Ruffinus
1186 2282 1259 2306 mus
1270 2270 1404 2311 scribit,
1433 2271 1551 2305 unicus
1575 2274 1693 2316 scopus
1714 2271 1759 2306 est
1773 2297 1783 2313 ‚
1806 2272 1904 2306 verba
1927 2274 2049 2307 volvere
2064 2297 2076 2315 ,
2090 2280 2204 2322 Epist,

59 2307 201 2338 Lama
240 2326 279 2361 in
290 2325 408 2361 litteris
429 2325 473 2361 ad
482 2325 671 2360 Mat-arium
691 2324 802 2371 culpat
812 2324 967 2358 Sanctum
979 2321 1123 2366 Epipha·
1185 2322 1381 2357 &celeritate
1406 2322 1527 2358 dtcendt
1545 2324 1632 2364 apud
1650 2328 1822 2365 imperitum
1846 2323 1955 2372 vulgus
1976 2324 2074 2361 adme·-

240 2378 361 2416 nium,
388 2373 521 2420 quodse
537 2385 704 2418 peromnes
722 2382 829 2419 gentes
843 2374 877 2407 &⁸
890 2373 1009 2417 linguas
1031 2383 1124 2406 evan·
1184 2377 1330 2405 rationem
1349 2369 1399 2413 sui
1411 2370 1518 2413 facere
1535 2372 1553 2412 ',
1587 2371 1657 2414 ejus
1680 2373 1861 2407 volubilem
1890 2374 2039 2408 animum
2052 2375 2071 2408 ὲ

238 2427 596 2470 geliundineceffltatem
606 2424 864 2466 babereputaret.
895 2422 1124 2458 EtiamDoro-
1186 2421 1319 2464 proprio
1346 2421 1512 2464 Episcopo
1540 2420 1717 2457 distrahere
1741 2448 1753 2464 ‚
1787 2434 1884 2465 atque
1912 2424 1956 2458 ita
1983 2424 2072 2459 illius

243 2474 363 2509 theum
387 2499 399 2515 ,
433 2472 799 2517 Marcianopolitanum
820 2472 1020 2516 Episcopum
1044 2497 1055 2513 ‚
1081 2473 1143 2516 se-‚
1190 2469 1389 2505 cathedram
1405 2471 1536 2511 venari,
1563 2471 1673 2506 noster
1683 2472 1804 2508 Canon
1817 2474 2019 2517 compescit.

243 2523 363 2558 cundae
382 2523 493 2557 Mefiae
512 2523 769 2567 Metropolinm
789 2544 801 2564 ,
827 2520 1143 2766 Constantinopoli,
1236 2520 1397 2558 Attamen
1420 2521 1496 2565 quia
1521 2519 1685 2565 hospitem
1709 2523 1911 2566 Episcopum
1933 2523 2071 2566 ejicere,

462 1844 888 1954 soffronio-N.

243 2584 359 2609 coram
370 2572 527 2607 Nestorio
540 2571 729 2607 Patriarcha
748 2571 944 2607 concionari
966 2572 1122 2613 solitum,
1185 2580 1242 2606 aut
1255 2582 1324 2605 non
1335 2571 1476 2614 recipere
1488 2595 1498 2610 ,
1523 2571 1716 2605 estincivile
1727 2583 1826 2617 atque
1837 2571 2072 2616 inhumanum,

237 2633 339 2668 atque
356 2623 402 2656 ita
431 2622 503 2657 istic
517 2623 723 2657 Nestorianae
736 2623 827 2665 leprae
849 2621 954 2667 largas
974 2621 1124 2668 propagi-
1185 2620 1255 2665 ejus
1265 2620 1350 2664 apud
1371 2621 1515 2654 alienam
1529 2620 1706 2656 Ecclesiam
1729 2634 1827 2657 morae
1846 2634 1974 2667 tempus
1997 2636 2072 2668 prae-

236 2685 299 2710 nes
319 2674 430 2708 fecisse
439 2698 451 2715 ,
467 2671 586 2707 vscribit
604 2673 744 2711 ,Sanuus
756 2671 906 2717 Cyrillus
929 2671 1124 2718 Alexandri=
1176 2671 1258 2716 digit
1269 2670 1392 2707 Hosius
1402 2680 1444 2705 ex
1457 2671 1610 2715 vigesimo
1625 2672 1732 2715 primo
1746 2697 1757 2712 ,
1784 2673 1894 2723 quide
1907 2673 1998 2707 laicis
2010 2674 2070 2711 sta-

238 2735 303 2759 nus
314 2723 496 2767 Episcopus
512 2721 553 2757 ad
566 2722 770 2758 Caelestinum
780 2713 979 2756 Pontificem
989 2722 1024 2756 ἀ
1038 2720 1124 2756 Aca-

239 2774 332 2809 cium
355 2771 555 2817 Episcopum
576 2768 812 2807 Berrhaeense'm
829 2775 846 2805 ἵ.
875 2770 1033 2813 Basilius,
1061 2772 1141 2807 Ena
1186 2783 1266 2816 pos,
1293 2769 1637 2805 Canone‘Eliberino.
1667 2771 1736 2805 Hic
1758 2771 1804 2805 est
1818 2783 1876 2815 pro
1890 2772 2069 2817 Episcopo-
2087 2783 2119 2811 C.
2130 2785 2176 2812 80.

238 2823 343 2859 clefiae
363 2823 744 2866 Constantinopolitanae
753 2823 927 2870 Diaconus
949 2823 983 2858 δε
1003 2821 1124 2863 Archi·
1139 2811 1141 2851 i
1185 2833 1257 2856 rum
1269 2819 1437 2856 residentia
1451 2820 1602 2863 palmaris
1613 2821 1731 2859 Canon
1744 2846 1755 2862 ,
1782 2822 1960 2856 innovatus
1983 2824 2070 2867 post·
2086 2822 2178 2857 C.4¹„

240 2871 403 2912 mandrita
421 2897 433 2914 ,
460 2872 495 2907 in
516 2873 665 2916 precibus
687 2872 728 2919 ad
752 2871 983 2919 Theodosium
1006 2872 1121 2917 Augu·
1186 2870 1323 2906 modum
1336 2894 1347 2910 ,
1359 2869 1435 2903 licet
1447 2881 1487 2904 ex
1500 2870 1561 2904 alia
1575 2872 1670 2905 causa
1682 2895 1693 2911 ‚
1718 2872 1737 2905 ὲ
1751 2872 1888 2914 Synodo
1901 2872 2068 2909 Trullana

240 2924 327 2958 stum
340 2946 352 2963 ,
377 2916 477 2957 addit*
491 2931 672 2967 repugnare
681 2922 779 2957 sacris
797 2921 993 2956 Canonibus
1006 2946 1017 2961 ‚
1042 2920 1121 2957 huic
1184 2922 1218 2956 δε
1230 2920 1512 2955 Francofordiensi
1527 2945 1538 2960 ‚
1560 2920 1601 2954 ab
1613 2919 1795 2965 Agathenfi
1808 2920 1904 2956 etiam
1919 2922 1962 2957 ad
1976 2923 2068 2957 Pres-

237 2975 358 3018 utique
378 2972 490 3007 nostno
511 2971 690 3007 Sardicensi
704 2996 711 3003 .
739 2971 783 3007 Et
793 2970 930 3006 Persidis
949 2981 1048 3016 atque
1060 2971 1122 3006 Ar·
1186 2972 1318 3014 byteros
1339 2970 1372 3005 &
1395 2969 1566 3007 Diaconos
1586 2972 1741 3006 extensus
1764 2996 1770 3003 .
1809 2972 1929 3016 Neque
1955 2968 2066 3008 tam'en

239 3024 359 3059 meniae
368 3022 486 3056 Clerus
506 3021 594 3066 apud
605 3022 763 3056 Proclum
776 3021 1119 3066 Constantinopolim·
1186 3020 1275 3056 verbi
1290 3020 1490 3070 adjutorium
1514 3020 1602 3058 fratri
1615 3020 1633 3053 ὲ
1646 3021 1742 3060 fratre
1765 3021 1911 3066 impendi
1936 3024 2066 3067 penitus

240 3080 323 3110 num
335 3072 558 3118 Episcopum,
584 3072 617 3106 in
630 3071 780 3115 precibus
803 3083 914 3106 coram
936 3071 1051 3115 quinta
1065 3073 1121 3117 Sy·
1186 3081 1273 3106 vetat
1296 3095 1308 3111 ‚
1343 3069 1526 3103 dummodo
1549 3070 1757 3113 impendatur
1783 3097 1794 3112 ,
1830 3073 2001 3115 quomodo
2023 3074 2065 3112 ab

68 3144 126 3177 A&
141 3153 167 3180 5·
241 3122 336 3158 nodo
349 3122 436 3157 lectis
447 3146 459 3163 ,
470 3122 600 3157 accusat
611 3119 834 3156 Theodorum
845 3121 1119 3164 Mopsuestenurn
1186 3122 1365 3154 Honorato
1378 3114 1564 3153 Maffilienfi
1580 3120 1745 3164 Episcopo
1759 3120 1940 3166 impensum
1954 3123 2064 3165 laudat

77 3186 104 3219 f,
118 3194 187 3223 551·
241 3173 446 3218 Episcopum
458 3195 469 3213 ,
495 3171 585 3214 quod
597 3173 654 3206 vili
661 3171 800 3214 secmdae
808 3172 925 3206 Ciliciae
936 3173 1042 3217 oppido
1061 3185 1119 3217 nen

244 3228 401 3259 conteritas
422 3229 455 3257 in
467 3221 647 3258 antiochena
669 3220 797 3264 Ecclcfia
807 3246 819 3263 ‚
847 3224 986 3255 Paraecia
1000 3223 1119 3257 adeum

1185 2731 1280 2756 tuens
1293 2720 1392 2765 longe
1406 2721 1528 2764 potiori
1540 2720 1609 2763 jure
1622 2722 1758 2756 extendi
1770 2723 1866 2765 possit
1876 2721 1917 2756 ad
1931 2723 2069 2766 Episco-

1186 3172 1220 3205 in
1231 3171 1387 3228 catalogo
1401 3170 1595 3207 Gennadius
1607 3169 1777 3216 Presbyter
1787 3172 2010 3214 Maffilienfis.

337 3578 478 3611 canones
490 3581 575 3611 conc.
589 3579 674 3612 sard.
688 3581 793 3614 Tam-1.
1538 3572 1593 3619 Q
1603 3582 1627 3616 q
1925 3571 1956 3606 C
1968 3571 2014 3608 A·
