2346 3776
46 561 130 604 Resp-
135 573 149 603 5
152 575 171 602 4
188 542 233 576 Et
242 542 391 584 praefatus
401 539 590 575 Patriarcha
600 537 801 576 Theodorus
811 542 966 585 rescripsit
977 554 983 573 :
998 545 1069 575 Pro-

86 1479 156 1511 ⁷²3‘
174 1494 207 1536 J
209 1490 278 1524 ubet
288 1493 393 1521 Canon
406 1488 563 1523 omnibus
568 1486 669 1530 sextis
681 1493 782 1522 Feriis
794 1489 1064 1531 effeje’junandum.

24 3391 68 3428 ‚C.
86 3401 131 3429 14,

104 3024 110 3031 ι
168 2985 291 3021 Militis
306 2986 416 3020 scribit
427 2987 656 3023 Tertullianus
675 3002 681 3021 :
710 2991 861 3024 Habentes
873 2991 1049 3035 observatio-

635 113 1075 164 DissukTA‘mo

191 193 391 238 temporibus
401 194 563 229 servarunt
584 190 687 225 solam
700 190 944 227 Abstinentiam
954 217 964 234 ‚
991 205 1069 227 con-

190 246 274 278 tenti
285 245 362 279 solis
374 242 492 278 Aridis.
529 242 680 285 Egerunt
701 252 740 276 ac
761 242 944 277 etiamnum
965 255 1067 287 agunt

189 293 442 338 Xerophagiam.
468 291 605 324 Etenim
616 292 766 333 praefatus
778 291 964 326 Patriarcha
979 294 1067 327 Mar-

188 356 248 380 cus
259 342 426 388 proposuit
436 340 470 374 ὃς
480 339 566 374 hanc
578 341 804 388 Qaestionem
817 356 828 375 .·
841 342 912 390 Qi
925 341 976 375 his
987 343 1069 386 Jeju-

188 395 253 427 niis
264 392 472 428 continenter
481 400 585 435 agunt
596 414 607 430 ‚
618 390 658 424 ad
671 390 739 426 haec
749 392 783 426 &
795 392 917 436 quartis
927 392 962 425 δε
971 393 1067 426 sextis

187 443 289 477 Feriis
300 442 474 476 vescuntur
490 439 604 474 Aridis
613 465 624 481 ‚
650 441 793 476 sinentur
813 453 869 485 per
889 442 1066 476 secundam

186 492 331 527 mensam
340 501 452 525 curare
463 491 609 534 corporis
619 491 841 537 indigentiam
853 515 864 531 ‚
891 490 948 525 An
969 504 1038 526 non
1051 488 1067 528 ?

180 593 251 635 prie
260 594 455 624 Continentia
457 592 613 631 jejunium
623 590 667 630 est.
703 593 736 624 si
745 602 811 634 ergo
821 597 873 633 qui
885 598 1067 626 continenter

183 647 298 676 vivunt
307 665 318 681 ,
345 642 390 674 ad
405 647 532 683 corporis
542 639 784 683 sustentationem
805 641 877 675 secu
882 642 944 676 nda
964 640 1067 684 mensa

182 692 340 735 indigeant
352 715 363 731 ,
377 693 591 733 praejudicium
601 702 660 725 non
662 697 834 733 patientur.
859 690 1014 726 omnine>
1023 701 1067 725 ta-

183 752 263 775 men
275 753 335 775 nec
346 742 403 784 ipfi
416 751 479 775 tota
487 744 537 775 die
546 748 748 775 continuatam
759 744 1002 782 Temperantiam
1009 748 1067 783 per

183 789 387 834 vespertinam
395 790 674 832 Intemperantiam'
681 790 900 832 deformabunt.
940 793 980 824 Id
988 795 1067 824 enim

180 839 210 882 fi
206 840 338 882 fecerint
350 865 361 881 ,
387 841 597 875 coercebuntur.
634 839 786 875 Affirmat
798 842 894 875 varia.
933 840 1047 875 Primo
1057 864 1067 882 ‚

182 890 274 935 quod
285 889 496 934 Xerophagia
507 890 546 924 fit
559 902 632 925 vera
645 890 763 933 Jejunii
776 892 907 935 species.
930 891 1067 925 Etenim

182 940 250 974 veri
261 939 381 982 Jejunii
393 940 542 974 officium
553 940 599 974 est
607 964 618 980 ‚
646 951 716 974 non
728 940 914 982 hominem,
925 941 978 975 sed
990 940 1066 974 libi-

180 989 276 1025 dines
286 989 443 1024 occidere.
482 991 527 1024 Et
538 989 603 1025 hoc
617 991 761 1025 omnino
782 991 820 1026 fit
833 1003 887 1035 per
899 989 1068 1035 Xeropha-

180 1040 280 1085 giam.
319 1039 473 1075 Secundo
494 1040 579 1075 dicit
590 1065 600 1081 ‚
627 1040 718 1084 quod
737 1042 898 1076 alimento
908 1042 941 1076 &
951 1041 1067 1076 robore

179 1089 410 1134 indigentibus
421 1090 814 1134 corporibus,dummodo
824 1090 1066 1136 Xerophagiam

177 1139 319 1180 servent,
331 1140 454 1184 quartis
466 1152 504 1174 ac
515 1142 614 1182 sextis
625 1142 726 1175 Feriis
737 1143 943 1185 permittatur
956 1143 1066 1175 secun-

177 1188 222 1223 da
235 1189 393 1224 Refeffio.
407 1191 541 1229 Tertio,
552 1190 642 1234 quod
653 1200 789 1234 utraque
799 1191 916 1226 debeat
927 1192 990 1225 effe
1000 1202 1067 1226 mo-

177 1238 297 1274 derata.
323 1239 433 1274 Etiam
445 1241 632 1283 vespertina.
660 1240 774 1274 Palam
786 1241 954 1283 requirunt
965 1242 984 1274 s
1014 1252 1067 1275 arn

180 1288 438 1324 Abstinentiam.
466 1290 602 1323 Etenim
613 1290 648 1321 in
661 1287 891 1332 Apologeticis
914 1301 973 1333 pro
1022 1291 1068 1326 lo-

179 1340 307 1374 rentina
318 1338 456 1380 Synodo
467 1338 619 1372 adversus
629 1338 737 1372 Marci
759 1337 890 1381 Ephefii
912 1340 1067 1385 Episcopi

181 1389 377 1424 Calumnias
388 1388 567 1432 Gregorius
588 1387 858 1431 Protosyncellus
869 1389 979 1424 laudat
994 1402 1068 1434 prae-

181 1441 286 1474 satum
303 1437 535 1481 Apostolicum
547 1437 724 1472 Canonem
734 1447 833 1483 atque
843 1441 1048 1484 prosequitur
1059 1453 1065 1472 :

182 1544 252 1573 Nos
263 1536 439 1582 quibusdam
457 1540 711 1583 nonJejunamus
732 1550 741 1581 ;
769 1542 876 1571 Latini
899 1542 971 1573 verb
993 1552 1067 1574 nun-

180 1601 271 1632 quam
293 1588 377 1629 istim
400 1590 466 1622 diei
473 1591 643 1633 jejunium
649 1587 773 1631 Jblvunt
786 1613 797 1629 ,
824 1588 883 1630 nist
900 1593 1066 1624 Dominicae

175 1642 379 1673 *Nativitatts
390 1640 457 1673 dies
469 1646 629 1683 contingat.
657 1639 772 1674 Palain
782 1640 922 1674 affirmat
934 1641 968 1674 &
981 1641 1068 1674 Grae-

177 1701 236 1724 cos
248 1690 283 1724 &
295 1689 436 1724 Latinos
446 1689 482 1723 in
496 1690 593 1724 sextis
604 1689 706 1724 Feriis
717 1690 937 1734 pariformiter
948 1690 1068 1733 jejuna-

178 1750 223 1773 re.
251 1740 346 1786 Qin
369 1738 472 1772 immo
498 1740 639 1774 Latinos
660 1740 724 1774 effe
744 1740 863 1774 Graecis
885 1741 1066 1786 rigidiores.

178 1788 284 1836 Qod
295 1788 412 1831 nempe
421 1789 463 1823 ab
474 1787 525 1822 his
533 1801 589 1832 per
595 1800 732 1824 omnem
741 1790 1068 1837 Qinquagefimam‚

179 1850 237 1883 per
247 1838 423 1873 duodecim
437 1839 521 1874 inter
541 1839 684 1872 Domini
709 1839 862 1874 Natalem
879 1852 916 1874 ac
927 1841 1067 1885 Epipha-

177 1889 268 1923 niam
280 1888 350 1922 dies
363 1913 374 1928 ,
402 1899 457 1931 per
469 1889 718 1933 Septuagefimae
730 1901 768 1923 ac
790 1890 1003 1934 Sexagefimae
1014 1892 1067 1926 Se-

177 1938 343 1983 ptimanas
354 1963 364 1978 ,
375 1950 413 1972 ac
427 1949 482 1981 per
492 1938 637 1981 quaed'am
649 1938 741 1973 Festa
753 1950 763 1980 3
784 1939 803 1973 ὲ
815 1939 944 1974 Latinis
955 1951 1065 1975 autem

178 1990 215 2022 in
238 1988 307 2024 sola
330 1988 473 2022 Domini
494 1988 678 2022 Nativitate
701 1989 845 2023 solvatur
870 1989 957 2025 istud
983 1991 1066 2034 Jeju-

175 2040 279 2072 nium.
306 2037 369 2073 Per
379 2037 542 2085 Jejunium
553 2038 735 2083 Gregorius
755 2038 927 2073 manifeste
940 2041 1065 2075 *intelli-

175 2089 228 2134 git
241 2089 344 2122 solam
358 2087 617 2122 Abstinentiam.
642 2089 744 2122 Hanc
753 2089 843 2123 enim
854 2089 958 2124 solam
969 2115 979 2130 ,
992 2103 1061 2126 non

174 2138 264 2172 istud
274 2139 437 2172 servamus
446 2138 482 2170 in
493 2138 781 2186 Qinquagefima.
795 2139 839 2172 Et
852 2140 949 2174 istam
959 2141 1061 2175 solam

169 2199 245 2222 non
256 2189 426 2228 solvimus,
436 2188 495 2221 nifi
508 2189 543 2223 in
555 2187 737 2223 Dominica
751 2188 945 2224 Nativitate.
957 2191 1059 2239 Qod

173 2238 278 2282 ipsam
291 2238 374 2273 olim>
385 2238 575 2273 solverimus
586 2239 687 2274 etiam
698 2240 731 2272 in
744 2238 815 2273 aliis
828 2239 929 2273 Festis
940 2265 950 2280 ,
969 2243 1060 2285 supra

173 2288 428 2324 audivimusas.
441 2288 606 2324 Pontifice
627 2289 771 2323 Nicolao
795 2288 922 2324 Primo.
960 2292 1060 2326 Hanc

172 2340 384 2382 remexposui
398 2340 433 2372 in
454 2338 594 2374 Scholiis
615 2339 655 2373 ad
677 2340 830 2382 synodos
850 2341 880 2375 S.
905 2341 1057 2387 Gregorii

173 2388 320 2432 Septimi.
350 2389 431 2436 Quo
441 2399 589 2433 tempore
610 2390 715 2424 Graeci
735 2390 867 2425 istarum
891 2392 1057 2427 Feriarum

171 2437 329 2481 jejunium
343 2440 501 2482 coeperint
512 2440 546 2473 in
559 2440 661 2475 solam
672 2440 908 2475 abstinentiam
929 2443 1058 2489 mitiga-

171 2499 206 2521 re
217 2512 226 2527 ,
237 2488 365 2532 ignoro.
384 2488 519 2523 Interim
533 2490 567 2523 in
577 2490 670 2533 plena
685 2490 897 2535 Xerophagia
908 2493 1057 2528 constan·
1074 2523 1076 2525 .

171 2548 219 2571 tes
230 2549 366 2572 manent
377 2539 475 2572 etiam
490 2537 592 2573 hodie
603 2564 615 2579 ,
639 2540 737 2575 nobis
757 2540 867 2584 quoad
890 2540 955 2576 hoc
966 2545 1056 2585 pien-

170 2588 281 2622 tiores.
317 2588 467 2622 Eandem
482 2590 651 2623 servantin
671 2592 793 2634 quartis
814 2592 923 2625 Feriis.
962 2594 1055 2628 Hinc
1073 2610 1075 2612 r

171 2637 322 2672 laudatus
332 2637 535 2682 Gregorius,
561 2651 603 2673 ne
613 2639 732 2674 Marco
746 2639 885 2684 Ephefio
907 2653 999 2676 novae
1019 2644 1053 2677 in
1072 2642 1074 2645 ’

170 2699 233 2721 nos
243 2687 535 2722 calumniaeansam
546 2689 637 2724 daret
660 2713 671 2729 ‚
698 2690 842 2725 laudavit
861 2691 964 2726 solam
988 2695 1055 2727 fex-

169 2746 239 2771 tam
254 2738 391 2771 Feriam.

218 2787 357 2821 Praesens
369 2788 390 2820 S
410 2787 498 2821 Petri
515 2788 637 2824 Canon
646 2789 815 2836 adjungit:
843 2795 931 2825 Diem
950 2796 1052 2825 Domi-

168 2842 267 2870 nicum
275 2839 393 2870 laetitiae
402 2838 482 2870 diem
493 2845 607 2882 agimus
619 2864 630 2880 ‚
656 2842 736 2882 quod
755 2848 790 2874 in
809 2854 840 2875 eo
853 2846 996 2875 Dominus
1006 2854 1051 2876 re-

163 2885 305 2929 surrexit.
335 2887 415 2920 Haec
424 2888 468 2921 est
482 2889 700 2931 antiquissima
710 2891 812 2925 totius
822 2892 981 2926 subomni
990 2904 1051 2927 coe-

168 2936 203 2970 lo
217 2937 361 2971 Ecclefiae
373 2937 491 2970 Pietas.
530 2938 664 2973 Etenim
684 2942 720 2974 in
743 2941 845 2975 Libro
856 2942 896 2976 de
913 2943 1048 2977 Corona

169 3046 235 3069 nem
255 3043 459 3070 inveteratam
471 3061 481 3076 ‚
506 3049 575 3079 quae
590 3042 806 3079 praeveniendo
827 3044 946 3075 Statum
958 3042 1045 3083 fecit.

168 3090 253 3119 Hanc
257 3086 287 3128 fi
293 3088 375 3119 nulla
385 3089 541 3128 Scriptura
560 3088 773 3122 determinavit
790 3115 800 3130 ,
826 3094 902 3125 certe
924 3091 1049 3135 Consue-

167 3137 236 3167 tudo
246 3137 444 3170 corroboravit
458 3161 467 3176 ‚
495 3149 562 3179 qua·
568 3136 630 3178 fine
642 3138 727 3170 dubio
737 3140 774 3172 de
797 3143 968 3175 Traditione
987 3154 1047 3174 ma-

168 3191 264 3218 navit.
292 3187 443 3230 ,Quomodo
455 3193 533 3219 enim
544 3185 681 3229 usurpari
693 3190 768 3230 quid
772 3190 862 3230 potest
886 3215 895 3230 ,
915 3191 945 3232 fi
952 3193 1048 3223 tradi-

168 3244 233 3267 rum
238 3237 324 3276 prius
337 3249 394 3269 non
405 3237 465 3276 est?
492 3237 644 3270 Affirmat
657 3249 693 3271 ac
715 3237 911 3273 demonstrat
933 3242 966 3274 in
987 3242 1047 3274 Ec-

166 3283 261 3318 clefia
271 3286 332 3319 effe
354 3286 461 3328 plures
483 3287 666 3321 istiusmodi
689 3287 923 3329 Tradiriones,
949 3301 1047 3335 atque

167 3333 315 3378 adjungit
326 3334 423 3369 hanc:
458 3339 515 3369 Die
524 3341 674 3375 Dominico
689 3341 720 3382 J
724 3339 856 3377 ejunium
868 3339 955 3380 nefas
967 3341 1047 3372 duci-

167 3395 242 3416 mus.
282 3384 412 3418 Etenim
424 3386 459 3418 in
471 3385 574 3420 Libro
585 3387 626 3420 de
636 3386 826 3421 Idololatria
849 3389 935 3422 inter
952 3387 1046 3424 Chri-

165 3434 346 3467 stianorum
371 3435 462 3469 Festa
491 3447 639 3470 numerat
664 3437 977 3484 Qinquagefimam
1006 3451 1046 3475 ac

1123 108 1544 161 Puoch1AL1s.
1945 136 2011 175 131

1129 191 1442 235 poffimusjejunare.
1471 188 1617 225 Laudata
1635 187 1860 234 Tertulliani,
1885 197 2013 238 parum-

1130 253 1184 285 per
1194 242 1366 276 immutata
1379 265 1390 281 ‚
1416 241 1511 275 verba
1525 241 1673 276 imitatus
1683 240 1728 274 est
1744 265 1755 280 ,
1782 243 1816 275 &
1835 245 1892 277 suo
1903 244 2011 278 adver-

1129 292 1200 325 sum
1211 292 1439 326 Luciferianos
1446 291 1550 325 Libro
1562 291 1720 335 imposuit
1733 290 2011 334 S.Hieronymus.·

1131 339 1259 382 Etiamsi
1264 341 1594 383 Scripturaeaut‘t'oritas
1607 352 1664 374 non
1680 339 1823 384 subesset,
1850 346 1940 373 totius
1952 347 2010 375 Or·
2051 341 2086 371 C.
2106 341 2137 376 4:

1128 391 1216 424 bisin
1226 391 1302 425 banc
1308 399 1428 433 partem
1439 395 1454 430 ‚¹
1472 392 1586 435 utique
1597 403 1656 435 pro
1670 390 1900 426 Sacro-Sancto
1916 389 2014 424 Chri-

1128 440 1235 474 stianae
1245 441 1517 475 Confirmationis
1531 442 1742 475 Sacramento
1753 466 1764 482 ‚
1791 438 1943 483 consensus
1967 445 2013 472 in·

1122 489 1185 529 star
1208 493 1356 532 Praecepti
1375 491 1527 524 obtineret.
1555 496 1642 524 Nam
1665 492 1698 524 &
1716 491 1810 524 multa
1829 491 1893 523 alta
1904 514 1915 530 ‚
1938 501 2011 532 quae

1124 547 1182 581 per
1201 541 1407 574 Traditionem
1418 547 1451 574 in
1460 541 1596 581 Ecclesiis
1608 538 1808 583 observantur
1819 560 1834 580 -‚
1851 539 2016 573 authoritaa
2041 567 2044 570 Α
2061 567 2065 569 .

1129 598 1187 622 tem
1191 588 1245 631 fibi
1251 587 1376 633 scriptae
1387 594 1475 635 Legis
1486 589 1710 634 usurpaverunt
1721 615 1731 629 ,
1750 592 1834 623 velut
1844 592 1893 623 die
1905 593 2013 623 Domi-¹

1129 645 1192 673 nico
1210 651 1263 673 nec
1278 641 1316 674 de
1328 642 1472 684 geniculis
1492 642 1619 673 adorare
1634 664 1645 679 ‚
1670 638 2008 684 &Jejteniumsolvem

1131 681 1172 722 Et
1185 690 1218 722 in
1230 690 1363 724 Litteris
1372 690 1414 725 ad
1426 689 1576 724 AEmiliae
1587 691 1768 733 Episcopos
1789 689 1830 722 de
1841 688 2009 723 Paschalis
2055 720 2060 725 .

1129 738 1324 774 Festivitatis
1335 742 1463 775 ratione
1473 741 1503 774 S.
1516 739 1710 774 Ambrofius
1731 752 1738 771 ε
1777 741 1862 782 ,Qula
1873 737 2012 781 Resurre-

1127 787 1230 821 ettonis
1239 790 1393 824 celebritas
1406 792 1454 824 die
1467 795 1621 823 Dominica
1630 789 1795 823 celebratur
1818 813 1829 829 ‚
1857 791 2015 822 Dominica

1126 844 1226 871 autem
1245 841 1294 873 die
1307 844 1340 884 J
1341 842 1465 882 ejunare
1483 852 1540 874 non
1547 841 1715 884 poffitmus,
1741 845 1814 882 quia
1825 836 2012 871 Manicbaeos

1125 893 1216 920 etiam
1227 888 1260 920 ob
1267 889 1349 928 istius
1360 891 1424 924 diet
1422 895 1455 935 J
1457 893 1558 932 eiunia
1560 893 1633 931 jure
1644 892 1834 923 damnamus.
1861 893 1920 921 Hoc
1933 895 2016 921 enim

1126 936 1205 976 estin
1216 937 1466 981 Resurret‘lionem
1478 940 1588 981 Christi
1599 952 1656 974 non
1667 942 1791 974 credere.
1823 939 1867 973 Et
1878 938 1958 973 hinc
1968 937 2017 973 de

1127 986 1261 1021 laudato
1286 987 1463 1024 Ambrosio
1487 990 1597 1024 scribit
1623 990 1795 1034 Presbyter
1817 988 1977 1023 Paulinus
2001 1003 2019 1028 .·,

1127 1036 1452 1079 Ambrost‘oprandendi
1462 1052 1617 1083 nunquam
1636 1039 1826 1083 Consuetudo
1839 1039 1929 1081 fuit,
1955 1037 2014 1081 nifi

1127 1087 1177 1120 die
1198 1087 1344 1121 sabbathi
1359 1090 1394 1124 Q&
1414 1092 1585 1131 Dominico,
1610 1092 1663 1124 vel
1683 1086 1747 1123 cum
1770 1090 1930 1122 Natalitia
1945 1089 2028 1123 cele-n

1126 1135 1317 1169 berrimorum
1329 1141 1494 1177 Martyrum
1503 1141 1599 1183 essent.
1627 1138 1683 1173 Ad
1707 1139 1911 1174 Casulanum
1921 1137 2014 1172 Pres-

1128 1185 1279 1228 byterum
1299 1187 1410 1222 scribit
1430 1191 1530 1223 etiam
1548 1191 1674 1223 sanstus
1696 1188 1922 1233 Augustinus:
1955 1190 2014 1222 Die
2034 1179 2156 1219 Epist-8⁶

1129 1239 1281 1269 Dominico
1279 1241 1313 1282 J
1314 1240 1440 1280 ejunare
1443 1238 1624 1282 scandalum
1635 1239 1672 1280 est
1693 1250 1833 1282 magnum
1843 1263 1853 1278 ‚
1879 1239 2016 1272 maxime²

1123 1285 1311 1329 posteaquam
1332 1294 1460 1322 innotuit
1483 1289 1662 1330 detestabilis
1688 1288 1805 1330 baerefis
1831 1288 2011 1322 Manichaeo-

1128 1347 1194 1368 rum
1205 1360 1214 1376 ,
1232 1336 1356 1379 quisuis
1368 1340 1559 1373 Auditoribus
1567 1341 1613 1373 ad
1612 1342 1645 1385 J
1647 1340 1832 1380 ejunandum
1846 1338 1930 1379 istum
1943 1348 2014 1372 tan-

1129 1397 1217 1428 quam
1228 1386 1434 1427 constituerunt
1443 1391 1608 1432 legitimum
1617 1391 1697 1423 diem
1707 1414 1718 1429 ,
1740 1398 1799 1431 per
1807 1389 2015 1431 quodfaHum

1128 1435 1165 1474 est
1176 1460 1187 1475 ‚
1213 1446 1247 1469 ut
1252 1439 1421 1480 jejunium
1434 1441 1483 1471 die
1494 1443 1645 1472 Dominico
1653 1439 1823 1471 horribilius
1843 1438 2012 1472 haberetur.

1131 1486 1172 1519 Et
1193 1496 1306 1529 quarta
1324 1487 1594 1532 Carthaginenfis
1617 1488 1770 1532 Synodus
1788 1488 1893 1522 sanxit
1913 1501 1920 1521 ε
1948 1490 2019 1531 ‚Qut

1131 1537 1337 1570 Dominicodie
1340 1536 1474 1577 studiose³
1477 1541 1509 1583 J
1511 1541 1615 1579 ejunat
1626 1563 1636 1578 ,
1662 1550 1720 1571 non
1738 1540 1877 1571 credatur
1903 1537 2020 1572 Cutha-⁴

1127 1586 1210 1618 licus.
1248 1586 1291 1621 Et
1311 1587 1466 1629 synodus
1486 1588 1798 1633 Caesar-Augustam
1822 1601 1829 1620 :

1127 1635 1249 1678 jejunet
1259 1636 1314 1671 die
1324 1638 1504 1672 Domini-ca
1516 1664 1526 1680 ‚
1555 1640 1649 1674 causa
1661 1639 1840 1683 Temporis
1850 1664 1859 1679 ,
1872 1648 1928 1672 aut
1939 1638 2014 1673 Per«

1130 1686 1285 1720 suasionis
1296 1712 1306 1727 ‚
1333 1698 1389 1722 aut
1401 1689 1653 1733 superstitionis.
1680 1691 1724 1725 Et
1737 1691 1771 1724 in
1784 1689 1893 1723 Libris
1903 1688 1944 1723 de
1955 1690 2015 1724 Di·
2056 1722 2060 1727 ,

1130 1737 1213 1770 vinis
1226 1738 1356 1773 Officiis
1365 1740 1489 1781 sanetus
1497 1740 1638 1775 Isidorus
1647 1740 1828 1785 Episcopus
1840 1740 2013 1783 Hispalen-
2031 1722 2051 1750 L
2064 1719 2082 1749 b

2014 1769 2092 1799 cap.
2103 1771 2153 1796 4²-

1129 1787 1167 1819 fis
1181 1800 1187 1819 :
1215 1791 1273 1821 Die
1284 1793 1441 1823 Dominica
1444 1789 1563 1834 semper
1574 1790 1611 1831 est
1621 1791 1809 1834 reficiendum
1819 1815 1828 1830 ‚
1855 1799 1890 1823 ut·
1906 1788 2015 1832 Resur-

1128 1837 1287 1871 rec‘lionem
1295 1839 1405 1880 christi
1416 1843 1450 1874 (5
1451 1843 1600 1884 gaudium
1619 1841 1745 1882 nostrum
1768 1840 1914 1874 Gentibus
1930 1848 2016 1881 prae*

1127 1888 1265 1920 dicemus.
1293 1888 1467 1932 Praesertim
1477 1902 1542 1925 cum
1556 1886 1711 1933 Apostolica
1724 1893 1744 1924 5
1745 1892 1814 1924 edes
1826 1889 1904 1922 hanc
1916 1893 2013 1934 Regu-

1126 1938 1187 1968 lam
1193 1935 1305 1979 servet.
1334 1938 1480 1975 Plurima
1490 1940 1649 1976 habemus
1666 1940 1851 1975 istiusmodi
1873 1941 2017 1984 antiqua·

1126 1985 1262 2021 Patrum
1274 1988 1471 2026 testimonia.
2016 2025 2021 2029 „

1174 2037 1321 2084 Qaestio
1339 2040 1444 2083 prima
1466 2054 1474 2074 τ
1501 2038 1559 2075 An
1581 2043 1639 2076 ista
1668 2043 1739 2077 Lex
1761 2043 1798 2076 fit
1815 2042 2016 2086 Apostolica«

1125 2086 1357 2123 Constitutio?
1392 2090 1523 2135 Negare
1542 2092 1670 2126 videtur
1691 2094 1818 2127 sanstus
1838 2094 2012 2136 Hierony-

1123 2148 1204 2170 mus.
1233 2136 1367 2173 Etenim
1388 2141 1507 2174 Nobili
1528 2142 1613 2186 apud
1638 2143 1775 2177 Baeticos
1787 2143 1954 2186 Hispanos
1964 2144 2014 2175 vi-

1124 2198 1159 2220 ro
1178 2187 1312 2223 Licinio
1323 2192 1453 2235 roganti
1467 2216 1477 2231 ‚
1504 2203 1544 2225 an
1557 2191 1760 2227 Sabbathum
1771 2194 1849 2227 effer
1860 2193 2007 2236 jejunan-

1121 2238 1200 2271 dum
1215 2262 1226 2277 ,
1253 2240 1436 2284 respondit:
1466 2246 1586 2275 Utinam
1608 2250 1687 2276 omni
1707 2251 1835 2284 tempore
1845 2245 2012 2288 jejunare

1116 2289 1267 2332 possemus.
1295 2293 1391 2334 ,Quod
1408 2298 1440 2324 in
1462 2292 1582 2325 Aeli-bus
1606 2293 1798 2335 Apostolorum
1809 2293 1913 2326 diebus
1931 2296 2011 2326 Pen·'

1120 2338 1233 2380 tecostes
1245 2342 1278 2374 (τ
1289 2343 1338 2374 die
1350 2345 1502 2374 Dominico·
1523 2342 1686 2384 Apostolum
1706 2344 1836 2376 Paulum
1847 2366 1857 2382 ,
1882 2345 1917 2376 (9⁶
1938 2354 2010 2376 cum

1118 2401 1150 2422 eo
1167 2391 1321 2424 credentes
1333 2391 1432 2434 fests-J}
1451 2393 1584 2436 legimus.
1615 2397 1682 2426 Nec
1702 2403 1806 2426 tamen
1823 2392 2009 2426 Manichaeae-

1119 2438 1270 2482 Haereseos
1291 2441 1449 2485 accusandi
1464 2441 1540 2484 sunt
1550 2467 1560 2482 ‚
1587 2454 1654 2476 cum
1672 2444 1803 2475 carnalis
1817 2443 1911 2476 Cibus
1917 2450 2007 2484 prae‘-

1109 2490 1191 2531 ferri
1212 2502 1272 2523 non
1291 2491 1425 2525 debuerit
1444 2494 1611 2534 spirituali.
1650 2496 1718 2526 Nec
1735 2493 1786 2525 hoc
1810 2494 1894 2532 dico,
1920 2494 2003 2534 quod

1116 2541 1220 2573 diebus
1242 2545 1406 2575 Dominicis
1408 2544 1628 2587 jejunandum
1633 2550 1745 2584 putent
1755 2555 1769 2584 ;
1789 2541 1851 2585 sed
1858 2551 2000 2585 unaquae³

1115 2602 1171 2633 que
1194 2593 1353 2624 Provincia
1374 2591 1509 2626 abundet
1527 2598 1562 2625 in
1575 2591 1631 2635 suo
1644 2591 1755 2636 sensu,
1782 2594 1816 2626 (τ
1839 2596 2003 2634 Praeceptae

1115 2643 1264 2682 Majorum
1283 2645 1376 2685 Leges
1399 2641 1569 2684 Apostolicas
1586 2642 1758 2676 arbitretur.
1788 2643 1867 2676 Hoc
1879 2642 2002 2685 postre-

1113 2702 1204 2725 mum
1216 2691 1297 2725 dicit
1318 2692 1359 2726 de
1377 2691 1533 2726 Sabbathi
1558 2693 1693 2736 Jejunio.
1725 2691 1999 2735 Apostolicorum

1114 2740 1257 2774 Aetuum
1278 2741 1371 2776 locus
1393 2743 1436 2775 est
1459 2741 1532 2776 hic:
1561 2747 1584 2774 Α
1597 2742 1747 2784 Philippis
1759 2748 1896 2775 ‘venimus
1908 2745 1999 2775 Troa-
2015 2741 2134 2780 Cap-20

1111 2793 1185 2824 dem.
1223 2795 1289 2824 Una
1309 2802 1410 2825 autem
1429 2792 1574 2826 sabbathi
1605 2804 1671 2825 cum
1699 2792 1926 2834 convenissemus
1952 2793 1998 2825 ad

1103 2841 1309 2885 frangendum
1327 2850 1439 2883 panem
1458 2867 1468 2881 ,
1494 2844 1609 2875 Paulus
1631 2840 1804 2884 disputabat
1821 2853 1886 2874 cum
1913 2848 1956 2874 eis
1982 2866 1995 2882 ,

1105 2891 1294 2932 profec‘Jurus
1317 2900 1350 2924 in
1370 2891 1527 2932 crastinum
1542 2917 1551 2931 ,
1585 2898 1799 2934 protraxitque
1825 2894 1995 2925 Sermonem

1109 2939 1199 2983 usque
1223 2942 1268 2973 ad
1290 2943 1421 2974 mediam
1447 2942 1564 2974 nostem.
1614 2940 1725 2985 Atque
1756 2941 1800 2974 ita
1833 2951 1906 2975 toto
1929 2942 1993 2976 isto

1108 2991 1162 3025 die
1183 2990 1348 3034 jejunavit.
1375 2991 1479 3025 Porro
1499 3003 1564 3024 una
1586 2989 1825 3025 Sabbathorum
1844 3002 1911 3025 erat
1922 2991 1993 3026 dies

1108 3041 1298 3075 Dominica.
1347 3040 1469 3084 Ample
1492 3040 1555 3074 hoc
1578 3041 1612 3073 in
1636 3039 1769 3073 Litteris
1795 3042 1836 3076 ad
1858 3041 1992 3077 Casula-

1107 3102 1186 3123 num
1207 3090 1435 3133 Presbyterum
1456 3091 1655 3124 demonstrat
1681 3091 1810 3124 sanstus
1835 3090 1991 3136 Augusti-

1107 3152 1168 3173 nus
1181 3164 1190 3179 ,
1216 3141 1313 3183 atque
1333 3141 1482 3184 adjungit
1495 3154 1505 3173 :
1533 3138 1787 3183 Priscilliamstae,
1814 3140 1989 3174 Manichaeo-

1106 3203 1172 3223 rum
1176 3189 1336 3231 simillimi,
1363 3192 1406 3222 ad
1417 3191 1640 3234 Jeiunandum
1664 3191 1714 3222 die
1734 3189 1987 3234 Dominicafiilem

1106 3241 1298 3281 testimonium
1315 3241 1352 3272 de
1377 3239 1569 3280 Apostolorum
1590 3240 1711 3273 Altibus
1728 3240 1876 3274 adhibere.
1907 3241 1989 3276 Uti-

1105 3302 1167 3334 que
1177 3290 1240 3332 jam
1261 3288 1435 3322 adductum
1458 3289 1693 3323 testimonium.
1721 3290 1918 3334 Respondeo
1941 3301 1988 3325 ta-

1104 3352 1179 3374 men
1193 3340 1254 3372 effe
1266 3339 1439 3372 Canonem
1451 3338 1689 3382 Apostolicurn.
1727 3341 1861 3374 Etenim
1874 3341 1986 3375 locum

1103 3389 1158 3423 hic
1170 3388 1265 3422 habet
1279 3388 1408 3433 Regula
1419 3414 1429 3429 ‚
1456 3401 1553 3432 quam
1567 3390 1601 3423 in
1613 3390 1733 3424 Literis
1743 3390 1784 3425 ad
1796 3391 1985 3434 Ianuarium

1103 3439 1212 3473 laudat
1224 3440 1347 3472 sanetus
1358 3438 1563 3483 Augustinus
1577 3452 1583 3471 :
1611 3441 1667 3473 Illa
1679 3464 1689 3479 ,
1702 3452 1768 3481 quae
1781 3452 1837 3475 non
1847 3443 1964 3481 Scripta
1973 3464 1985 3479 ,

164 3483 253 3518 d-iem
267 3483 494 3518 Dominicum.
533 3486 635 3531 Qod
648 3488 763 3533 nempe
776 3487 843 3524 istis
853 3488 967 3525 dicbus
975 3501 1042 3526 non
1099 3489 1157 3534 sed
1168 3489 1295 3523 Tradita
1307 3487 1480 3530 custodimus
1492 3514 1500 3530 2
1529 3501 1597 3533 quae
1618 3491 1737 3531 quidem
1756 3500 1814 3524 toto
1835 3499 1985 3524 terrarum

263 3533 379 3577 Dissert.
392 3535 515 3569 Proaem.
529 3537 608 3571 Tem
620 3541 645 3570 Ι.

1599 3539 1631 3573 R
1683 3552 1706 3577 2.
1918 3537 1987 3570 orbe

2029 1525 2153 1561 Can-64:

1866 1589 1922 1623 Ne
1940 1589 2016 1632 <1⁰³⁵
2029 1605 2102 1635 Can.
2126 1615 2154 1634 2.
