2346 3776
624 97 1078 154 ‚Drssn-RTATIO
1128 89 1555 147 Pssommims.
1938 109 2007 158 ,ῖς

181 172 317 224 mgnum
327 179 494 216 coelorum,
519 180 724 218 qutssnimam
741 171 838 216 solam
860 177 893 204 in
913 169 1062 214 confiscato
1126 176 1203 203 riam
1222 174 1304 211 Dei,
1322 170 1354 213 fi
1368 170 1478 204 tributo
1496 171 1646 204 licentiam
1663 169 1756 206 ,τιθῶ
1771 171 2004 218 compensaveri-

176 219 299 268 jabem,
324 232 357 262 st
369 240 425 263 non
442 225 589 268 pffcmus
608 223 670 258 Deo
683 221 802 266 servire
813 223 846 258 (ἐν
859 225 1037 255 Mammonae
1050 245 1061 261 ‚
1124 232 1194 254 mus
1216 222 1233 254 ἓ
1269 225 1376 264 Itaque
1394 227 1445 264 qui
1456 232 1521 254 eam
1538 226 1665 263 praemio
1679 221 1840 263 paciscitur
1852 249 1863 264 ,
1889 221 2005 267 dispfi-

174 274 323 326 possumus
334 281 354 311 ἃ
364 280 425 313 Deo
438 271 550 309 >redimi
573 275 608 311 (⁴7
627 276 647 305 ἃ
662 277 833 307 Mammona
848 273 865 304 ,ἲ
892 273 974 315 ,Quis
985 277 1062 306 enim
1128 276 1201 304 tioni
1213 275 1338 307 Divinae
1349 269 1539 314 adversatur.
1566 274 1644 304 Cum
1654 276 1745 315 igitur
1756 271 1835 304 nibil
1841 274 1923 306 nobis
1937 279 2006 307 σα.-

179 336 278 374 magts
283 327 398 372 serviet
409 328 588 361 Mammonae
599 348 610 364 ,
620 325 711 366 quam
722 335 809 366 quem
822 326 1008 355 Mammonas
1021 333 1063 355 re-
1117 319 1173 364 sar
1189 322 1335 356 indixerit
1352 327 1386 355 in
1408 321 1486 355 hunc
1518 322 1635 355 modum
1656 320 1864 363 stipendiaria·
1889 322 1981 355 secta
1991 347 2004 363 ,

178 380 296 414 demit?
324 374 453 415 Verba,
480 377 631 416 Pauperes
637 372 734 417 solam
744 379 876 406 animam
888 378 920 405 in
930 370 1064 414 confisca-
1119 369 1178 414 sed
1194 382 1246 405 nec
1265 373 1357 405 inditi
1373 372 1434 406 tale
1451 382 1583 414 unquam
1595 373 1671 414 quid
1673 372 1775 414 poffit,
1803 370 2003 410 Anti-Christo

178 423 211 465 ro
221 427 330 462 babent
342 450 353 465 ,
378 422 605 461 demonstrant
613 424 755 461 caussam
767 435 809 458 ex
819 433 883 465 qua
901 420 1019 456 divites
1031 423 1061 455 se
1117 423 1189 461 jam
1198 420 1326 462 instante
1335 446 1346 462 ,
1359 423 1393 455 ὢ·
1403 427 1436 454 in
1439 420 1617 465 sanguinem
1627 447 1637 463 ‚
1658 434 1716 455 non
1725 429 1758 455 in
1763 427 1909 464 pecunias
1920 419 1996 453 biart
2009 435 2012 446 ·

179 473 318 523 pecunia
327 474 543 514 redimerent,
575 475 670 511 fuisse
682 486 750 509 non
762 471 861 507 solius
871 472 987 507 mortis
997 483 1062 508 me·
1123 479 1152 504 te
1175 470 1408 515 Christianorum
1427 496 1438 512 ‚
1473 474 1613 515 quomodo
1634 471 1708 505 mibi
1735 480 1900 514 proponere
1910 471 2006 514 potest
2055 487 2061 504 ι

178 524 251 565 'tum
263 550 274 566 ‚
299 524 354 559 sed
365 525 466 562 etiam
477 534 605 561 metum
618 522 882 559 Confiscationis.
921 522 974 556 Ex
992 533 1059 565 quo
1118 518 1263 563 scriptum
1280 523 1331 564 eff?
1346 534 1352 553 :
1380 522 1511 557 Reddite
1529 533 1598 564 quae
1612 520 1686 564 sunt
1709 521 1844 566 Caesaris
1866 520 2005 566 Caesari?

176 577 266 615 lucet
276 575 556 619 Redemptionem
569 574 669 614 hanc,
681 574 760 610 dum
771 571 856 617 apud
868 572 972 614 ipsum
983 570 1062 605 Pro·
1125 572 1211 606 Miles
1222 583 1268 605 me
1278 596 1288 612 ‚
1314 572 1367 605 vel
1371 572 1504 611 delator,
1531 572 1584 604 vel
1590 577 1728 605 inimicus
1748 578 1875 606 concutit
1889 597 1900 612 ‚
1925 571 2006 606 nibil

177 626 293 663 vinciae
303 625 468 660 Praefidem
480 626 572 659 fieret
582 649 593 665 ,
604 625 696 661 fuisse
705 634 774 659 non
787 621 962 658 modicam.
975 621 1059 655 Ter·
1124 619 1241 663 Caesari
1251 627 1373 665 exigens
1387 645 1399 661 ,
1409 624 1498 655 mmo
1511 630 1614 655 contra
1616 621 1737 662 faciens
1751 634 1760 664 3
1786 634 1852 655 cum
1862 621 2006 663 Christia-

174 667 336 714 tullianus
349 675 428 720 ergo
447 675 542 711 istam
561 674 820 717 redemptionem
839 673 978 707 affirmat
998 672 1061 704 effe
1123 683 1193 704 num
1222 672 1351 715 Legibus
1380 671 1520 705 humanis
1549 682 1632 704 reum
1656 696 1666 711 ,
1702 674 1834 706 mercede
1866 674 2004 708 dimittit.

176 738 252 762 vera
298 726 486 771 negationis
508 725 648 769 speciem
667 723 712 759 ob
731 723 812 758 duas
832 722 962 758 caussas.
996 720 1061 754 Pri·
1125 722 1206 754 Alius
1216 721 1255 761 est
1264 723 1428 762 denarius,
1454 733 1542 766 quem
1563 719 1680 764 Caesari
1690 721 1799 762 debeo,
1825 727 1875 764 qui
1887 723 1932 755 ad
1938 733 2009 765 eum¹

177 776 238 812 mo
248 801 260 816 ,
286 775 376 819 quod
387 776 460 812 talis
472 775 632 812 redimens
639 773 855 817 semet-ipsum
866 783 979 807 coram
989 772 1063 804 uni·
1118 777 1252 812 pertinet
1262 797 1273 813 ,
1298 773 1336 808 de
1345 783 1400 815 quo
1410 781 1482 807 tune.
1488 772 1635 817 agebatur
1644 796 1655 812 ‚
1681 772 1862 808 tributarius
1874 795 1885 810 ,
1911 773 1932 803 ἃ
1951 778 2007 805 tri-

174 838 219 861 co
242 825 415 860 dumtaxat
435 825 615 864 Delarore,
641 824 777 863 Milite,
803 833 860 857 aut
881 819 1058 858 furunculo
1123 820 1250 855 butariis
1266 820 1403 869 scilicet,3
1426 824 1516 856 nonii
1535 822 1637 856 liberis
1657 822 1786 855 debitus.
1818 825 1878 855 Aut
1892 831 2005 863 quomo-

172 872 352 912 Praefidese
362 875 501 909 fateatur
522 872 748 911 Christianum
759 898 770 914 ‚
797 872 883 917 apud
906 872 989 906 alios
1008 883 1061 906 au·
1123 870 1159 902 do
1170 872 1295 918 reddam
1302 871 1449 920 quaesunt
1461 876 1519 906 Dei
1535 873 1621 907 Deo?
1648 876 1754 914 Utique
1760 872 1889 914 proinde
1900 876 2004 915 imagi-

172 935 244 961 tem
254 935 370 959 omnes
379 923 526 969 abneget.
556 923 690 965 Etenim
703 922 787 967 apud
799 924 861 959 suae
869 921 1062 957 Christiani·
1123 921 1230 954 nem&
1240 931 1387 954 monetam
1405 921 1512 964 ipfius,
1537 921 1711 966 inscriptam
1723 928 1834 954 nomini
1854 923 1921 962 eius
1933 946 1944 961 ‚
1970 922 2009 954 id

169 975 252 1010 tatis
265 975 455 1019 ignorantes
463 985 532 1007 non
545 973 614 1008 vult
625 973 752 1008 traduci
764 976 815 1007 seu
829 973 958 1017 aperiri,
971 972 1059 1017 quod
1122 968 1160 1009 est
1170 994 1181 1010 ,
1208 969 1353 1004 hominem
1374 971 1598 1011 Christianum?
1623 974 1713 1015 ,Quid
1722 981 1822 1005 autem
1833 975 1895 1005 Deo
1904 970 2005 1010 debeo,

169 1025 267 1062 :illam
287 1025 424 1059 scientes
444 1023 553 1060 evadit
574 1023 728 1067 impune,
754 1022 897 1067 ideoque
919 1023 1060 1057 creditur
1121 1018 1189 1058 ficut
1201 1021 1358 1053 denarium
1372 1020 1507 1064 Caesari,
1533 1021 1590 1062 nisi
1590 1020 1768 1065 sanguinem
1789 1033 1875 1064 quem
1879 1029 1938 1063 pro
1958 1032 2008 1065 me

171 1064 354 1119 abnegaffei
381 1074 529 1109 Secunda
544 1075 627 1108 ratio
640 1074 686 1108 est
701 1099 712 1114 ,
738 1073 826 1118 quod
840 1073 1059 1117 semet-ipsum
1115 1068 1204 1109 fudit
1224 1071 1324 1103 Filius
1347 1069 1447 1112 ipsius.
1480 1073 1575 1114 ‚Quod
1586 1070 1618 1112 fi
1634 1076 1695 1104 Deo
1715 1074 1835 1115 quidem
1859 1071 2005 1112 bominem

168 1137 229 1170 per
242 1122 474 1161 Mammonam
492 1124 649 1160 redimere
664 1148 674 1165 ‚
701 1124 851 1160 involuat
870 1123 1058 1159 damnatam
1123 1117 1342 1163 &sanguinem
1351 1131 1448 1152 meum
1459 1121 1548 1154 debeo
1560 1132 1568 1162 ;
1596 1132 1673 1153 nunc
1683 1133 1754 1154 vero
1765 1128 1798 1154 in
1808 1133 1840 1154 eo
1844 1119 1913 1162 ficm
1931 1126 2005 1153 tem-

172 1175 378 1213 Mammonae
390 1175 586 1208 servitutem.
1118 1175 1191 1209 pore
1203 1193 1213 1208 ‚
1239 1178 1273 1202 ut
1284 1171 1364 1211 quod
1373 1173 1434 1203 Deo
1453 1169 1542 1204 debeo
1553 1195 1563 1211 ‚
1590 1170 1750 1211 expostuler
1762 1195 1774 1210 ‚
1799 1176 1901 1212 utique
1913 1169 2005 1211 frau-

224 1225 403 1270 Pergamus
413 1223 454 1258 ad
466 1224 620 1267 quintum
631 1232 866 1267 argumentum
880 1236 886 1255 z
902 1222 1059 1263 Postremo,
1121 1217 1276 1260 demfacio
1287 1244 1298 1259 ,
1324 1221 1359 1253 id
1378 1232 1471 1264 agens
1483 1245 1494 1261 ‚
1521 1222 1559 1254 ne
1568 1222 1649 1263 quod
1657 1220 1746 1254 debeo
1758 1245 1769 1260 ‚
1790 1219 1917 1263 fhlvam.
1946 1223 2010 1257 Be-,

170 1288 231 1319 quo
241 1276 372 1316 exemplo
383 1280 477 1307 uteris
488 1279 520 1306 in
530 1274 758 1313 redemptionem
769 1273 971 1305 Traditionis?
985 1275 1059 1314 Apo-
1122 1279 1157 1302 ne
1168 1265 1327 1311 observavi
1332 1277 1518 1312 praeceptum
1524 1296 1535 1312 ,
1563 1269 1679 1314 Caesari
1689 1272 1820 1304 reddens
1833 1294 1843 1310 ,
1855 1282 1922 1313 quae
1929 1268 2012 1314 sunt'

166 1326 235 1368 stoli
241 1318 493 1367 persecutionibus
505 1327 635 1364 agitati,
661 1322 779 1363 quando
794 1319 829 1363 se
845 1328 975 1362 pecunia
997 1332 1059 1354 tra·
1121 1317 1253 1361 Caesaris
1265 1344 1275 1360 ,
1304 1322 1366 1353 Deo
1378 1323 1448 1354 vero
1460 1332 1528 1363 quae
1542 1319 1617 1364 sunt
1639 1324 1697 1354 Dei
1714 1321 1875 1364 abnegans.
1903 1319 2004 1354 Affir-

175 1375 292 1408 Hantes
302 1372 508 1406 liberaverunt
521 1372 534 1404 ?
559 1372 641 1414 ,Quae
653 1371 713 1404 illis
723 1377 825 1414 utique
838 1383 894 1404 non
905 1372 1009 1406 deerat
1019 1384 1057 1406 ex
1121 1379 1186 1402 mat
1199 1370 1217 1402 a
1231 1369 1393 1404 Romanis
1404 1394 1414 1409 ,
1440 1371 1582 1416 augendi
1602 1372 1702 1406 aerarii
1721 1371 1821 1407 etiam
1833 1381 1887 1415 per
1897 1370 2006 1404 sordes

167 1424 355 1469 praediorum
367 1427 478 1463 pretiis
501 1422 546 1453 ad
558 1422 652 1462 pedes
674 1432 771 1454 eorum
796 1420 939 1463 depofitis.
968 1423 1069 1455 Certe?
1121 1418 1361 1453 Studiofiffimis
1385 1443 1395 1461 ,
1433 1420 1685 1464 Imperatoribus
1705 1422 1806 1464 usque
1826 1431 1906 1455 tunc
1933 1419 2010 1463 nul-ff

165 1475 276 1515 multis
285 1471 475 1514 locupletibus
486 1470 673 1504 credentibus
687 1495 697 1510 ,
712 1476 790 1505 viris
802 1471 992 1512 acfoeminis‚
1005 1478 1056 1513 qui
1119 1467 1188 1502 lum
1200 1469 1294 1503 fuisse
1316 1468 1513 1504 Christianis
1534 1471 1720 1514 impolitum
1739 1471 1872 1503 censum
1885 1479 1941 1503 aut
1953 1470 2007 1503 tri-

168 1513 223 1558 bis
235 1530 327 1557 etiam
338 1521 495 1565 refrigeria
504 1519 718 1559 ministrabant.
750 1522 886 1565 ,Quando
896 1531 949 1554 aut
968 1525 1056 1564 Aqui·
1120 1518 1245 1553 butum.
1273 1516 1495 1553 Christianam
1507 1520 1720 1564 Religionem
1731 1521 1832 1564 usque
1842 1530 1922 1554 tunc
1935 1531 2008 1554 non

165 1575 204 1610 la
213 1597 225 1614 ,
237 1582 291 1606 aut
303 1574 324 1606 5
325 1570 473 1614 tephanus
486 1570 537 1604 boc
546 1571 629 1603 modo
641 1576 683 1604 eis
693 1576 725 1603 in
730 1569 933 1614 persecutione
939 1569 1055 1614 succur-
1119 1569 1211 1604 fuiffe
1233 1567 1483 1612 stipendiariam.
1522 1569 1628 1605 Addit
1655 1570 1764 1605 Roma
1770 1582 1815 1604 nae
1833 1569 2007 1614 Reipubli-

164 1616 277 1659 rerunt
289 1623 306 1655 ?
333 1624 447 1656 Paulus
459 1622 579 1664 quidem
590 1632 655 1654 cum
667 1622 756 1654 Felix
778 1619 895 1664 Praeses
911 1628 1054 1663 pecunias
1117 1631 1159 1653 cae
1179 1620 1322 1653 formam
1340 1620 1403 1655 effe
1433 1620 1596 1655 Divinam
1616 1620 1872 1664 dispofitionem.
1911 1619 2006 1653 Hinc

162 1673 201 1720 se
205 1682 264 1716 pro
273 1685 304 1708 eo
315 1680 500 1714 accepturum
510 1672 530 1704 ἃ
545 1669 706 1714 Discipulis
712 1669 856 1714 sperasset
868 1695 879 1710 ,
904 1673 942 1704 de
955 1683 1010 1714 quo
1023 1674 1056 1705 (ν
1118 1670 1215 1703 infert
1227 1670 1393 1705 neminem
1416 1668 1642 1705 Christianum
1662 1671 1764 1705 etiam
1785 1672 1803 1704 a
1821 1671 2005 1714 semet-ipso

165 1722 233 1766 ipse
242 1730 275 1759 in
282 1721 391 1766 secreto
402 1721 548 1755 trac‘lavit
558 1733 623 1754 cum
633 1719 716 1763 ipso,
741 1732 834 1763 neque
846 1719 909 1764 ipse
926 1730 984 1763 pro
999 1720 1055 1764 se,
1117 1720 1205 1762 posse
1226 1720 1364 1763 pecunia
1384 1719 1509 1754 redimi.
1546 1718 1713 1766 Adjungit
1738 1722 1874 1755 cunstos
1900 1721 2002 1764 usque

165 1784 266 1816 meque
278 1771 421 1816 Discipuli
427 1780 483 1813 pro
492 1782 522 1804 eo
535 1781 738 1804 numerarunt.
766 1773 816 1804 Illi
838 1778 941 1814 utique
964 1770 1056 1815 Disci-
1117 1780 1196 1804 tunc
1218 1770 1444 1805 Persecutores
1466 1782 1536 1804 non
1558 1772 1594 1804 in
1622 1770 1890 1815 Christianorum
1910 1782 2004 1813 pecu-

163 1825 257 1867 puli,
283 1821 448 1865 quiflentes
459 1821 538 1862 quod
549 1818 768 1863 Hierosolymam
789 1820 1056 1863 tendereperftve-
1119 1821 1188 1854 nias
1209 1819 1307 1854 hiaffe
1321 1845 1331 1860 ‚
1357 1819 1460 1853 sedin
1480 1821 1590 1855 solum
1612 1821 1819 1866 sanguinem.
1846 1820 2002 1855 Affirmat

165 1882 275 1913 naret,
301 1873 336 1906 Θ
341 1869 558 1913 persecutiones
563 1871 752 1911 praedicatas
765 1872 823 1904 illic
837 1882 893 1903 non
901 1879 1054 1913 praecave-

167 1932 217 1958 ret
228 1946 239 1962 ,
245 1920 388 1964 postremo
399 1925 540 1962 inquiunt
551 1931 557 1950 :
570 1924 645 1952 Fiat
655 1922 796 1954 voluntas
810 1924 875 1954 Dei.
905 1923 984 1965 ,Quae
1002 1920 1055 1962 ista

167 1972 310 2012 voluntas
324 1971 341 2002 .2
368 1974 474 2012 Utique
484 1978 518 2002 ut
524 1976 681 2011 pateretur
695 1978 753 2010 pro
773 1976 889 2004 nomine
911 1974 1052 2012 Domini,

168 2033 229 2057 non
238 2030 272 2055 ut
283 2018 486 2055 redimeretur.
513 2023 635 2061 Oportet
645 2025 725 2052 enim
735 2044 746 2060 ,
767 2021 904 2062 quomodo
915 2020 1050 2060 Christus

167 2077 303 2105 animam
306 2069 395 2114 suam
400 2067 499 2113 posuit*
502 2076 560 2111 pro
570 2068 652 2102 nobis
664 2094 674 2109 ‚
684 2075 730 2102 ita
737 2070 806 2112 fier!
809 2079 866 2112 pro
876 2081 907 2103 eo
916 2071 950 2103 ὦ·
968 2072 988 2102 ἆ
1004 2082 1053 2103 no-

166 2121 225 2157 bis.
252 2126 319 2155 Nec
330 2117 577 2161 tantumproipso
586 2143 596 2158 ‚
623 2122 711 2152 immo
723 2126 814 2152 etiam
823 2128 881 2162 pro
895 2120 1050 2162 fratribus

162 2178 288 2216 propter
298 2168 401 2213 ipsum.
429 2170 525 2213 ,Quod
525 2172 557 2212 J
559 2180 668 2202 oannes
681 2171 786 2203 docens
795 2195 806 2211 ,
832 2182 890 2203 non
902 2170 1049 2211 &fratri-

166 2221 226 2254 bus
237 2221 453 2254 numerandum
465 2243 475 2259 ,
496 2217 556 2263 fi‘d
559 2221 746 2253 moriendum
753 2226 854 2261 potius
871 2227 1049 2262 pronuntia-

166 2275 225 2305 vit.
265 2269 359 2303 Nihil
376 2268 515 2310 interest,
533 2267 565 2310 st
579 2280 665 2311 quom
684 2269 884 2310 Christianum
906 2272 1048 2304 redimere

164 2331 226 2356 reon
245 2320 355 2354 debeas
374 2329 429 2354 aut
450 2330 551 2352 emere.
579 2322 625 2352 Et
644 2321 717 2354 adeo
728 2320 868 2354 voluntas
877 2319 978 2361 Deific
999 2320 1046 2360 est.

165 2369 318 2405 Affirmat
343 2368 421 2404 huic
447 2368 683 2412 Redemptioni
718 2370 847 2404 nullum
882 2371 1046 2415 suffragari

165 2418 401 2463 Apostolicum
410 2418 598 2462 exemplum
609 2430 664 2453 aut
677 2419 902 2454 testimonium
918 2444 929 2460 ,
942 2420 1047 2454 immo

166 2478 341 2512 utrumque
350 2469 516 2514 refragari
537 2468 673 2503 Etenim
683 2470 806 2504 sanetus
825 2470 946 2503 Paulus
966 2470 1047 2504 Feli-

166 2519 198 2553 ci
209 2518 337 2554 Praefidi
349 2543 359 2558 ‚
385 2518 568 2554 istiusmodi
579 2518 839 2561 redemptionem
851 2521 1045 2563 exspectanti

165 2568 276 2604 noluit
289 2568 437 2603 assentiri.
473 2568 517 2602 Et
538 2569 663 2602 sanctus
685 2569 827 2611 Ioannes
845 2568 1046 2613 Apostolus,

166 2619 271 2663 quiin
283 2619 385 2663 prima
396 2619 450 2652 sua
474 2617 619 2663 Epistola
642 2630 700 2662 pro
722 2620 818 2652 fratre
835 2619 1045 2655 moriendum

163 2668 250 2714 jussit
262 2692 273 2708 ,
298 2679 366 2704 non
378 2667 464 2711 juffit
476 2668 721 2703 numerandum.
748 2668 879 2704 Deinde
891 2668 1044 2717 Christia-

164 2730 247 2754 num
259 2717 429 2752 hominem
439 2729 507 2751 non
519 2718 596 2751 licet
615 2729 721 2753 emere
734 2732 744 2752 .·
771 2718 861 2763 Ergo
879 2731 940 2754 nec
962 2720 1044 2754 redi-

163 2779 260 2802 mere.
288 2767 331 2801 Et
342 2766 418 2802 hinc
431 2767 518 2801 vides
529 2768 700 2802 Canonem
715 2793 726 2809 ‚
752 2769 807 2812 qui
817 2767 1041 2805 Christianum

164 2817 374 2860 Mancipium
388 2827 470 2851 vetat
481 2817 499 2850 ὲ
509 2816 706 2853 Christianis
717 2818 868 2860 distrahi,
886 2820 949 2854 esse
959 2822 1041 2855 anti-

164 2868 353 2912 quiffimum
368 2891 376 2906 ‚
404 2866 643 2910 Apostolicum.

214 2918 268 2953 En
281 2918 405 2952 sextum
417 2927 643 2960 argumentum
656 2931 663 2950 ε
692 2918 815 2961 Adspice
828 2923 994 2964 Regnorum
1007 2923 1040 2954 (tt

163 2970 359 3009 Imperiorum
373 2991 381 3005 ,
407 2973 507 3008 utique
519 2968 537 2998 ἃ
551 2970 608 2999 Dco
617 2966 781 3010 dispositum
786 2969 896 3009 statum
908 2996 918 3011 ,
943 2977 975 3003 in
995 2982 1039 3003 cu-

1118 1870 1259 1904 Domini
1281 1870 1438 1910 verbum,
1464 1871 1582 1903 reddite
1594 1883 1662 1914 quae
1679 1870 1755 1914 sunt
1776 1869 1913 1914 Caesaris
1934 1876 2002 1904 σιε-

1111 1918 1197 1962 sari,
1224 1918 1427 1953 nihilfacere
1441 1919 1481 1953 ad
1499 1921 1684 1963 praesentem
1706 1920 1928 1964 quaestionem.
1956 1921 2001 1955 Et

1116 1970 1205 2004 reite.
1229 1970 1363 2004 Etenim
1374 1968 1438 2003 haec
1450 1969 1650 2014 Redemptio
1662 1982 1731 2004 non
1743 1970 1829 2014 apud
1841 1971 2007 2016 Caesarem,

1115 2019 1213 2055 fiebat
1226 2044 1236 2060 ,
1248 2019 1303 2055 sed
1313 2019 1400 2063 apud
1412 2020 1552 2054 militem
1566 2045 1576 2060 ,
1587 2020 1766 2055 delatorem
1779 2045 1788 2060 ‚
1802 2021 1978 2055 inimicum
1988 2047 2006 2066 ‚k

1114 2080 1170 2104 aut
1181 2070 1392 2104 furunculum
1403 2070 1571 2105 Praelidem
1583 2084 1593 2103 :
1608 2071 1652 2104 Et
1664 2070 1799 2114 quidem
1810 2081 1924 2105 contra
1936 2072 2006 2116 Ceg-i

1114 2121 1191 2154 saris
1200 2119 1323 2154 Edicta.
1351 2121 1454 2154 Erant
1468 2119 1551 2154 Asta
1563 2121 1682 2155 furtiva
1693 2145 1704 2161 ,
1730 2121 1763 2155 &
1783 2122 2000 2164 praevaricato-

1111 2171 1168 2205 ria.
1195 2171 1289 2204 Hinc
1301 2171 1433 2205 interim
1449 2169 1603 2204 discimus
1625 2169 1848 2204 Christianam
1871 2171 1997 2205 Setiam

1112 2222 1210 2264 usque
1231 2230 1311 2255 tunc
1331 2221 1494 2255 Romanis
1527 2232 1596 2254 non
1626 2221 1720 2254 fuisse
1740 2220 1994 2263 stipendiariam.

1111 2271 1284 2314 Septimius
1297 2282 1431 2310 vocem,
1455 2270 1541 2304 Setia
1553 2295 1564 2311 ‚
1590 2271 1715 2315 accepit
1726 2271 1762 2304 in
1775 2270 1914 2305 bonum.
1936 2272 1994 2306 Est

1111 2320 1227 2363 phrasis
1238 2322 1286 2355 illi
1300 2320 1555 2355 familiariffima.

1158 2372 1327 2417 Quidam
1340 2373 1418 2405 item
1432 2371 1511 2406 alias
1523 2396 1533 2411 ,
1550 2371 1568 2405 a
1580 2372 1690 2406 nescio
1701 2372 1819 2416 quibus
1830 2385 1888 2417 pro
1901 2373 1993 2408 istius

1110 2421 1360 2464 Redemptionis
1371 2422 1496 2464 Justitia
1507 2420 1659 2456 adductas
1673 2447 1683 2462 ‚
1710 2423 1889 2466 Scripturas
1901 2448 1912 2463 ,
1939 2425 1993 2458 Se-

1110 2471 1243 2513 ptimius
1254 2472 1333 2505 reste
1345 2472 1485 2514 exponit
1495 2497 1505 2511 ,
1516 2483 1552 2505 ac
1564 2473 1767 2515 prosequitur
1779 2486 1785 2504 ;
1815 2475 1929 2506 Parum
1940 2475 1991 2506 de-

1109 2527 1196 2563 nique
1208 2520 1245 2561 est
1256 2546 1266 2561 ,
1286 2520 1315 2563 fi
1323 2532 1399 2554 unus
1413 2531 1466 2554 aut
1477 2524 1556 2554 alius
1568 2529 1613 2554 ita
1624 2529 1746 2554 eruitur.
1776 2523 1938 2566 Massaliter
1949 2534 1989 2556 to-

1107 2581 1148 2603 tae
1159 2570 1291 2613 Ecclefiae
1304 2571 1448 2604 tributum
1451 2571 1508 2613 fibi
1520 2579 1738 2615 irrogaverunt.
1768 2571 1874 2615 Nescio
1894 2575 1991 2607 dolen-

1108 2623 1179 2653 dum
1200 2633 1241 2653 an
1251 2619 1474 2664 erubescendum
1478 2621 1517 2663 stt
1530 2646 1540 2662 ‚
1568 2629 1674 2655 cumin
1697 2623 1872 2655 Matricibus
1892 2626 1991 2656 Bene-

1078 2664 1085 2668 ’
1102 2672 1280 2713 ficiariorum
1291 2673 1324 2705 (¹7
1337 2676 1426 2705 Curio
1426 2670 1525 2714 sorum
1533 2697 1542 2712 ‚
1559 2678 1638 2705 inter
1650 2672 1848 2705 Tabernarios
1859 2698 1869 2712 ‚
1882 2674 1917 2706 (⁴5
1928 2677 1990 2705 La·

1105 2728 1167 2754 nios
1179 2745 1191 2761 ‚
1215 2723 1249 2755 (π’
1265 2721 1355 2763 fures
1377 2724 1562 2755 Balnearum
1580 2747 1590 2762 ,
1615 2723 1649 2755 (τ
1672 2724 1791 2756 Aleones
1806 2746 1816 2761 ‚
1842 2724 1876 2756 (τ
1894 2726 1989 2755 Leno-

1105 2783 1175 2810 nes,
1207 2771 1370 2811 Christiani
1382 2784 1492 2814 quoque
1506 2772 1671 2815 Vedligales
1683 2779 1876 2805 continentur.
1902 2776 1988 2805 Hanc

1105 2825 1167 2863 Epi
1166 2819 1298 2864 ftopatui
1312 2821 1446 2863 fhrmam
1475 2821 1595 2863 Apostoli·
1614 2823 1825 2863 providentius
1852 2823 1988 2855 condide-

1103 2880 1175 2904 runt
1186 2896 1196 2910 ,
1215 2881 1249 2904 ut
1258 2875 1356 2915 Regno
1363 2870 1418 2914 suo
1423 2870 1518 2914 securi
1529 2871 1599 2913 frui
1605 2872 1715 2915 pffnt
1722 2869 1778 2913 sub
1790 2871 1910 2905 obtentu
1916 2881 1987 2914 pro-

1103 2923 1239 2954 curandi.
1267 2923 1379 2954 Scilicet
1390 2929 1468 2955 enim
1494 2923 1583 2955 talem
1599 2931 1706 2962 pacem
1727 2920 1861 2960 Christus
1872 2924 1916 2954 ad
1928 2926 1986 2955 Pa-

1104 2980 1180 3003 trem
1192 2973 1361 3014 regrediens
1375 2996 1384 3011 ‚
1411 2973 1574 3004 mandavit
1587 2974 1606 3002 ᾱ
1619 2970 1764 3003 Militibus
1771 2979 1828 3012 per
1838 2974 1985 3004 Saturna-

158 3019 214 3059 jus
225 3029 315 3050 manu
325 3016 362 3057 est
374 3028 419 3048 cor
432 3020 530 3059 Regis.
558 3019 657 3049 Tanta
677 3021 806 3061 quotidie
830 3027 936 3053 aerario
949 3024 1039 3063 Regio
1100 3023 1167 3053 licia
1178 3022 1398 3053 redimendam.
1436 3022 1569 3054 sanstus
1591 3023 1733 3063 Optatus
1753 3021 1983 3056 Millevitanus

164 3069 295 3110 augendo
311 3065 532 3109 prospiciuntur
553 3068 683 3099 remedia
714 3067 849 3112 censuum
865 3094 876 3110 ‚
911 3070 1038 3113 vet‘liga-
1103 3071 1280 3113 Episcopus
1290 3071 1330 3104 de
1341 3071 1513 3114 primitivis
1526 3070 1776 3104 Donatistarum
1800 3072 1833 3104 in
1857 3071 1984 3106 Africa·

161 3117 232 3150 lium
243 3141 253 3156 ‚
279 3118 462 3150 collationum
476 3140 485 3155 ,
506 3114 731 3156 stipendiorum:
758 3122 824 3152 Nec
846 3131 977 3162 unquam
996 3119 1039 3162 us:
1082 3102 1086 3160 Ι
1102 3132 1177 3155 nam
1189 3120 1362 3154 Ecclefiam
1375 3119 1574 3154 facinoribus
1592 3120 1701 3162 scribit
1719 3133 1725 3152 :
1755 3124 1801 3154 Et
1811 3130 1912 3155 tamen
1923 3121 1982 3155 bas

162 3176 218 3209 que
228 3165 325 3201 adhuc
336 3178 374 3200 ex
385 3165 563 3206 Christianis
572 3167 632 3199 tale
642 3167 759 3208 aliquid
771 3167 959 3211 prospec‘lum
979 3170 1015 3209 est
1029 3195 1038 3210 ,
1082 3174 1085 3209 ζ
1094 3171 1197 3212 plebes
1210 3169 1334 3213 coegistis
1346 3169 1456 3206 flec‘lere
1468 3171 1654 3203 &inclinare
1672 3177 1800 3204 cervices
1815 3195 1824 3211 ‚
1851 3173 1885 3205 (τ
1901 3170 1980 3216 serie

130 3246 133 3251 ,
165 3213 222 3259 [ub
232 3216 362 3259 aliquam
370 3217 600 3257 redemptionem
611 3221 732 3257 Capitis
755 3219 789 3250 (τ
805 3219 899 3252 rettae
906 3220 1038 3262 redigen·
1081 3214 1085 3248 l
1099 3227 1231 3262 capitum
1235 3219 1345 3259 jum‘la
1355 3220 1479 3262 Massam
1485 3226 1696 3261 poenitentium
1700 3219 1813 3261 facere.
1835 3224 1980 3265 Optatus
1998 3225 2055 3257 Lib.
2067 3237 2093 3256 2.

164 3265 236 3304 dis,
261 3267 428 3299 ciimtantae
440 3266 641 3298 multitudinis
664 3272 774 3299 nemini
794 3274 902 3310 ignotae
916 3268 1038 3310 fruci'us
1081 3251 1135 3316 {ac
1147 3271 1248 3303 etiam
1262 3269 1386 3302 sanctus
1397 3269 1602 3314 Augustinus
1622 3270 1782 3314 grandem
1803 3272 1978 3314 quemdam

165 3320 269 3357 ingens
280 3322 350 3349 meti
355 3316 454 3359 posset.
482 3318 631 3359 Sanguine
642 3313 755 3358 empti,
777 3315 923 3361 sanguine
940 3330 1037 3352 nume-
1082 3318 1084 3323 ’
1099 3320 1283 3362 Martyrum
1296 3330 1468 3352 numerum
1481 3319 1645 3363 appellant
1665 3321 1789 3364 Massam
1806 3324 1975 3355 candidam.

163 3369 226 3398 rati
235 3365 346 3397 nullum
356 3377 506 3398 nummum
522 3373 581 3407 pro
602 3371 710 3407 Capite
726 3366 887 3410 debemu53
914 3374 984 3410 quia
994 3380 1039 3401 ca-
1099 3370 1147 3403 lta
1162 3369 1214 3402 hic
1228 3369 1327 3402 etiam
1340 3369 1514 3412 Septimius
1524 3370 1604 3404 dicit
1617 3395 1628 3410 ,
1655 3370 1744 3414 quod
1757 3371 1903 3414 quaedam
1916 3373 1977 3406 Ec-

159 3421 218 3456 put
231 3413 354 3454 nostrum
375 3415 509 3456 Christus
521 3414 567 3455 est.
582 3420 654 3448 Non
663 3417 744 3449 decet
756 3415 903 3456 christum
908 3425 1036 3459 pecunia
1080 3410 1083 3460 l
1097 3419 1194 3453 clefiae
1204 3420 1233 3452 se
1245 3419 1403 3461 Massaliter
1424 3419 1627 3454 redimerent.
1656 3421 1749 3466 Qid
1771 3422 1892 3468 fuerint
1916 3422 1977 3455 Be-

162 3462 298 3503 constare.
325 3466 474 3506 ,Quomodo
493 3467 526 3498 (¹5
546 3469 689 3504 Martyria
705 3466 771 3508 fieri
790 3467 901 3511 poffent
925 3474 957 3501 in
973 3471 1033 3513 glo-
1079 3461 1252 3516 {neficiar'ii
1267 3492 1277 3508 ‚
1302 3468 1381 3513 quid
1393 3468 1516 3504 Curios}
1532 3495 1542 3511 ‚
1568 3470 1650 3504 reste
1670 3472 1809 3515 exponit
1829 3472 1863 3504 in
1875 3471 1978 3513 Septi-

262 3513 376 3558 Differt.
390 3517 509 3548 Prooem.
523 3517 602 3548 Tom.
614 3519 634 3548 Ι.
1068 3517 1085 3548 ,ἰ
1593 3519 1620 3552 Ρ
1667 3532 1688 3556 2
1913 3519 1974 3553 mii

2006 2496 2129 2534 (NP-¹3-
