2346 3776
562 122 848 172 SCHoLus
884 158 895 175 ,
933 135 1011 170 ET
1051 131 1699 174 N0T1s1LLth‘rRA1-1.

231 219 305 247 ‚tem
318 232 329 248 ,
353 204 626 250 septemtrionem
645 226 658 242 ,
682 200 834 235 Africam
853 223 864 240 ,
890 207 989 243 atque
1010 200 1113 244 Illyri·

238 270 315 294 cum
333 281 344 290 .
381 255 466 291 Vult
485 264 566 299 ergo
588 252 709 289 Canon
726 275 738 292 ,
765 260 803 285 ut
823 250 959 293 quisque
981 249 1111 289 Patriar-

239 308 301 344 cha
326 308 418 351 ssiper
438 303 602 343 Dioeceses
618 303 689 338 suas
707 300 848 342 habeat,
877 300 1047 350 quomodo
1065 301 1113 352 ip-

238 360 409 395 stituerunt
434 355 469 389 δε
494 352 657 395 dederunt
678 350 833 396 Apostoli
856 374 867 389 ‚
903 348 1113 393 plenam&

236 405 443 443 triarchicam
469 404 660 447 potestatem
681 414 690 445 ;
725 400 894 445 prasertim
921 400 998 434 vero
1020 400 1112 444 supra

237 457 450 502 AEgyptum‚
475 453 622 498 Lybiam
646 465 686 488 ac
697 449 907 503 Pentapolim
915 449 1122 500 nlexandrk

436 501 439 504 ⁴
1120 519 1123 522 Δ
1173 501 1306 546 scopum
1326 523 1337 539 ,
1363 499 1398 534 in
1420 499 1587 546 Ephefino
1608 503 1801 545 Latrocinio
1832 502 2046 544 Maximum,

233 518 297 543 nus
306 532 314 539 .

285 554 452 597 Conditus
461 555 506 590 est
518 556 609 589 enim
620 554 739 589 Canon
750 551 791 586 ad
800 549 977 594 reparanda
995 550 1109 585 Eccle-
1121 579 1123 581 ,

233 607 283 641 {iae
310 605 539 640 Alexandrinae
567 601 784 645 ‚patriarchica
819 600 992 645 privilegia
1020 624 1031 641 ,
1056 612 1111 644 per

232 657 410 691 Melerinm
438 655 720 703 Lycopolitanum
748 651 948 694 Episcopum
979 651 1110 690 invasa,

233 707 325 748 laesa,
351 706 521 741 mutilata.
549 704 728 742 Meletius,
752 701 803 743 uti
824 699 981 735 habemus
1006 701 1042 734 in
1068 701 1111 733 se·

231 757 340 797 cunda
353 755 520 801 Apologia
534 754 641 789 Sansti
653 750 843 800 Athanasii,
871 750 916 785 ob
930 749 1111 793 idololatri-

232 819 309 842 cum
321 808 356 849 in
365 805 571 848 Diocletiani
583 802 724 848 Augusti
735 801 960 848 persecutione
970 800 1093 843 lapsum
1101 827 1113 844 ,

233 856 421 892 &exceffus
445 855 549 894 alios,
573 854 593 888 ἡ
612 851 729 888 Sancto
757 851 856 890 Petro
882 849 1109 891 Alexandrino

230 904 419 947 Patriarcha
430 903 630 948 synodaliter
639 902 812 942 damnatus
824 926 835 941 ,
861 899 998 938 schisma
1011 900 1109 948 fecit,

230 966 338 999 ¹neque
348 954 477 996 tantum
488 953 622 992 ,excuffit
632 952 856 991 obedientiam
868 975 879 991 ,
905 950 960 984 sed
969 951 1109 994 insuper,

228 1005 313 1043 ‚teste
356 1002 577 1038 Theodoreto
605 1028 615 1044 ‚
638 1008 771 1037 exercuit
796 1002 981 1041 tyrannidem
1005 1008 1109 1039 contra

232 1058 404 1090 Primatum
430 1055 668 1088 Alexandrinum
689 1065 699 1095 ;
739 1052 832 1095 juxta
854 1050 1020 1086 Gelafium
1043 1049 1109 1095 Cy-

230 1105 383 1140 zicenum
398 1128 408 1145 ‚
433 1113 534 1137 contra
560 1106 801 1146 Praerogativam
819 1102 907 1141 ¹§erlis
928 1100 1109 1141 Alexandri.-

230 1167 279 1189 nae
305 1168 319 1198 ;
345 1155 506 1196 ambitione
529 1177 541 1194 ,
577 1153 687 1194 inquit
703 1150 908 1201 *Athanasius
928 1174 940 1191 ‚
963 1158 1000 1190 ut
1020 1149 1108 1182 rebus

225 1205 379 1248 praeeffet.
403 1202 592 1245 Thebaid?s
617 1214 656 1236 ac
677 1202 794 1236 vicinae
806 1200 952 1245 AEgypti
970 1199 1107 1235 Provin-

230 1256 321 1295 cias,
347 1265 512 1295 omneque
529 1252 598 1295 illic
614 1252 667 1298 jus
685 1249 945 1290 patriarchicum
970 1248 1106 1289 invasit,

231 1316 357 1342 novum
369 1306 400 1344 se
411 1303 481 1345 illic
491 1302 667 1346 ostentavit
676 1298 900 1342 Patriarcham
918 1311 925 1331 ε
953 1298 1113 1341 firmandi>

230 1355 280 1388 sui
302 1355 396 1388 causa
418 1376 430 1393 ,
467 1351 730 1395 conjurationem
750 1350 827 1383 iniit
854 1360 930 1383 cum
954 1348 1105 1387 Arianis,

228 1413 326 1439 antea
337 1401 482 1444 inimicis
491 1426 498 1434 .
528 1401 653 1435 Graves
665 1398 726 1434 hac
738 1399 780 1434 de
791 1411 823 1433 re
835 1398 980 1441 querelas
996 1398 1037 1432 ad
1049 1399 1108 1441 Sy-

225 1453 359 1488 nodum
376 1451 529 1498 deposuit
550 1449 739 1486 Alexander
760 1446 968 1488 patriarcha,
995 1448 1105 1490 eisque

228 1503 382 1545 datusest
395 1502 527 1545 praesens
538 1501 660 1544 Canon
673 1524 685 1542 ,
709 1498 806 1551 plene
815 1499 995 1542 restaurans
1019 1497 1107 1540 illius

224 1551 483 1593 ,Patriarchieam
496 1550 689 1599 pfflssstatem
697 1574 705 1587 ,

279 1600 552 1643 AddittCanon:
577 1603 665 1647 pQuia
689 1601 726 1635 6·
744 1598 830 1640 urbis
840 1603 943 1633 Romae
964 1596 1108 1642 Episcopo

219 1652 338 1701 parilis
356 1663 419 1691 mos
438 1650 497 1692 est.
524 1649 720 1691 Patriarchae
741 1649 974 1688 Alexandrino
998 1647 1108 1687 statuit

228 1702 425 1741 Romanum
447 1701 482 1734 in
495 1699 681 1736 exercendae
691 1698 922 1739 Patriarchaiis
943 1697 1110 1742 potestatis

228 1752 375 1796 regulam
400 1750 653 1793 &exemplum:
680 1749 764 1783 Non
774 1748 903 1789 tantum
927 1749 962 1782 in
974 1747 1108 1792 potesta·

226 1801 274 1839 ris
284 1800 428 1845 regulam
441 1825 451 1840 ,
477 1799 530 1834 sed
542 1800 643 1834 etiam
655 1797 783 1842 justitia
808 1810 846 1833 ac
858 1798 1110 1837 moderationis.

230 1851 334 1899 Qod
347 1860 489 1894 namque
500 1847 695 1889 Patriarchae
705 1848 763 1889 sub
778 1848 958 1885 sacerdotii
982 1857 1112 1891 praetex·

231 1910 269 1935 tu
287 1899 486 1944 quandoque
506 1899 681 1939 mundana:
706 1898 875 1942 potestatis
896 1898 1015 1932 fastum
1041 1907 1112 1942 age-

231 1959 330 1991 rent,
355 1950 389 1983 δε
409 1948 615 1988 subditorum
635 1948 695 1987 fibi
707 1947 998 1993 Metropolitarum
1019 1946 1112 1981 liber-

231 2000 429 2038 tatemclam
442 1998 600 2042 paulatim
611 1997 801 2039 invaderent
810 2023 822 2039 ,
848 1997 995 2041 queritur
1006 1995 1113 2040 Ephe-

230 2050 296 2083 fina
318 2049 472 2092 synodus
494 2073 505 2089 ,
530 2060 630 2094 agens
650 2047 691 2082 de
714 2048 772 2082 lite
794 2048 879 2085 inter
910 2047 1110 2091 Cypriorum

229 2100 449 2143 Metropolim
476 2099 510 2133 ὅ(
521 2097 774 2136 Patriarchicam
786 2096 974 2137 Antiochiae
985 2097 1110 2133 Sedem.

230 2149 270 2182 ln
298 2145 436 2192 Synodo
460 2148 721 2187 Chalcedonenfi
747 2147 907 2185 Eusebius
932 2171 943 2187 ,
969 2145 1112 2190 Ancyra:

231 2198 510 2241 Metropolitanus
528 2224 538 2239 ‚
574 2201 665 2232 suam
690 2210 728 2232 ac
748 2197 827 2231 alias
848 2196 1112 2239 Metropoliticas

227 2248 388 2289 ‚Ecclefias
400 2249 544 2296 queritur
556 2248 698 2284 redastas
709 2246 750 2282 ad
762 2247 908 2290 inopiam
924 2258 977 2289 per
991 2247 1110 2280 nimias

223 2298 418 2338 ‘exactiones
429 2297 622 2333 Patriarchae
642 2296 1008 2339 Constantinopolitani
1022 2322 1029 2329 .
1058 2298 1110 2329 De

230 2348 349 2382 eodem
373 2350 498 2382 excessu
524 2349 676 2386 Sanctum
706 2346 921 2383 Athanasium
946 2347 1110 2385 accusavit

232 2398 417 2434 Eusebiana
443 2399 541 2434 faitio
569 2410 579 2440 ;
605 2396 748 2438 Paulum
774 2407 884 2436 autem
909 2397 1112 2436 Samosaten-

232 2449 301 2482 sem
321 2471 331 2488 ,
357 2447 548 2482 Antiochiae
557 2445 779 2485 patriarcham
791 2472 802 2489 ‚
828 2446 996 2485 damnavit
1008 2447 1110 2489 Syno-

232 2497 294 2531 dus
317 2496 530 2536 Antiochena
552 2522 559 2530 .
603 2497 732 2536 Similes
753 2497 864 2536 causas
883 2496 1034 2536 adversus
1054 2495 1110 2529 Pe-

231 2556 320 2580 trum
332 2545 552 2580 Patriarcham
564 2547 712 2590 persualit
732 2546 889 2580 Meletius
903 2545 1050 2591 AEgypti
1077 2546 1110 2586 ὃς

233 2595 429 2630 Thebaidos
449 2596 655 2637 Provinciis,
681 2605 779 2640 atque
803 2596 847 2630 ita
869 2595 909 2629 ad
932 2596 964 2630 se
976 2595 1109 2630 avulfit.

234 2646 328 2680 Hinc
339 2657 419 2691 ergo
431 2647 549 2680 Canon
564 2645 672 2683 noster
687 2646 813 2686 easdem
828 2645 1020 2686 Alexandro
1043 2645 1110 2679 red-

234 2695 284 2730 dit
298 2720 308 2735 ,
334 2707 371 2730 ea
384 2696 475 2740 lege,
502 2705 538 2730 ut
551 2696 634 2739 ipsas
645 2695 824 2740 gubernet,
848 2695 1020 2737 quomodo
1042 2695 1108 2735 Ro-

234 2755 352 2780 manus
372 2746 461 2784 suas:
488 2745 614 2781 Eadem
635 2746 782 2783 mensura
797 2770 808 2786 ‚
834 2746 1006 2788 quomodo
1018 2755 1108 2788 pote-

236 2795 326 2829 statis
350 2819 361 2835 ,
398 2795 443 2834 ita
469 2795 596 2841 justitia:
622 2796 655 2830 &
680 2795 919 2835 moderationis
946 2820 954 2827 .
997 2795 1110 2838 Atque

235 2844 318 2879 adeo
345 2856 404 2879 nec
415 2846 505 2891 super
515 2844 768 2885 patriarchicam
789 2846 950 2886 Romanae
963 2845 1111 2886 Ecclefiae

236 2895 431 2939 potestatem
441 2895 564 2938 aliquid
575 2895 745 2929 constituit
754 2920 761 2928 .

288 2944 398 2988 Pergit
422 2958 430 2977 :
457 2946 597 2981 Similiter
620 2954 718 2979 autem
739 2946 774 2984 j&
792 2946 880 2988 apud
903 2944 1111 2986 Antiochiam,

235 2993 415 3038 taeterasque
429 2996 622 3034 Provincias.
651 2993 833 3033 Antiochia
843 2995 934 3029 enim
957 2994 1002 3029 est
1016 2996 1109 3029 tertia

235 3043 457 3084 Patriarchica
484 3044 582 3079 Sedes
607 3067 618 3084 ,
643 3044 699 3081 eui
727 3043 880 3092 Apostoli
907 3044 1110 3089 subjecerunt

235 3094 426 3138 ¹quindecim
439 3095 627 3136 Dioeceseos
636 3094 816 3134 orientalis
837 3094 1027 3133 Provincias
1038 3119 1050 3136 ,
1075 3095 1110 3131 in

236 3144 357 3187 quibus
378 3144 534 3179 vetustam
563 3143 631 3187 ejus
651 3145 879 3185 austoritatem
900 3145 1021 3184 Canon
1042 3145 1111 3183 vult

67 3197 206 3236 Ερῐίὶῴᾳ,
236 3204 369 3233 manere
391 3196 553 3239 integram
576 3194 863 3234 &inconcussam.

66 3247 92 3274 F·
119 3247 145 3275 3·
286 3244 385 3284 Hanc
411 3240 560 3280 canonis
584 3253 708 3288 partem
732 3244 861 3288 respicit
889 3244 1023 3279 Sanetus
1042 3244 1111 3285 Leo

240 3291 396 3333 Pontifex
423 3295 458 3335 in
472 3294 618 3339 Epistola
628 3293 669 3328 ad
680 3294 870 3334 Maximum
890 3293 1111 3335 Patriarcham

241 3340 506 3385 Antiochenam.
534 3348 666 3389 ‚Dignum
687 3343 724 3385 est
747 3369 759 3386 ,
783 3353 814 3382 te
829 3345 996 3392 privilegia
1012 3351 1111 3382 tertiae

241 3392 328 3425 Sedis
348 3394 497 3438 agnoscere
519 3420 531 3441 ‚
556 3403 590 3435 ut
611 3400 644 3427 in
664 3395 743 3428 nullo
763 3392 936 3443 cujid‘quaem
955 3394 1113 3433 ambitione

243 3447 415 3476 minuantur
426 3457 436 3477 .-
463 3447 548 3491 ,Quia
556 3453 647 3483 ,tanta
655 3443 692 3486 est
704 3446 788 3487 apud
796 3456 841 3478 me
851 3448 1044 3483 Ntcaenorum
1055 3449 1112 3478 Ca-

241 3502 351 3531 nonum
359 3493 545 3543 reverentia,
571 3504 606 3536 ut
616 3506 651 3529 ea
659 3519 684 3537 ,.
698 3493 843 3545 quaesunt
855 3496 875 3527 ἆ
882 3492 998 3539 fandis
1012 3497 1112 3533 Pam-

55 967 177 1009 Lissa.-

1885 140 1978 191 245

1175 201 1229 234 bus
1241 200 1394 241 constituta
1405 223 1416 239 ‚
1441 210 1493 233 nec
1500 198 1688 245 permiserim
1715 214 1764 237 nec
1769 210 1874 246 patiar
1884 209 1988 251 aliqua
1998 221 2049 245 no..

1174 257 1272 289 vitate
1285 251 1413 287 violari.
1438 248 1595 291 ‚Etfiemssm
1606 250 1730 295 diversa
1749 265 1957 298 nonnunquam
1972 258 2048 301 sunt

1173 308 1281 334 merita
1292 298 1458 342 Praesulum
1466 324 1477 340 ,
1503 308 1605 341 tamen
1623 303 1699 343 jura
1713 306 1894 344 permanent
1904 309 2022 341 sedtum
2032 334 2044 348 ,

1173 345 1281 393 quibus
1306 348 1360 392 etfi
1370 350 1473 397 pffnt
1487 351 1746 395 perturbationem
1764 354 1902 396 aliquam
1917 355 2048 396 fhrtaffis

1172 400 1284 441 inferre
1304 423 1317 440 ‚
1339 410 1399 438 'non
1419 409 1520 433 tamen
1542 402 1660 445 poffunt
1689 407 1824 443 ,minuere
1844 404 2024 448 dignitatem
2036 430 2044 437 .

1174 449 1257 494 Agit
1279 449 1313 485 in
1328 447 1525 484 Anatolium
1549 451 1958 497 Constantinopolitanum
1972 454 2049 498 Epi-

1173 548 1312 584 Domno
1322 547 1403 592 juste
1414 549 1538 596 dejesto
1549 576 1559 592 ‚
1572 551 1738 594 suffeetum
1749 579 1760 594 ,
1785 554 1973 595 consecrate
1989 565 2048 590 au-

1172 601 1242 634 sum
1254 624 1264 640 ,
1291 598 1444 643 atqueita
1454 611 1614 637 conatum
1625 603 1741 637 Sedcm
1758 601 1849 644 illam
1860 629 1871 645 ,
1897 603 1986 651 „quast
2006 604 2046 637 in

1150 685 1152 688 y
1172 650 1245 693 lapfi
1272 661 1310 683 ac
1326 648 1438 692 dejecti
1460 650 1616 695 Episcopi
1636 663 1766 695 poenam
1779 677 1790 693 ‚
1812 651 2045 697 ,autocephalia

1150 700 1204 744 2&
1231 697 1451 739 Patriarchica
1478 701 1645 746 dignitate
1679 703 1838 747 privatam
1873 703 2046 748 subjugare

1171 749 1563 793 Constantinopolitanae.
1591 751 1774 794 Nunquam
1798 752 1834 794 id
1854 754 2044 796 permissum

1172 799 1208 832 iri
1220 800 1375 838 asseverat
1387 799 1544 835 Pontifex
1553 801 1598 835 ob
1608 800 1699 836 hunc
1711 802 1887 844 (janonem
1905 803 2046 836 sextum.

1170 849 1320 884 Eundem
1333 850 1461 893 respicit
1471 851 1659 895 Simplicius
1669 851 1844 893 pontisas,
1871 862 1973 896 agens
1991 850 2047 886 ad-

1169 899 1273 936 versus
1292 898 1449 947 Stephani
1482 900 1688 942 Antiocheni
1707 898 1974 944 ordinationem,
1999 910 2049 941 at-

1168 959 1326 990 tentatam
1349 949 1646 994 ,Constantinopoli
1666 952 1707 986 ab
1728 952 1856 994 Acacio
1878 951 2048 995 Episcopo

1167 1010 1206 1032 ex
1217 998 1449 1042 sacrajuffione
1459 1001 1606 1035 Zenonis
1626 1002 1786 1046 Augusti.
1813 1001 1846 1044 A
1865 1002 1928 1036 suis
1953 1002 2047 1036 enim

1168 1048 1302 1082 subditis
1323 1048 1359 1089 in
1381 1051 1510 1093 propria
1521 1051 1602 1084 Sede
1621 1052 1801 1093 ,consecrari
1821 1052 1868 1086 est
1881 1063 1950 1086 non
1973 1051 2045 1085 infi-

1167 1109 1259 1132 mum
1272 1097 1490 1140 Patriarchale
1499 1100 1730 1145 privilegium,
1755 1103 1848 1144 cujus
1871 1103 1965 1136 causa
1985 1113 2046 1135 nu-

1167 1160 1221 1192 per
1243 1148 1348 1189 Graeci
1386 1147 1611 1183 Patriarcham
1633 1149 2047 1194 Constantinopolitanum

1169 1198 1344 1238 noluerunt
1354 1197 1530 1241 Florentiae
1544 1199 1725 1235 consecrari
1748 1200 1783 1239 in
1796 1200 1934 1244 Synodo
1946 1225 1956 1240 ,
1983 1211 2045 1235 nec

1167 1247 1207 1282 ab
1227 1246 1297 1292 ipso
1320 1248 1428 1292 Papa.
1455 1249 1586 1294 Nempe
1607 1249 1687 1284 dum
1699 1250 1804 1286 vitant
1827 1250 1917 1285 stulti
1940 1251 2046 1292 vitia,

1168 1311 1200 1332 in
1213 1308 1376 1332 contraria
1388 1309 1523 1334 currunt
1535 1325 1542 1332 .

1215 1348 1363 1384 Eandem
1378 1349 1528 1384 Canonis
1539 1359 1660 1394 partem
1673 1350 1815 1385 attendit
1827 1350 1971 1385 Gelafius
1986 1351 2047 1394 pri·

1167 1409 1238 1432 mus
1249 1422 1259 1438 ‚
1285 1398 1398 1433 dicens
1411 1412 1418 1431 :
1430 1399 1629 1434 Cathedram
1640 1400 2048 1443 Constantinopolitanam

1166 1460 1235 1482 non
1255 1448 1384 1482 tantum
1409 1460 1477 1482 non
1499 1450 1584 1483 inter
1594 1448 1830 1483 patriarchales
1848 1449 1967 1490 Sedes,
1993 1449 2048 1482 sed

1168 1509 1227 1532 nec
1250 1497 1336 1532 inter
1354 1498 1560 1542 Metropoles
1579 1499 1715 1533 relatam
1738 1511 1793 1542 per
1804 1498 1960 1533 Canones
1973 1523 1984 1539 ,
2010 1510 2049 1532 ac

1167 1549 1230 1583 effe
1239 1547 1412 1583 dumtaxat
1424 1549 1658 1594 suffraganeam
1671 1548 1867 1590 Parochiam
1880 1549 2052 1592 Metropo-

1169 1599 1237 1632 leos
1250 1597 1475 1640 Heracleensis
1486 1625 1493 1631 .
1520 1599 1590 1638 Hic
1602 1610 1744 1644 namque
1757 1599 1878 1639 Canon
1894 1599 1976 1633 solas
1987 1610 2051 1633 tres

1169 1647 1562 1693 agnoscitPatriarchales
1573 1649 1671 1684 Sedes
1683 1673 1693 1689 ‚
1713 1651 1832 1691 suaque
1844 1650 1978 1691 antiqua
1989 1649 2051 1692 pri-

1170 1698 1288 1743 vilegia
1309 1698 1423 1737 servari
1434 1698 1523 1742 jubet
1535 1699 1661 1740 cunctis
1681 1701 1782 1733 etiam
1806 1699 1878 1738 aliis
1915 1697 2053 1733 Provin-

1169 1748 1230 1782 ciis
1255 1772 1266 1789 ‚
1314 1759 1353 1781 ac
1378 1759 1490 1782 earum
1516 1748 1762 1793 Metropolibus
1788 1774 1799 1790 ,
1842 1749 1991 1793 adeoque
2019 1749 2054 1783 &

1171 1797 1340 1832 Thracum
1354 1798 1513 1843 Europae,
1539 1809 1638 1844 atque
1651 1800 1843 1836 Hetaelaeae.

1219 1847 1283 1881 Per
1294 1857 1420 1882 caeteras
1444 1860 1586 1892 namque
1599 1852 1778 1889 Provincias
1795 1849 1954 1895 intelligit
1977 1861 2050 1893 prae-

1172 1897 1280 1932 sertim
1298 1907 1361 1932 tres
1373 1898 1542 1934 Dioeceses
1563 1898 1796 1942 autocephalas
1815 1899 1856 1941 ab
1877 1899 1971 1938 omni
1994 1898 2055 1933 Pa-

1171 1945 1334 1982 triarcbali
1355 1948 1514 1991 potestate
1535 1949 1652 1983 liberas
1672 1950 1907 1996 &exemptas,
1933 1948 2055 1984 haben-

1172 1998 1283 2039 tesque
1307 1996 1485 2036 Primatem
1512 1998 1671 2042 potestate
1693 2000 1760 2043 pari
1785 1999 1986 2044 gaudentem
2013 2000 2051 2034 in

1172 2046 1325 2089 subjedlas
1334 2047 1391 2081 fibi
1406 2048 1596 2083 Provincias
1606 2062 1620 2090 ,·
1641 2061 1758 2092 nempe
1771 2050 1949 2084 Dioecelim
1961 2049 2054 2083 Afia-

1171 2098 1269 2131 ticam
1289 2096 1348 2130 sub
1370 2097 1534 2141 Ephefino
1555 2122 1566 2138 ,
1592 2098 1793 2132 Thracicam
1817 2099 1875 2133 sub
1901 2099 2055 2133 Heracle-

1171 2147 1236 2181 enfi
1249 2171 1261 2188 ‚
1287 2146 1462 2182 Ponticam
1477 2148 1537 2185 sub
1548 2149 1690 2182 Primate
1704 2148 1917 2183 Caesaraeenfi:
1941 2149 2055 2193 Atque

1171 2208 1285 2237 eorum
1306 2197 1464 2236 vetustam
1489 2222 1500 2238 ,
1527 2198 1776 2242 institutamque
1798 2211 1853 2243 per
1872 2199 2054 2242 Apostolos

1171 2247 1366 2290 dignitatem
1391 2247 1411 2288 a
1457 2248 1552 2287 nullo
1579 2259 1726 2292 unquam
1754 2249 1823 2284 vult
1851 2249 1964 2283 invadi
1991 2258 2049 2283 aut

1171 2308 1330 2330 truncari.
1384 2319 1386 2321 -
2117 2335 2125 2343 ‚

1220 2346 1302 2385 Haec
1320 2347 1367 2382 est
1393 2346 1540 2382 Canonis
1562 2360 1634 2394 pars
1654 2373 1665 2389 ,
1690 2349 1732 2383 de
1750 2361 1812 2393 qua
1827 2350 1960 2383 Sanctus
1981 2349 2053 2383 Leo
2072 2334 2210 2407 Egfflffli·

1170 2396 1330 2432 Pontifex
1342 2397 1376 2430 in
1388 2397 1546 2439 Epistolis
1563 2395 1603 2432 ad
1617 2398 1828 2438 Marcianum
1843 2399 2053 2444 Augustum,
2073 2385 2086 2418 ¹⁵
2111 2398 2118 2405 “

1169 2446 1299 2490 ejusque
1321 2446 1501 2491 conjugem
1527 2447 1736 2485 Pulcheriam
1756 2462 1763 2481 :
1803 2453 1919 2482 Contra
1936 2449 2053 2489 statuta

1172 2499 1368 2529 Paternorum
1379 2500 1557 2538 canonum,
1585 2510 1654 2540 quae
1676 2505 1709 2532 in
1730 2498 1801 2532 urbe
1821 2497 2056 2541 Nicaenaspm'-

1170 2546 1300 2579 tualibus
1315 2545 1390 2591 sunt
1403 2546 1543 2588 fundata
1563 2549 1710 2588 decretis,
1736 2548 1817 2581 nihil
1837 2554 1975 2591 cuiquam
2000 2550 2056 2582 ad-

1170 2598 1240 2629 dere
1260 2597 1444 2630 conceditur:
1472 2599 1555 2642 ,ρπβ
1574 2597 1631 2639 fia
1641 2598 1754 2631 cunt‘71‘s
1766 2598 1959 2640 Pontificibus
1980 2604 2055 2632 inte-

1170 2655 1287 2679 merata
1308 2644 1471 2689 serventur
1496 2671 1506 2687 ,
1535 2655 1595 2689 per
1618 2646 1777 2691 universas
1803 2647 1947 2690 Ecclefias
1969 2657 2056 2680 tran·

1169 2697 1263 2738 quilla
1272 2701 1329 2729 erit
1347 2703 1416 2738 pax
1430 2698 1464 2730 (5
1469 2696 1563 2740 firma
1573 2699 1727 2734 concordia
1737 2722 1748 2738 ‚
1775 2699 1865 2730 nullae
1884 2697 1924 2734 ¹de
1935 2695 2050 2740 mensu-

1170 2752 1212 2778 ris
1234 2744 1342 2778 barum
1362 2746 1542 2789 ‚diffenfiones
1554 2771 1564 2787 ‚
1590 2748 1680 2780 nullae
1700 2748 1737 2781 de
1756 2746 1994 2781 ordinationibus
2014 2748 2053 2781 li-

1147 2812 1148 2815 ¹
1170 2805 1216 2830 tes
1226 2820 1237 2836 ‚
1263 2797 1355 2829 nullae
1367 2797 1405 2834 de
1411 2798 1586 2840 privilegus
1604 2797 1818 2841 ambiguitates
1831 2821 1842 2837 ,
1869 2798 1951 2830 nulla
1963 2806 2051 2831 erunt
2070 2796 2159 2835 Epist..¹

1170 2847 1208 2879 de
1217 2848 1317 2885 aliena
1326 2844 1517 2888 usurpatione
1526 2853 1692 2885 certamina
1703 2871 1710 2878 .
1739 2847 1783 2887 Et
1795 2847 1829 2879 in
1847 2846 1995 2889 Epistola
2007 2847 2051 2882 ad

1172 2894 1368 2929 Anatolium
1390 2895 1802 2940 Constantinopolitanum
1823 2896 2047 2940 Episcopum:

1174 2945 1215 2978 Ab
1235 2943 1419 2988 universalis
1431 2945 1566 2987 Ecckfiae
1586 2954 1617 2986 te
1631 2946 1859 2988 perturbatione
1874 2952 2026 2981 contineas
2038 2974 2046 2982 .

1173 2999 1243 3028 Non
1269 2996 1474 3034 convellantur
1501 2997 1738 3035 Provincialium
1765 2999 1838 3042 jura
1856 2999 2049 3039 Primatum,

1173 3057 1223 3079 nec
1252 3047 1423 3088 privilegus
1459 3051 1627 3094 antiquitus
1654 3045 1797 3087 institutis
1823 3049 2045 3089 Metropolitum

1165 3094 1349 3136 fraudentur
1368 3094 1539 3140 Antistius.
1567 3095 1672 3136 Hunc
1693 3097 1756 3134 esse
1777 3095 1861 3135 dicit
1873 3094 2068 3134 Canonem'

1173 3144 1361 3184 mansurum
1372 3144 1413 3182 ad
1426 3145 1524 3183 finem
1549 3145 1664 3184 mundi
1684 3170 1695 3186 ,
1722 3145 1763 3187 ad
1786 3156 1973 3190 perpetuam
1995 3157 2052 3191 ge-

1174 3194 1322 3232 neraliter
1342 3195 1520 3233 utilitatem
1540 3195 1650 3237 spiritu
1674 3196 1741 3235 Dei
1762 3196 1935 3231 conditum
1956 3197 2050 3231 &to-

1173 3246 1236 3279 tius
1259 3244 1375 3278 mundi
1406 3245 1584 3284 reverentia
1617 3246 1841 3287 consecratum
1859 3271 1870 3287 ‚
1907 3246 1964 3290 qui
1995 3257 2049 3280 ne-

1174 3306 1235 3339 que
1263 3305 1316 3337 per
1341 3293 1498 3336 majorem
1525 3318 1537 3334 ‚
1575 3306 1682 3337 neque
1708 3306 1764 3339 per
1799 3295 1964 3334 minorem
1989 3297 2048 3339 Sy-

1177 3345 1299 3382 nodum
1325 3343 1420 3387 poffit
1444 3345 1583 3385 auferri,
1609 3355 1668 3383 aut
1691 3345 1804 3381 variari
1831 3371 1838 3377 .
1875 3345 1960 3390 Agit
1995 3343 2049 3378 ad-

1175 3393 1279 3429 versus
1305 3392 1502 3433 Anatolium
1524 3418 1536 3434 ,
1559 3395 1618 3439 qui
1643 3395 1678 3436 in
1703 3395 1840 3439 Synodo
1866 3393 2049 3435 Chalcedo-

1178 3444 1262 3478 nenfi
1285 3453 1422 3479 tentarat
1448 3443 1525 3480 Sedi
1570 3445 1633 3479 suae
1658 3445 1813 3489 subjicere
1847 3453 1911 3478 tres
1947 3443 2048 3479 distas

1177 3505 1251 3529 cum
1272 3493 1335 3528 suis
1358 3492 1555 3534 primatibus
1578 3495 1744 3536 Dioeceses
1766 3517 1779 3536 ,
1804 3505 1842 3529 ac
1863 3493 1932 3534 illic
1953 3490 2049 3529 indu,

1926 3549 1999 3583 50¹9
