2346 3776
655 214 1100 269 DissnRTATm
1149 213 1566 265 PRoouulAms.

215 302 305 349 piam
315 295 482 347 Apostolis
492 295 649 344 'posterior
669 297 857 343 Episcopus.
884 296 980 333 Hinc
1000 297 1089 333 idem

206 348 381 389 concludit
389 349 431 384 de
451 348 507 383 die
525 346 693 386 Paschalis
704 347 917 383 'Festivitatis.
942 347 1091 391 Respon-

207 403 389 438 deotamen
400 397 486 434 hanc
499 398 715 434 diversitatem
726 396 867 432 omnine>
876 397 939 431 effe
949 396 990 435 ab
1000 399 1089 442 Apo-

173 483 182 493 ,
208 452 311 487 stolis·
337 450 472 487 Etenim
482 448 674 492 Polycrates
696 447 883 483 constanter
900 446 1002 482 edixit
1026 449 1090 482 suae

69 940 130 973 tib.
141 948 169 977 7,

66 990 130 1022 cap.
143 993 155 1014 1
161 987 190 1017 80.

207 500 357 537 Ecclefiae
366 510 494 534 morem
501 500 565 534 effe
576 499 594 533 ὲ
605 500 714 537 saneto
723 497 856 542 Ioanne.
873 497 916 531 Et
924 495 1009 532 hanc
1019 498 1088 540 ejus

209 548 417 586 assertionem
427 547 555 586 sanetus
565 548 762 584 Victor'n'on
774 547 935 586 refutavit.
963 548 1006 582 Et
1019 549 1087 582 san·

205 602 274 635 nus
284 601 515 643 Hieronymus
525 599 642 637 diserte
648 597 757 634 scribit
766 596 975 640 Polycratem
996 600 1032 631 id
1039 599 1088 631 do-

205 651 296 692 cuiffe.
311 651 357 684 Et
369 651 495 686 sanstus
506 649 719 694 polycarpus,
729 658 806 682 cum
816 648 926 682 sancio
937 646 1091 684 Aniceti>

204 700 373 745 disputans
384 725 395 741 ,
421 712 491 735 non
502 701 561 734 suo
572 699 727 734 instituto
746 696 855 746 noluit
873 697 986 733 cedere
996 722 1007 740 ,
1033 697 1086 733 sed

229 762 266 784 ro
292 750 391 785 sancti
402 750 539 794 Ioannis
549 752 657 793 Opere
669 773 680 790 ,
702 748 721 782 ὲ
731 758 798 792 quo
809 757 876 781 erat
882 749 1087 782 consecratus

205 812 243 835 in
255 801 466 845 Episcopum.
492 800 537 834 Et
547 798 635 843 quod
647 800 798 833 Romana
811 797 952 831 Ecclefia
963 799 1085 842 semper

205 851 240 885 fe
250 849 396 884 fundarit
406 850 441 884 ln
453 847 637 883 sandioru'm
649 847 840 891 Principum
852 844 1086 891 Apostolorum

205 899 361 937 Instituto
372 924 384 941 ,
410 899 535 933 evincit
554 898 606 932 vel
631 898 698 933 sbla
708 897 856 942 Epistola
868 898 963 932 sancii
976 898 1089 932 Firmi-

205 949 296 984 liani.
325 949 370 983 Et
381 946 447 983 hoc
458 949 563 992 ipsum
574 946 691 992 probat
702 948 856 982 Hermias
862 949 1070 992 Zozomenus
1081 961 1087 980 :

205 1001 334 1032 Romani
342 1000 420 1032 circii
429 997 520 1039 hujus
533 997 614 1038 Festi
625 997 848 1031 celebrationem
861 1022 872 1038 ‚
898 996 1090 1046 Apostolorum

208 1052 295 1083 Petri
321 1051 356 1084 Θ·
380 1050 471 1083 Pauli
495 1049 657 1081 traditione
688 1057 822 1081 utuntur.
859 1046 965 1082 Addit
992 1049 1090 1083 etiam

205 1099 392 1144 AEgyptios
401 1110 479 1134 cum
489 1098 653 1134 Romanis
664 1097 832 1132 celebrare.
861 1098 904 1132 Et
914 1097 1001 1132 certe
1013 1110 1090 1133 con-

205 1149 413 1184 suetudinem
424 1173 436 1190 ,
461 1160 560 1192 quam
572 1150 731 1182 servamus
738 1148 995 1191 antiquissimam
1020 1173 1030 1189 ‚
1055 1148 1088 1181 δε

204 1198 298 1242 cujus
320 1200 482 1233 nescimus
505 1196 707 1238 Aufflorcm,
727 1196 845 1234 merito
855 1198 1017 1232 credimus
1026 1198 1090 1232 effe

204 1247 248 1283 ab
260 1247 455 1293 Apostolis„

256 1299 360 1333 Nona
369 1298 501 1342 quaestio
511 1298 558 1331 est
569 1322 580 1338 ,
606 1299 649 1332 an
663 1298 790 1330 sanetus
803 1296 921 1330 ViCtor
936 1296 999 1331 Pol
1001 1305 1091 1341 ycra-

155 1342 159 1346 ’
204 1357 295 1388 tem,
311 1347 378 1392 ejus
388 1347 591 1390 Episcopos,
610 1347 795 1380 acomnem
805 1343 888 1380 Asiae
910 1347 1089 1382 Ecclesiam

66 1437 128 1470 nb.
141 1448 167 1475 ς.

64 1488 130 1519 αφ.
143 1490 188 1516 24-

0 3551 7 3556 .,
62 3524 122 3561 tib.
134 3540 159 3567 ς.

6 3591 13 3598 .
62 3579 123 3609 cap.
133 3582 177 3601 ιι,

203 1397 312 1432 revera
321 1395 642 1431 excommunicarit?
664 1395 861 1439 Respondeo
884 1392 1089 1432 affirmativess

204 1447 335 1482 Diserte
346 1445 411 1481 hoc
422 1446 556 1481 testatur
566 1445 742 1480 Eusebius:
774 1448 831 1478 His
840 1446 929 1479 rebus
939 1448 1087 1481 adductus

205 1498 306 1531 Venor
325 1522 337 1539 ,
361 1503 451 1533 totius
470 1495 542 1538 Afiae
559 1495 701 1537 Ecclefias
721 1496 787 1530 cum
807 1497 877 1528 aliis
907 1496 1050 1538 finitimis
1075 1522 1086 1538 ,

203 1555 353 1591 tanquam
375 1548 499 1583 alterius
515 1546 590 1589 fidei
611 1547 644 1580 Ca·
656 1549 803 1588 opinionis
818 1571 829 1586 ‚
839 1545 926 1587 fimul
941 1558 1040 1580 omnes
1066 1550 1086 1579 ἃ

203 1602 348 1631 communi
356 1603 473 1630 unitate
483 1594 616 1637 Ecclefiae
638 1620 648 1636 ,
674 1592 834 1638 amputare
842 1598 995 1636 conatur,·'
1009 1599 1043 1632 ἐν
1054 1603 1086 1630 tn

202 1643 252 1681 eos
266 1655 326 1690 per
337 1650 459 1680 Literas
476 1652 617 1691 graviter
629 1646 783 1680 invehitur
795 1671 806 1686 ,
833 1642 923 1688 at'que
942 1648 1016 1681 adeo*
1028 1659 1082 1680 om-

192 1708 259 1731 *nes
290 1700 419 1731 Fratres
453 1708 519 1730 eam
545 1697 885 1740 Regionemwncolentes
913 1699 1038 1740 prorsus
1065 1699 1086 1729 ὰ

202 1752 400 1781 communione
416 1745 607 1790 secludendos
629 1748 725 1788 edicit.
753 1745 911 1781 Notanda
932 1748 1009 1782 sunt
1020 1757 1086 1782 vet-

202 1795 265 1830 ba:
291 1798 450 1838 Tanquam
471 1797 593 1829 alterius
611 1796 683 1838 fidei
696 1796 738 1829 ’θ
750 1802 902 1837 opinionis.
929 1796 1085 1831 Arserunt

202 1857 275 1880 non
296 1845 386 1890 quod
409 1845 526 1879 Victor
546 1855 602 1879 aut
623 1844 811 1888 Polycrates
833 1844 919 1880 hanc
940 1847 1083 1889 quaestio-

202 1906 281 1930 nem
291 1895 477 1930 censuerint
489 1896 626 1939 spectare
636 1894 677 1929 ad
686 1894 858 1929 immobile
867 1896 1016 1941 Dogma,
1030 1896 1084 1931 sed

203 1945 294 1990 quod
305 1945 360 1979 ille
374 1943 464 1979 hunc
474 1946 508 1979 &
518 1945 615 1989 ipsius
637 1944 794 1990 Collegas
803 1970 815 1986 ,
835 1957 872 1979 ac
882 1957 1016 1980 omnem
1028 1957 1085 1990 po-

200 1995 318 2040 pulum
331 1995 475 2029 tractarit
483 1994 523 2029 ad
535 1994 671 2029 modum
681 2019 692 2035 ‚
718 2006 785 2039 quo
795 1996 924 2038 tractari
942 2007 983 2030 co
991 1997 1082 2030 nsue-

201 2054 320 2079 verunt
332 2044 557 2079 inobedientes
570 2059 581 2078 i·
609 2045 741 2078 Etenim
752 2043 835 2078 adeo
855 2045 942 2079 vasta
953 2046 1082 2081 Dioece-

199 2095 241 2129 fis
262 2106 333 2130 non
341 2095 513 2130 consuevit
525 2094 584 2129 nifi
594 2094 638 2128 ob
649 2093 788 2128 haerefim
798 2104 854 2128 aut
867 2094 1005 2130 schisma
1028 2107 1084 2130 ex-

198 2146 452 2179 communicari.
478 2143 579 2179 Plura
591 2143 702 2179 scribit
714 2145 748 2178 in
760 2146 859 2178 santii
870 2145 979 2179 Irenaei
992 2146 1082 2190 'Lug'-

197 2193 354 2229 dunenfis
365 2195 520 2239 Episcopi
533 2190 656 2240 Elogio
669 2195 794 2228 sanetus
814 2194 1045 2238 Hieronymus
1071 2210 1082 2230 .-

202 2247 356 2278 Fer'untur
377 2245 488 2279 Irenaei
499 2246 533 2278 Θ
544 2246 614 2278 allae
625 2245 671 2276 ad
679 2244 822 2278 Vidorem
832 2244 1009 2288 Episcopum
1025 2250 1084 2278 Ro-

200 2305 325 2327 manum
335 2295 371 2328 de
381 2294 535 2337 quaestione
549 2292 672 2337 Pascbae
685 2298 712 2328 E
711 2294 821 2336 pistolae
829 2321 839 2336 ‚
850 2301 882 2328 in
894 2296 1000 2338 quibus
1008 2307 1081 2328 com-

202 2354 301 2378 monet
311 2356 376 2378 cum
387 2356 443 2377 non
447 2344 542 2386 facile
554 2344 657 2380 debere
666 2351 813 2378 unitatem
835 2349 862 2379 C
864 2347 956 2390 ollegii
970 2344 1083 2388 scinde-

198 2405 241 2426 re.
267 2395 417 2436 siquidem
428 2394 528 2428 Vtc‘lor
539 2395 645 2427 multos
671 2393 744 2437 Afiae
765 2396 799 2428 ἐν
820 2400 954 2429 Orientis
966 2395 1084 2438 Episco-

194 2451 254 2485 pos
266 2467 277 2483 ‚
301 2450 353 2486 qui
363 2447 382 2476 ἃ
392 2446 617 2487 decimaquarta
631 2447 723 2477 Luna·
733 2456 797 2478 cum
812 2449 844 2490 J
847 2447 942 2478 udaeis
968 2444 1083 2488 Pascha

197 2492 401 2534 celebrabant,
412 2495 597 2526 damnandos
607 2495 789 2527 crediderat.
801 2495 881 2529 Non
896 2495 982 2529 solos
996 2496 1083 2529 Afian-

198 2543 286 2576 ticos
297 2567 308 2582 ,
320 2542 374 2577 scd
384 2544 416 2577 &
428 2543 533 2586 plures
545 2544 766 2578 Orientalium
779 2545 994 2579 Ecclesiarum
1005 2546 1083 2589 Epi-

198 2593 323 2636 scopos.
350 2593 480 2636 Nempe
491 2593 608 2627 Victor
620 2604 689 2627 non
701 2594 763 2627 soli
773 2594 969 2638 Theophilo
983 2596 1083 2629 Caesa-

197 2643 319 2676 raeenfis
339 2642 372 2676 δε
392 2643 561 2686 Polycrati
583 2641 744 2686 Ephesino
764 2667 774 2683 ,
807 2644 860 2678 sed
882 2644 1006 2678 cunctis
1027 2657 1082 2689 per

197 2692 389 2733 Orientem,
408 2694 508 2727 etiam
521 2703 575 2736 pet
584 2693 756 2728 Orientale
764 2693 934 2736 Illyricum
949 2695 1080 2738 Episco-

200 2742 250 2786 pis
260 2741 429 2776 mandarat
442 2741 606 2777 celebrare
614 2742 781 2786 synodos,
793 2745 826 2777 δι
836 2745 854 2777 a
866 2745 1002 2787 pristino
1012 2757 1081 2780 mo-

197 2803 231 2825 re
239 2793 370 2826 cessare:
399 2791 441 2825 Et
453 2791 597 2835 quaedam
605 2792 733 2837 Synodi
745 2796 931 2837 paruerunt,
939 2795 1079 2839 quedam

195 2842 384 2875 constanter
405 2841 596 2876 restiterunt.
625 2844 756 2878 Omnes
775 2855 845 2886 quae
866 2856 1043 2888 paruerunt
1069 2871 1079 2888 ,

197 2891 327 2925 videtur
339 2891 471 2925 edixisse
483 2891 642 2926 Eusebius
651 2905 665 2934 ;
692 2904 734 2926 ex
745 2892 818 2927 aliis
830 2896 1019 2929 memorasse
1030 2897 1077 2929 so-

198 2940 263 2974 lam
276 2939 480 2984 Ephesmam.
508 2940 665 2976 Attamen
676 2941 820 2989 addidit:
844 2948 921 2976 Cum
931 2945 1078 2988 aliisfini-

197 2996 289 3024 timis.
318 2992 393 3025 Hos
406 2991 533 3024 sanstus
553 2991 780 3035 Hieronymus
798 2994 937 3037 appellat
958 2996 1076 3029 Orien-

196 3039 277 3074 tales
285 3041 474 3084 Episcopos.
487 3039 516 3073 A
524 3052 543 3073 n
556 3041 659 3075 solam
671 3041 874 3077 Orientalem
887 3044 921 3077 D
929 3044 1073 3086 iaecefim,

196 3101 240 3124 an
249 3090 325 3124 vero
335 3102 471 3124 omnem
483 3090 689 3124 Orientalem
701 3091 874 3126 Ecclesiam
885 3094 1050 3140 intelligat
1062 3120 1072 3136 ‚

198 3140 328 3184 ignoro.
356 3139 514 3180 Videtur,
531 3138 615 3174 hanc
640 3151 776 3175 omnem
785 3142 974 3188 intelligere.
1002 3145 1076 3179 Ete-

196 3190 267 3222 nim
279 3201 347 3224 non
360 3190 441 3230 sola,
453 3190 555 3224 totius
566 3190 744 3226 Orientalis
756 3191 942 3227 Dioeceseos
952 3205 1050 3238 caput
1063 3220 1074 3235 ,

195 3249 315 3283 magna
328 3237 508 3274 Antiochia
520 3264 531 3280 ,
558 3240 611 3275 scd
621 3240 721 3274 etiam
733 3240 880 3276 Caesaraea
903 3244 1074 3287 Cappado-

195 3298 272 3322 cum
284 3313 294 3327 ‚
318 3289 464 3324 Ponticae
473 3289 662 3324 Dioeceseos
674 3300 790 3334 caput,
817 3291 909 3326 firma
933 3293 1072 3335 perstitit

195 3338 233 3371 in
255 3337 391 3381 antiquo
417 3351 517 3373 more.
556 3341 718 3374 Existimo
737 3340 770 3374 ὅς
801 3341 1070 3386 Hierosolymam

194 3384 382 3430 Theophili
394 3388 530 3431 Synodo
545 3402 613 3424 non
624 3391 772 3434 paruisse.
800 3391 974 3438 Qidquid
990 3393 1030 3427 fit
1058 3418 1069 3434 ,

194 3434 253 3471 has
263 3447 376 3470 omnes
394 3438 549 3473 Ecclefias
560 3439 676 3475 Victor
685 3441 808 3484 paravit
818 3441 1005 3476 abscindere
1018 3468 1028 3484 ,
1038 3444 1070 3478 &

193 3486 290 3520 duxit
301 3485 471 3521 exordium
482 3488 524 3522 ab
535 3491 726 3530 Afiatica‚&
737 3491 930 3534 quibusdam
941 3493 1069 3527 vicinis.

194 3536 320 3570 Eadem
331 3535 372 3569 de
382 3547 416 3569 re
428 3537 536 3571 scribit
547 3540 692 3574 Socrates
703 3552 713 3582 3
740 3543 877 3584 Plerique
884 3548 916 3575 in
928 3542 992 3584 Asta
1013 3547 1068 3576 Mt-

194 3597 263 3621 nore
282 3586 448 3626 antiquitus
471 3587 698 3631 decimoquarto
718 3591 765 3625 die
774 3591 875 3634 mensis
888 3616 900 3634 ,
925 3594 1008 3627 nulla
1018 3606 1068 3628 ra-

296 3635 410 3679 Dissert.
425 3638 546 3671 Prooem.
559 3640 638 3672 Tom.
648 3643 683 3674 l.

1947 245 2016 282 171·

1150 302 1227 330 tione
1249 297 1298 330 die
1317 294 1461 329 sabbathi
1478 294 1607 336 habita,
1631 293 1807 337 bocFestian
1817 297 2022 341 obsi-mamm,

1150 347 1245 390 ‚Quod
1250 347 1321 379 dum
1323 344 1504 388 faciebant,
1529 357 1597 380 cum
1605 347 1688 387 aliis,
1703 352 1757 389 qui
1767 353 1912 382 rationem
1930 353 2023 385 altam

1147 402 1179 428 in
1199 397 1298 430 eodem
1309 395 1387 437 festo
1403 397 1518 440 agendo
1543 395 1746 440 sequebantur
1766 422 1778 438 ,
1803 395 1893 441 usque
1916 401 1949 432 εδ
1975 411 2026 433 ne-

1149 457 1298 488 quaquam
1307 444 1499 489 dtffenserunt
1509 470 1520 486 ,
1530 446 1640 488 quossa'd
1649 446 1748 486 Vifflor
1758 472 1770 489 ‚
1779 451 1933 484 Romanus
1946 451 2024 491 Epi-

1142 494 1246 542 fhopus
1267 494 1363 539 supra
1382 497 1501 528 modum
1509 498 1667 529 iracundia
1676 497 1899 539 inflammatus,
1922 510 2022 532 omnes

1147 552 1179 578 in
1200 544 1263 587 Asia
1275 570 1286 586 ,
1312 551 1364 588 qui
1373 547 1637 588 quarto-decimani
1646 546 1792 592 appellati
1802 557 1900 591 erant,
1911 560 2023 584 excom·

1147 601 1353 629 municavnit.

1197 645 1328 680 Sanetus
1339 645 1456 680 Victor
1473 646 1537 680 fuit
1547 644 1651 686 Afer,
1677 646 1819 691 ideoque
1827 648 1921 691 poffit
1929 647 2022 683 fuiffe

1149 706 1262 732 natura
1281 694 1514 731 vehementior.
1550 696 1618 730 Sub
1639 695 1707 739 ejus
1728 698 1807 732 item
1819 698 2023 732 Pontificatu

1149 746 1268 779 facium
1279 746 1338 786 est,
1348 746 1437 789 quod
1448 745 1482 779 in
1493 745 1668 781 illustrium
1678 746 1838 789 Virorum
1859 748 2024 793 Catalogo

1150 795 1259 829 scribit
1271 797 1398 830 sanstus
1409 797 1658 842 Hieronymus:
1680 796 1910 832 Tertullianus
1922 821 1934 837 ,
1958 809 2025 832 cum

1149 843 1238 887 usque
1258 847 1303 878 ad
1322 847 1450 879 mediam
1468 856 1587 880 aetatem
1610 846 1765 886 Presbyter
1796 845 1930 889 Ecclefiae
1956 855 2025 889 per-

1151 893 1310 938 manfiffit‚
1336 897 1457 929 invidia
1473 895 1574 938 posted
1591 898 1625 930 (9⁶
1643 897 1823 930 contumeliis
1849 898 2027 931 clericorum

1150 948 1295 978 Romanae
1315 944 1449 987 Ecclefiae
1468 948 1512 978 ad
1530 950 1667 980 Montani
1685 947 1791 991 dogma
1807 945 1941 990 dilapsus
1967 947 2023 980 est.

1152 994 1193 1028 Et
1202 993 1243 1028 de
1255 996 1363 1029 santio
1375 995 1493 1029 lrenaeo
1503 996 1595 1030 addit
1606 997 1733 1032 sanctus
1744 997 1974 1042 Hiernoymus
1982 996 2026 1031 de

1150 1044 1445 1087 praesentIVicstoris
1465 1046 1562 1080 facto:
1588 1050 1625 1079 In
1645 1058 1705 1089 qua
1719 1045 1871 1091 sententia
1889 1052 1913 1080 11
1937 1071 1949 1087 ,
1973 1052 2026 1090 qui

1152 1092 1360 1137 discrepabant
1368 1094 1502 1135 abillis,
1528 1095 1641 1138 utique
1652 1096 1802 1132 Asiaticis
1817 1097 1988 1141 Episcopis
2012 1121 2025 1138 ‚

1151 1144 1260 1175 Vitlori
1267 1155 1326 1176 non
1337 1145 1484 1177 dederunt
1493 1156 1609 1177 manus.
1638 1144 1751 1180 Plures
1761 1171 1771 1187 ‚
1783 1147 1817 1180 &
1829 1145 2025 1182 Occidenta-

1150 1193 1195 1227 les
1214 1194 1247 1227 ὅ(
1273 1194 1481 1235 Oriemales,
1510 1195 1689 1238 Episcopi,
1717 1196 1794 1230 licet
1805 1194 2025 1230 Asiaticorum

1151 1244 1362 1286 pertinaciam
1383 1256 1451 1278 non
1473 1244 1646 1288 probarent
1667 1269 1679 1286 ,
1706 1245 1851 1280 Vistoris
1879 1247 2026 1280 severum

1150 1293 1315 1336 Iudicium
1336 1295 1436 1328 etiam
1459 1294 1693 1338 improbarunt.
1733 1296 1843 1330 Etiam
1866 1296 2025 1330 Eusebius

1150 1343 1299 1389 adjungit
1312 1356 1320 1376 ι
1347 1345 1454 1378 Verum
1467 1344 1519 1384 ista
1528 1351 1645 1378 caeteris
1656 1345 1789 1379 omnibus
1794 1347 1906 1388 parum
1926 1348 2026 1388 place-

1149 1393 1223 1427 bant
1234 1397 1263 1426 E
1261 1392 1403 1437 piso-opis.
1430 1394 1516 1427 Illum
1522 1401 1613 1438 igitur
1623 1398 1725 1429 contrd
1737 1398 1909 1439 magnopere*
1922 1396 2026 1428 adhor-

1149 1444 1292 1477 tabantur
1304 1469 1315 1485 ,
1340 1454 1375 1477 ut
1390 1451 1476 1487 pacis
1488 1468 1499 1484 ,
1525 1447 1704 1484 concordia,
1731 1445 1936 1479 &charitatis
1955 1455 2026 1488 erga

1150 1496 1305 1527 Proximos
1325 1495 1494 1537 diligentem
1516 1505 1617 1527 curam
1637 1494 1766 1528 haberet.
1794 1498 1929 1538 ,Quorum
1959 1506 2026 1528 ver-

1148 1544 1210 1584 ba,
1232 1552 1332 1586 utpote
1351 1544 1495 1577 Villorem
1527 1544 1625 1577 acrius
1654 1546 1688 1578 (τ
1709 1544 1841 1578 acerbius
1871 1556 2027 1589 coarguen-

1148 1600 1243 1635 tium,
1271 1598 1397 1636 scriptis
1413 1596 1536 1636 prodita
1562 1593 1659 1628 adhuc
1670 1605 1787 1628 extant.
1817 1595 1955 1629 Etinter
1964 1595 2026 1629 hos

1148 1645 1286 1679 affirmat
1304 1645 1397 1678 fuisse
1418 1646 1562 1680 santium
1585 1645 1748 1680 Irenaeum.
1777 1647 1820 1681 Et
1831 1645 2026 1680 adducitin-

1148 1695 1236 1739 signe
1254 1696 1475 1740 fragmentum
1497 1706 1538 1728 ex
1557 1695 1626 1738 ejus
1649 1695 1804 1739 Epistola.
1832 1697 1943 1730 Etiam
1969 1697 2026 1730 So-

1147 1756 1251 1779 crates
1262 1745 1393 1779 scribit:
1420 1745 1464 1778 ob
1485 1746 1565 1787 quod
1585 1745 1713 1779 Fac‘lum
1730 1751 1883 1787 Irenaeus‚
1904 1744 2024 1789 Episco-

1143 1803 1204 1836 pus
1225 1796 1389 1839 Lugduni,
1413 1795 1500 1828 Urbis
1515 1797 1641 1835 Gallice,
1673 1803 1705 1829 in
1718 1797 1861 1830 Victorem
1879 1804 1936 1839 per
1946 1800 2024 1838 Ep}

1139 1844 1245 1885 stolam
1257 1852 1398 1888 graviter
1418 1845 1555 1878 invefflus
1577 1845 1615 1885 est
1627 1870 1637 1885 ,
1664 1856 1728 1879 tum
1747 1845 1846 1887 aestum
1869 1850 2024 1888 iracundie

1148 1895 1228 1927 illius
1241 1894 1401 1937 incusando
1412 1907 1425 1935 ;
1452 1905 1515 1928 tum
1527 1896 1650 1927 docendo
1660 1897 1741 1938 quod
1750 1906 1865 1930 wieres
1879 1922 1889 1938 ‚
1916 1903 1967 1939 qui
1993 1904 2025 1930 in

1146 1945 1225 1977 illius
1251 1944 1330 1985 Festi
1352 1942 1553 1986 observatione
1573 1951 1651 1979 inter
1673 1945 1749 1990 ipsos
1781 1946 1987 1990 discrepabant
2014 1971 2025 1986 ‚

1143 1994 1356 2035 minimefuere
1365 2000 1563 2027 communione
1579 1993 1718 2037 seiundli.
1748 1994 1903 2030 Aliorum
1924 1997 2026 2030 Litte-

1145 2055 1184 2077 rae
1205 2054 1261 2077 aut
1272 2046 1456 2087 perierunt,
1482 2054 1537 2076 aut
1558 2043 1669 2078 latent.
1696 2046 1740 2079 Et
1752 2045 1831 2079 hinc
1853 2057 1939 2089 patet
1959 2048 2027 2080 Ro-

1146 2105 1282 2126 manum
1295 2093 1496 2137 Episcopum
1509 2117 1518 2133 ‚
1531 2095 1689 2128 reverenti
1700 2095 1840 2129 aliorum
1852 2096 2027 2139 Episcopo-

1143 2155 1214 2177 rum
1227 2143 1364 2178 confilio
1379 2143 1466 2186 posse
1479 2145 1622 2177 revocari
1639 2156 1649 2187 ;
1675 2155 1711 2179 ut
1722 2156 1831 2189 parcat
1853 2155 2028 2181 contuma-

1144 2193 1237 2228 cibus
1249 2188 1501 2236 Dispensatorie.

1194 2244 1333 2278 Decima
1344 2243 1477 2288 quaestio
1499 2244 1544 2277 est
1563 2269 1574 2285 ,
1600 2245 1674 2289 quis
1690 2246 1786 2281 suerit
1814 2245 1933 2282 horum
1959 2260 2028 2283 mo-

1145 2304 1237 2327 tuum
1250 2294 1357 2328 exitus
1371 2295 1386 2325 ?
1402 2293 1468 2325 ·An
1482 2294 1622 2328 Vistora
1635 2297 1693 2329 suo
1707 2297 1879 2340 Proposito
1900 2300 2026 2333 recesse-

1144 2344 1208 2377 rit?
1236 2344 1435 2387 Respondeo
1460 2344 1630 2379 recessisse.
1659 2347 1739 2380 Hoc
1759 2347 2025 2384 diserteaffirmat

1145 2395 1297 2427 Hermias
1318 2396 1547 2427 Zozomenus:
1575 2399 1670 2437 Atque
1696 2396 1743 2430 hae
1765 2399 1885 2439 quidem
1911 2399 2024 2440 exstite-

1143 2454 1215 2476 runt
1241 2451 1316 2476 circa
1352 2443 1402 2475 hoc
1432 2442 1549 2483 Festum
1581 2444 1778 2487 diversitates.
1815 2450 2022 2490 sapientiffime

1143 2503 1243 2527 autern
1261 2494 1388 2526 arbitror
1398 2491 1513 2537 fhlviffl’
1531 2491 1685 2537 subortam
1705 2497 1771 2530 olim
1802 2499 1839 2530 de
1862 2510 1893 2532 eo
1913 2508 2023 2532 contro-

1144 2543 1269 2585 verfiam
1286 2569 1298 2586 ‚
1336 2544 1478 2578 Vu‘iorem
1506 2553 1575 2579 tunc
1606 2553 1747 2589 tempms
1766 2550 1868 2581 Romae
1905 2548 2023 2592 Episco-

1138 2602 1213 2636 pum
1232 2619 1242 2634 ,
1277 2597 1312 2628 65
1348 2596 1537 2636 Polycarpum
1561 2595 1769 2640 Smyrnensem.
1807 2601 1931 2631 Etenim
1957 2610 2023 2631 cum

1143 2646 1309 2678 Occidentis
1330 2645 1500 2678 Sacerdotes
1521 2647 1711 2680 traditionem
1737 2650 1822 2680 Petri
1857 2659 1892 2681 ac
1930 2650 2023 2682 Pauli

1142 2707 1199 2727 non
1225 2696 1276 2738 effe
1297 2696 1539 2728 contemnendam
1570 2697 1790 2730 arbitrarentur
1814 2722 1825 2738 ,
1862 2699 1898 2731 (9
1923 2697 2022 2739 Afiant

1137 2743 1171 2787 se
1190 2748 1348 2790 Joanncm
1368 2749 1398 2777 E
1402 2746 1593 2789 vangelistam
1607 2745 1693 2789 sequi
1712 2748 1897 2788 affirmarent
1924 2771 1935 2787 ‚
1962 2751 2020 2781 De·

1141 2805 1217 2827 creto
1236 2801 1269 2827 in
1291 2802 1486 2828 communione
1500 2795 1616 2838 sancito
1639 2821 1650 2836 ,
1679 2795 1789 2840 fingult
1810 2821 1821 2837 ,
1847 2806 1881 2830 ut
1906 2796 2019 2840 consue-

1141 2854 1252 2878 verant
1262 2869 1274 2884 ,
1300 2844 1417 2885 Festum
1429 2845 1608 2878 celebrantes
1620 2870 1630 2885 ‚
1656 2848 1676 2878 ἂ
1688 2857 1791 2880 mutua
1801 2852 1879 2879 inter
1893 2845 1927 2889 se
1947 2859 2022 2880 com-

1140 2901 1275 2927 munione
1301 2907 1358 2927 non
1380 2895 1557 2938 recefferunt.
1584 2897 1741 2928 Frivolum
1762 2902 1840 2928 enim
1868 2921 1878 2936 ,
1903 2898 1937 2930 (5
1958 2904 2020 2940 qui.-

1140 2946 1207 2977 dem
1227 2948 1353 2985 merito,
1373 2946 1575 2985 judicarunt,
1604 2944 1822 2988 consuetudinis
1843 2952 1970 2990 gratia,
1997 2950 2019 2980 ἆ·

1135 2993 1168 3036 J}
1191 2997 1291 3027 mutuo
1312 2993 1463 3038 segregari
1487 3007 1557 3034 eos,
1583 3002 1634 3037 qui
1659 3000 1689 3027 in
1712 3002 1874 3037 praecipuis
1896 2998 2018 3041 Religio-

1138 3050 1187 3076 nis
1216 3044 1373 3085 Capitibus
1405 3043 1608 3087 consentirent.
1641 3049 1750 3086 Neque
1785 3052 1864 3078 enim
1901 3045 2023 3089 easdem

1139 3095 1314 3127 traditiones
1331 3102 1390 3135 per
1418 3100 1516 3127 omnia
1535 3093 1645 3135 fimiles
1669 3119 1679 3134 ,
1705 3101 1738 3127 in
1757 3096 1890 3129 omnibus
1917 3099 2016 3131 Eccle-

1130 3143 1183 3185 fiis
1194 3168 1205 3183 ,
1230 3150 1372 3185 quamvis
1392 3150 1470 3178 inter
1485 3143 1520 3187 se
1540 3142 1722 3187 consentiant
1735 3168 1745 3184 ,
1772 3152 1900 3187 reperire
1908 3149 1991 3188 poffis
2004 3172 2013 3179 .

1136 3193 1205 3226 Hic
1224 3193 1376 3226 miscetur
1394 3194 1468 3237 quis
1494 3194 1676 3228 Zozomeni
1710 3194 1840 3238 Lapsus.
1880 3197 2016 3231 Etenim

1136 3245 1261 3277 sanstus
1280 3242 1397 3276 Victor
1417 3244 1451 3277 δε
1471 3244 1595 3277 sanstus
1622 3243 1822 3288 polycarpus
1845 3257 1913 3279 non
1936 3259 2015 3281 con-

1136 3294 1301 3326 vixerunt.
1335 3292 1538 3337 Polycarpus
1557 3293 1599 3327 ad
1623 3295 1796 3337 septimum
1822 3296 1930 3330 Marci
1943 3296 2013 3330 Au-

1133 3343 1205 3376 relii
1226 3341 1393 3375 Antonini
1431 3343 1465 3376 &
1500 3343 1597 3377 Lucii
1624 3344 1704 3378 Veri
1725 3356 1847 3379 annum
1873 3346 1918 3380 est
1945 3348 2013 3390 pas·

1134 3394 1214 3432 sus;
1251 3392 1299 3425 At
1337 3391 1414 3425 vero
1445 3392 1562 3427 Victor
1581 3405 1650 3427 non
1683 3395 1741 3428 nisi
1764 3395 1805 3429 ad
1827 3395 2008 3430 decimum-

1132 3443 1264 3476 tertium
1285 3441 1464 3476 Commodi
1486 3454 1610 3478 annum
1631 3444 1677 3478 est
1698 3445 1854 3489 ingressus
1872 3446 2010 3479 Pontifi-

1131 3501 1249 3526 catum.
1275 3492 1370 3526 Hinc
1385 3492 1487 3536 aliqui
1498 3494 1615 3527 volunt
1636 3506 1693 3538 pro
1717 3494 1850 3529 Vic‘tore
1873 3496 2009 3527 statuen-

1130 3542 1210 3576 dum
1233 3542 1294 3576 effe
1307 3540 1496 3577 Anicetum.
1524 3543 1650 3578 Verum
1663 3543 1717 3577 hic
1738 3545 1870 3587 quidem
1883 3544 2008 3577 admisit

1130 3592 1302 3638 Polycarpi
1324 3604 1384 3638 pro
1396 3591 1547 3629 Asiaticis
1556 3594 1710 3677 ΕξγςΙείῖῑε
1726 3593 2007 3677 ἰηῑετσείῑῑοοεὲηᾶ

1662 3654 1684 3680 2
1967 3655 1983 3677 e

2034 1738 2107 1769 Lib:
2135 1748 2161 1767 c.

2040 1787 2162 1817 cap-21.

2045 2388 2099 2419 Lib.
2121 2394 2154 2424 7.·

2040 2438 2159 2467 cap-19.
2204 2434 2206 2438 “
