2346 3776
662 53 1111 104 DISSERTATIO
1162 54 1580 104 PROOEMIAms.

215 138 278 174 effi:
300 147 438 178 novam,
463 133 660 172 secundam,
685 144 724 166 ac
748 132 1012 175 veteriaequalem
1022 134 1093 168 Ro-

1982 85 2030 123 29

1158 135 1194 168 s&
1203 136 1332 174 violati,
1359 133 1500 178 Epifiopi
1508 141 1542 168 in
1553 147 1698 170 carcerem
1707 137 1834 183 detrusi,
1860 141 1946 175 multi
1966 147 2038 175 item

212 200 302 223 mam
324 213 335 229 ‚
372 182 760 227 Constantinopolitanos
788 182 956 217 offendere
975 183 1094 218 nolens
1148 181 1292 227 spoliati,
1317 186 1410 217 Sacra
1421 185 1556 225 Mysteria
1566 186 1605 218 ab
1615 186 1757 220 Ethnicis
1779 191 1920 233 direpta,
1946 193 1982 226 (5
2004 198 2039 225 in

61 270 66 273 -
78 248 195 283 oram
213 237 391 283 Gregorius
400 233 587 269 moderatur
595 233 692 267 suum
701 231 837 267 verbum
848 256 859 273 ,
869 241 967 277 atque
977 234 1095 277 adjun7

211 289 261 335 git
274 301 286 321 ·”
311 287 392 335 2²5²
401 284 454 318 ’θεῖ
460 294 527 317 cum
537 282 636 324 vestra
647 307 658 323 ‚
684 285 738 317 vel
752 285 831 317 certe
839 281 947 323 statim
953 282 1097 325 postfflmj

209 344 390 373 namatur.
417 333 463 368 Et
472 334 509 368 in
520 331 621 368 fausti
642 331 815 369 Athanasii
837 333 1005 367 Encomio
1019 333 1095 375 scri-²3

209 387 274 428 bit:
300 382 480 426 Athanasius
490 384 696 418 Alexandrino
704 384 818 426 ,Populo
829 406 842 423 ‚
868 384 950 426 quod
961 383 999 423 est
1010 386 1094 419 idm

205 433 411 478 aecfidixffem
420 432 560 477 universo
572 445 723 468 terrarum
742 433 806 467 orbi
815 429 996 476 'praeficitun
1025 435 1091 469 Re-

205 485 278 523 vera
286 485 379 518 enim
389 482 606 525 Alexandria,
615 483 696 520 dum
706 484 901 519 Romanum
912 484 1093 528 Imperium<

178 544 181 548 ’
204 534 312 580 viguit
323 559 335 574 ,
344 535 410 568 fuit
420 535 507 579 quasi
519 534 677 570 Mundus.
702 534 749 568 Et
761 532 842 568 hinc
853 534 891 568 in
902 532 1090 568 Chalcedo-

201 585 310 620 nensis
319 584 448 628 Synodi
469 584 562 620 Astis
581 586 766 630 frequenter
784 583 966 630 appellatur
979 595 1089 628 magna

202 639 327 669 Civitas
346 636 630 669 Alexandrinorum..
650 634 760 679 Ipsam
781 636 846 670 effe
867 659 878 675 ,
905 647 943 670 ac
964 636 1089 678 semper

196 686 305 729 ‘etiam
326 684 406 720 dum
428 695 506 721 ante
525 684 708 721 Alexandri
728 685 851 730 Magni
871 696 970 729 opera
981 682 1088 718 adhuc

202 735 263 770 No
272 735 452 771 vocabatur
463 760 475 776 ‚
489 736 594 771 -fuiffie
616 734 764 781 AEgypti
784 733 1004 779 Metropolim
1016 758 1028 774 ,
1053 734 1087 768 &

203 785 344 829 Populis
360 785 671 820 abundantissimam
691 810 704 827 ‚
735 785 869 830 testatur
889 786 927 820 in
948 782 1094 818 Nahum,

111 821 139 852 P’
160 822 188 851 3⁸
202 833 378 878 Prophetae
385 835 644 871 Commentariis
654 838 685 871 S.
696 837 938 880 Hieronymus.
965 834 1095 878 Hujuss·

202 885 297 920 modi
307 883 450 929 plurima
459 887 534 921 sunt
544 886 637 920 istius
646 885 802 929 Civitatis
811 886 975 921 encomia.

251 935 356 983 Qod
377 935 477 972 fuerit
495 935 664 982 insigniter
683 936 872 972 Christiana
882 962 892 978 ,
918 936 1017 970 docet
1035 933 1096 977 uel·

201 984 270 1020 sola
279 985 424 1030 plurium
434 985 654 1022 Ecclesiarurn
663 989 843 1032 antiquitas
854 1012 865 1028 ‚
891 986 932 1021 de
943 997 1006 1030 qua
1017 985 1086 1023 san-

85 1042 187 1076 Haeres‘.
201 1035 272 1070 stus
291 1034 498 1081 Epiphanius
510 1050 518 1069 z
546 1041 636 1072 Arius
657 1039 804 1072 Baucalae
826 1033 1088 1080 cujusdam-‚apud

66 1088 113 1116 68.
123 1094 148 1116 c.
159 1095 186 1120 4-
201 1086 420 1120 Alexandriam
428 1091 459 1121 E
461 1087 564 1131 cclefiae
573 1089 729 1134 Presbyter
738 1099 812 1122 erat.
835 1092 870 1120 N
873 1099 923 1119 am
933 1088 1086 1126 unicuique

198 1135 334 1181 Ecclefiae
346 1161 357 1178 ‚
383 1149 451 1181 quae
463 1147 527 1171 tum
537 1140 641 1173 multae
660 1147 748 1172 erant
759 1162 771 1179 ,
797 1137 883 1170 bodie
903 1138 973 1172 verb
980 1134 1084 1176 plures

194 1182 269 1228 sunt
280 1211 291 1227 ,
296 1185 372 1229 sicus
382 1187 604 1226 attribuebatur,-
615 1188 780 1227 Presbyter.
809 1189 885 1229 ,Qua
895 1190 1011 1219 ratione
1014 1192 1085 1228 pro-

83 1235 185 1270 Haeres.
198 1237 365 1270 curandam
375 1238 459 1271 illam
467 1237 627 1279 Ecclesiam
637 1233 916 1277 Ariussufieperat.
929 1233 1082 1278 Ecinfrssf

64 1281 113 1315 ⁶9·
121 1288 147 1310 c·
159 1289 170 1308 ¹
177 1299 184 1307 ·
197 1289 319 1326 ‚Ferunt
327 1290 431 1318 Arium
441 1282 636 1323 Alexandriae
655 1284 864 1322 Presbyterum
883 1282 1063 1326 effefallum
1072 1306 1082 1323 ‚

195 1340 323 1378 quitum
332 1333 523 1376 Baucalenfis
535 1333 671 1377 Ecclefiae
679 1333 841 1377 cujusdam
863 1332 1084 1374 Praefec‘luram

190 1379 323 1428 gerebat.
349 1387 475 1418 Etenim
486 1394 627 1428 quotquot
644 1385 842 1419 Alexandrtae
855 1381 932 1426 sunt
953 1382 1086 1426 Catholi-

194 1444 237 1468 cae
245 1439 465 1468 communionis
482 1438 512 1467 E
514 1434 616 1476 cclefiae
629 1459 641 1475 ,
666 1440 720 1469 uni
743 1432 997 1476 Archi-Episcopo
1013 1431 1084 1477 sub-

187 1483 280 1526 jeaae
292 1508 303 1524 ‚
324 1481 400 1528 suus
410 1491 513 1528 cuique
518 1484 695 1528 praepofhus
707 1483 746 1525 est
755 1483 914 1521 Presbyter
926 1507 936 1523 ,
961 1489 1012 1526 qui
1023 1486 1084 1516 Ec-

193 1532 344 1576 clefiastica
352 1546 479 1569 munera
487 1542 527 1570 iis
536 1535 724 1576 administret
735 1559 746 1574 ‚
772 1540 824 1577 qui
833 1540 912 1567 circa
933 1536 964 1565 E
966 1531 1077 1574 cclesias

196 1585 267 1618 silas
277 1583 417 1619 habitant
426 1610 438 1627 ,
460 1597 618 1628 eorumque
628 1585 833 1619 conventicula
843 1583 883 1616 ab
904 1584 1083 1616 Alexandri-

195 1641 247 1669 nis
259 1636 348 1680 vulgo
359 1642 549 1682 nominantur
558 1639 622 1671 Vici
629 1634 685 1682 seu
695 1639 819 1670 Laurae.
844 1632 891 1668 Et
903 1634 939 1667 in
950 1635 1083 1677 sequen-

196 1685 225 1723 ti
235 1683 382 1730 ejusdem
393 1686 485 1724 Libri
495 1687 617 1735 capite:
629 1689 709 1724 Sane
717 1688 881 1731 complures
889 1685 1083 1721 Alexandriae

191 1734 266 1779 sunt
274 1737 410 1781 Ecclessae
415 1749 531 1783 praeter
539 1752 607 1775 eam
617 1766 628 1782 ‚
655 1752 724 1784 quae
733 1748 828 1783 nuper
851 1735 990 1773 extruda
1011 1739 1082 1771 dici-

197 1794 249 1819 tur
258 1786 406 1830 Caesareae.
433 1793 516 1833 ,ρεια-
537 1792 606 1824 olim
626 1792 795 1824 Adrianum
806 1814 816 1831 ,
837 1788 936 1831 postca
954 1792 1083 1823 Licinia-

197 1846 271 1870 num
279 1837 461 1880 Gymnasium
472 1865 482 1880 ,
501 1838 567 1881 five
588 1839 717 1881 Basilica
727 1839 801 1880 suit
820 1851 842 1879 ;.
856 1840 965 1871 deinde
990 1845 1083 1879 impe-

194 1895 284 1925 rante
292 1887 463 1927 Constantio
472 1890 614 1931 ‘edificari
625 1896 660 1922 in
668 1887 826 1930 Ecclesiam
829 1889 956 1930 placuit.
986 1888 1085 1930 quue
1104 1914 1107 1917 ,

171 1972 173 1974 ,
196 1939 280 1980 Opus
291 1939 311 1970 ἆ
322 1940 460 1982 Gregorio
479 1939 639 1985 Meletiano
660 1940 695 1972 &
716 1941 829 1978 Ariano
846 1936 1036 1977 inchoatum,
1060 1938 1083 1969 ἆ

194 1985 281 2021 beato
299 1986 476 2029 Athanasio,
502 1987 685 2022 Orthodoxae
698 1989 859 2031 Religionis
881 1988 1014 2020 Parente
1037 1988 1082 2019 ad
1104 2012 1106 2015 .

195 2038 506 2080 exitumperduaum
525 2037 563 2078 est
575 2052 586 2072 .-
613 2039 647 2071 (5
669 2037 709 2071 ab
734 2038 834 2071 eodem
849 2035 948 2078 postea
970 2059 981 2075 ‚

190 2085 249 2131 Ῑῖιό
250 2090 284 2132 J
285 2080 606 2132 ulidnobdeffigraffet,
632 2087 836 2128 instauratum.
865 2088 984 2119 Praeter
1001 2085 1080 2118 banc

195 2139 268 2171 vero
279 2135 355 2180 sunt
375 2139 445 2172 aliae
460 2139 586 2180 plures,
612 2148 646 2172 ut
666 2139 801 2171 diximus
826 2161 837 2177 ,

188 2186 227 2229 fii
246 2186 391 2230 Ecclefia,
417 2187 566 2233 Theona,
594 2191 706 2229 Pierii,
730 2189 901 2229 Serapionis
913 2210 923 2226 ,
951 2184 1057 2227 Perfiae
1070 2210 1082 2226 ‚

196 2239 320 2277 Dizyae,
346 2240 517 2278 Mendidit‘,
543 2241 676 2278 Attiani,
702 2238 870 2277 Bucam,
897 2237 932 2270 &
956 2245 1081 2269 caeterae.

196 2287 335 2376 fatae-eras
343 2289 473 2326 utinam
484 2287 677 2333 Epiphanus
691 2288 908 2324 enumerasset
929 2286 963 2320 &
982 2297 1085 2330 expo·

210 2349 245 2372 ux
273 2348 315 2373 et.

246 2388 521 2432 SanffiDionyfii
532 2388 712 2424 Ecclesiam
723 2388 835 2424 laudat
856 2387 959 2422 etiam
971 2386 1082 2420 Socra-
1104 2406 1105 2409 =

196 2446 253 2472 tes.
280 2437 434 2474 Affirmat
444 2440 630 2485 Georgium
640 2439 874 2483 Cappadocem
887 2462 896 2477 ‚
918 2447 1018 2482 quern
1028 2434 1082 2470 de-

197 2486 335 2532 gradato
356 2487 539 2524 Athanasio
569 2489 831 2534 superordinavit
868 2485 1083 2521 Antiochena

199 2537 392 2572 Eusebianae
411 2539 561 2573 samonis
583 2539 756 2583 Synodus,
783 2539 876 2573 fuisse
887 2549 941 2581 per
962 2536 1084 2570 milites

201 2586 376 2624 deductum
385 2587 644 2631 Alexandriam,
669 2602 711 2625 ao
729 2600 784 2632 per
803 2587 937 2624 eosdem
956 2584 1081 2620 inthro-

203 2637 370 2681 nizatum,
396 2638 464 2682 ojus
476 2651 518 2673 ex
528 2650 619 2674 metu
631 2640 748 2685 fugisse
767 2639 915 2673 sanetum
935 2635 1084 2671 Athana-

68 2707 135 2787 {gl}
145 2717 172 2779 ἔ
206 2738 290 2770 illam
298 2747 425 2781 occupat.
452 2741 584 2782 Populus
596 2740 820 2774 Alexandrinus
834 2763 844 2779 ,
869 2739 950 2781 quod
961 2737 1084 2779 fac‘Jum

206 2798 272 2822 erat
284 2813 294 2828 ,
320 2795 418 2831 iniquo
427 2797 526 2823 animo
525 2790 633 2832 ferens
645 2815 655 2831 ‚
681 2789 839 2832 Ecclesiam
853 2814 863 2830 ‚
889 2800 958 2832 quae
968 2787 1006 2828 est
1018 2791 1084 2820 Dio-

206 2837 269 2880 nysii
282 2846 397 2871 nomine
406 2841 556 2882 appellata
575 2865 585 2881 ‚
611 2842 750 2875 incendit.
779 2839 904 2874 Eadem
916 2839 1030 2874 omnia
1041 2849 1085 2873 re⁴

207 2889 429 2923 fertHermias
439 2889 647 2928 Zozomenus
661 2916 670 2931 ‚
688 2892 721 2926 &
734 2890 858 2935 pergit:
887 2892 1028 2933 Georgius
1037 2891 1085 2922 Se—

206 2940 275 2973 dem
285 2940 520 2972 Alexandrinam
531 2950 656 2983 occupat.
684 2942 729 2974 ob
748 2951 840 2983 quam
857 2937 976 2983 causam
989 2942 1086 2980 Popu-

206 2989 253 3023 lus
257 2995 396 3032 graviter
408 3001 563 3023 commotus
574 2991 731 3033 Ecclesthm
741 2996 855 3024 nomine
869 2988 990 3031 Dionysii
1001 3014 1012 3030 ,
1033 2995 1084 3032 qui

205 3039 357 3080 ibifuerat
370 3038 549 3082 Episcopus,
561 3051 762 3088 nuttcupatam
770 3042 938 3074 incendunt.
968 3038 1086 3077 Hocce

204 3089 440 3124 incendiumin
456 3090 574 3127 Literis
585 3090 623 3124 ad
646 3092 738 3127 istam
761 3089 1009 3125 Antiochenam
1029 3090 1087 3132 Sy-

204 3139 333 3173 nodum
343 3139 487 3174 elucidat
497 3141 622 3174 sancius
633 3140 720 3184 Papa
731 3141 833 3190 Lusius
845 3153 852 3172 ;
872 3141 1087 3184 ‚Quaefuerunt

206 3191 355 3234 &Georgia
365 3196 397 3222 in
406 3196 530 3223 introitu
540 3193 606 3231 ejus
620 3215 629 3229 ‚
655 3190 809 3230 ostendunt
820 3192 919 3234 qualis
925 3190 1025 3232 fuerit
1038 3201 1084 3223 or-

207 3239 244 3272 do
253 3246 284 3273 in
294 3243 359 3281 qius
373 3242 567 3274 ordinatione.
598 3240 787 3282 Temporibus
798 3249 877 3274 enim
888 3247 933 3273 ita
939 3247 1060 3284 pacatis
1072 3265 1083 3281 ‚

205 3296 306 3330 pro-ut
330 3297 506 3324 renuntiant
544 3297 595 3333 qui
627 3291 813 3324 Alexandria
847 3298 973 3325 veniunt
994 3316 1005 3331 ,
1051 3292 1085 3325 (Ὗ

210 3341 455 3379 quemadmodum
474 3339 612 3383 Epifiopi
627 3339 764 3384 scribunt
780 3365 789 3379 ,
815 3339 869 3383 ips
862 3353 881 3372 a
902 3339 1028 3382 Ecclesta
1039 3347 1085 3374 in-

211 3391 344 3424 cendium
346 3392 429 3433 passa
440 3391 477 3431 est
489 3416 499 3430 ,
526 3398 659 3435 virgines
671 3391 832 3425 denudatae
844 3415 854 3431 ‚
876 3391 1011 3424 Monacbt
1021 3403 1083 3424 con-

211 3440 315 3474 calcati·
324 3464 335 3483 ‚
362 3442 525 3490 Presbyteri
537 3443 571 3479 <s
582 3443 671 3477 multi
682 3453 719 3477 ex
731 3442 844 3484 Populo
864 3443 984 3489 indign-³
993 3440 1088 3477 habiti

70 2901 133 2935 Lib.
165 2911 191 2939 3.

71 2950 136 2981 cap.
147 2946 173 2972 6.

1017 2046 1084 2068 cum
1105 2039 1107 2059 f

874 2136 960 2169 velut
981 2138 1084 2174 Diony-
1105 2146 1106 2149 ¹

204 2687 303 2728 sium,
327 2699 424 2734 atque
442 2689 593 2735 adjungit
615 2703 622 2722 2
659 2694 735 2723 Tum
759 2692 900 2735 Georgius
923 2685 1084 2728 Ecclefiam
1103 2729 1105 2732 Α

1152 244 1268 268 terram
1275 234 1474 278 abJec‘lasunt
1486 260 1497 276 ‚
1522 245 1558 274 ut
1569 242 1603 270 vi
1612 245 1745 280 cogerent
1757 243 1911 274 nonnullos
1922 243 1966 274 ad
1973 253 2037 275 con—

1145 283 1331 324 stitutionem
1355 288 1480 329 <Georgii
1506 286 1744 329 approbandam.
1783 286 2041 326 Patriarchalem

1157 335 1329 378 Episcopis
1340 335 1374 370 ὅ(
1381 336 1476 370 omni
1486 337 1546 371 suo
1555 336 1655 371 Clero
1665 347 1703 371 ac
1723 335 1856 381 Populo
1877 339 2040 381 Synaxim

1152 383 1350 419 Athanasius
1360 394 1442 420 tunc
1452 386 1572 431 agebat
1582 386 1617 421 in
1627 387 1771 422 Ecclesia
1789 389 1890 422 saneti
1911 389 2041 433 Diony·

1150 435 1184 468 sii
1196 459 1207 475 ‚
1234 435 1338 479 ipsam
1348 435 1536 470 invaserunt
1547 438 1685 479 milites,
1711 439 1881 482 sperarunt
1893 437 2043 474 Athana-

1149 485 1230 519 sium
1239 483 1517 528 comprehendere
1525 511 1536 526 ,
1554 486 1821 524 inthronizarunt
1832 488 2018 534 Georgium
2034 513 2044 529 ,

1150 536 1230 571 irata
1238 534 1327 579 plebs
1338 535 1489 571 incendit
1501 537 1695 578 Ecclesiam,
1708 540 1836 582 sperans
1847 537 1910 573 hac
1922 540 1975 574 via
1986 539 2043 582 eji-

1149 597 1222 620 cere
1233 586 1420 630 Georgium
1432 610 1444 626 ,
1470 585 1562 621 hunc
1571 587 1694 622 milites
1705 588 1925 623 defenderunt
1933 613 1943 628 ,
1971 590 2041 623 vin-

1149 635 1301 670 dicarunt
1312 635 1506 671 incendium
1515 661 1526 677 ,
1553 647 1652 682 atque
1664 638 1709 671 ita
1723 648 1893 682 patrarunt
1903 637 2040 674 horren-

1149 686 1205 720 das
1214 686 1247 720 &
1258 684 1426 730 sacrilegas
1436 686 1635 730 petulantias
1647 711 1658 727 ‚
1685 695 1765 731 quas
1788 689 1886 723 variis
1906 690 1942 721 in
1956 689 2039 724 locis

1150 736 1236 781 large
1246 735 1397 771 describit
1407 736 1475 780 ipse
1487 737 1590 771 etiam
1596 735 1805 772 Athanafius.
1817 738 1964 773 Proinde
1979 739 2040 773 ista

1150 786 1294 827 Ecclesia
1312 795 1382 821 erat
1397 786 1498 821 fausti
1514 787 1670 831 Dionysii
1680 786 1877 822 Patriarchae
1891 786 2037 824 Alexan-

1148 835 1244 870 drini.
1466 868 1468 870 .
1946 869 1948 871 s

1197 885 1307 920 Sana-i
1316 884 1468 921 Theonae
1480 887 1659 922 Enclefinm
1669 887 1783 922 laudat
1794 888 1831 922 in
1842 888 1906 922 suis
1916 888 1959 923 ad
1974 894 2045 923 o'rn-

1149 947 1226 970 nem
1238 934 1451 970 Catholicam
1462 936 1641 973 Ecclesiam
1650 938 1770 975 Litoris
1795 939 1896 973 etiam
1918 939 2040 973 Petrus

1116 1007 1122 1018 .
1149 985 1354 1020 Alexandriae
1364 985 1555 1021 Patriarcha
1566 1011 1577 1027 ,
1590 988 1760 1031 proximus
1768 988 1927 1023 successor
1940 990 1996 1024 san
2003 987 2049 1023 sti

1149 1034 1331 1071 Athanasii.
1357 1035 1527 1070 Describit
1536 1037 1656 1071 similes
1677 1038 1714 1071 in
1736 1038 1834 1072 Lucii
1849 1062 1860 1078 ,
1888 1039 1945 1082 qui
1967 1050 2011 1082 po
2019 1039 2047 1072 st

1147 1086 1349 1130 Gregorium
1359 1084 1512 1131 Georgio
1521 1087 1710 1121 successerat
1719 1111 1730 1127 ,
1755 1087 2011 1127 Pseudo—Patria
2020 1099 2051 1123 r-

1146 1134 1214 1169 chae
1236 1133 1459 1170 Alexandrini
1479 1136 1660 1170 intrusione
1679 1145 1820 1180 patratas
1840 1137 1859 1169 a
1884 1137 2041 1176 Valentis

1147 1185 1355 1229 Imperatoris
1366 1186 1475 1220 milite
1486 1186 1690 1227 insolentias,
1701 1198 1740 1220 ac
1748 1186 1859 1221 scribit
1869 1187 1954 1223 inter
1963 1187 2039 1222 alia:

1148 1239 1249 1277 Copiae
1259 1234 1418 1277 Ecclesiam
1429 1235 1557 1270 Tbeonae
1567 1261 1578 1277 ,
1595 1236 1637 1278 fic
1648 1243 1730 1270 enim
1738 1236 1903 1270 vocabatur
1912 1239 2034 1282 ingresse

1147 1287 1202 1319 (ac.
1230 1285 1416 1329 Epistulam
1427 1286 1465 1320 in
1476 1287 1534 1320 sua
1544 1286 1766 1321 Ecclesiastica
1787 1286 1940 1322 Historia
1957 1299 2040 1325 con-

1149 1336 1283 1370 servavit
1293 1335 1391 1370 nobis
1411 1334 1657 1371 Theodoretus.
1686 1336 1815 1371 Eadem
1834 1338 1870 1370 in
1894 1338 2038 1373 Ecclesia

1147 1386 1293 1434 sancium
1304 1384 1526 1420 Athanasium
1536 1387 1631 1421 fuisse
1640 1386 1822 1431 aliquando
1832 1387 2038 1423 occultatum

1146 1434 1444 1470 testaturHermias
1451 1437 1671 1471 Zozomenus.
1699 1436 1743 1470 Et
1755 1437 1790 1470 in
1803 1437 1908 1478 prima
1919 1437 1960 1471 ad
1973 1438 2037 1472 lm-

1148 1496 1327 1530 peratorem
1334 1485 1574 1520 Constantium
1582 1484 1753 1530 Apologia
1762 1486 1829 1529 ipse
1839 1484 2037 1523 Athanasius

1146 1536 1284 1570 affirmat
1295 1536 1448 1579 antiquas
1459 1534 1667 1570 Alexandriae
1675 1534 1835 1573 Ecclesias
1843 1548 1901 1580 pro
1914 1537 2037 1582 Populi

1146 1585 1361 1621 multitudine
1375 1598 1493 1631 paucas
1500 1587 1594 1621 fuisse
1604 1598 1642 1621 ac
1655 1597 1770 1630 parvas
1780 1611 1792 1627 ,
1817 1586 1850 1620 &
1861 1587 2014 1633 adjungit
2029 1602 2039 1622 :

1146 1641 1241 1682 Beate
1249 1643 1397 1673 memoriae
1409 1632 1582 1675 Alexander
1595 1662 1606 1678 ,
1630 1649 1699 1671 cum
1707 1638 1771 1671 alia
1777 1638 1839 1671 loca
1854 1638 1978 1683 angusta
1990 1637 2037 1682 es-

1141 1687 1210 1734 sent
1224 1715 1236 1731 ,
1259 1697 1294 1725 in
1303 1687 1432 1732 Ecclefia
1438 1693 1552 1730 majore
1572 1688 1699 1724 Theonae
1723 1696 1898 1731 nuncupata
1908 1714 1918 1730 ,
1943 1700 2037 1733 quam

1146 1741 1316 1785 ‹edificabat
1324 1766 1335 1783 ‚
1345 1744 1477 1780 synaxes
1489 1740 1632 1778 celebrari
1643 1741 1746 1774 voluit.
1772 1741 1813 1772 Id
1821 1746 1901 1773 enim
1905 1739 2037 1780 jubebat

1145 1792 1486 1835 bominumfr'equentia.
1514 1796 1583 1827 Nec
1596 1797 1629 1824 in
1638 1790 1764 1834 cogendo
1776 1790 1885 1832 populo
1894 1788 2037 1833 ,respexit

1145 1854 1212 1880 eam
1222 1844 1353 1876 nondum
1361 1843 1413 1885 effe
1423 1841 1612 1883 aedificatam.
1641 1840 1796 1874 Theonae
1807 1839 1909 1884 igitur
1923 1839 2037 1874 Eccle-

1146 1891 1187 1925 sia
1197 1891 1243 1925 est
1256 1892 1356 1924 sansti
1367 1891 1552 1929 Alexandri
1563 1892 1666 1933 Opus.
1694 1890 1772 1924 Fuit
1786 1899 1868 1928 tunc
1878 1891 2037 1927 omnium

1146 1941 1248 1984 major
1258 1940 1292 1976 ὅ(
1303 1939 1521 1978 Cathedralis.
1549 1939 1710 1982 Inscripta
1721 1939 1787 1972 fuit
1799 1940 1910 1973 saneto
1919 1939 2037 1975 Theo-

1147 2003 1192 2024 nae
1203 2014 1213 2031 ,
1240 1991 1298 2033 qui
1310 1991 1456 2026 sanctum
1465 1989 1609 2030 Petrum·
1626 1989 1812 2034 Martyrem
1831 1989 1868 2022 in
1888 1987 2036 2023 Alexan-

1145 2039 1242 2074 drino
1249 2038 1475 2072 patriarchatu
1486 2037 1677 2073 immediate
1687 2038 1845 2081 praeceffit.

1195 2092 1339 2133 Magnam
1349 2087 1509 2130 Ecclesiam
1519 2113 1530 2128 ‚
1556 2099 1625 2130 quae
1637 2085 1771 2131 Caesaris
1789 2094 1906 2122 nomine
1924 2100 2037 2126 nuncu·
2066 2097 2127 2127 Lib.
2163 2108 2187 2126 2.

1140 2147 1235 2182 parur
1245 2164 1255 2180 ‚
1277 2139 1391 2173 laudat
1403 2139 1438 2172 in
1450 2138 1677 2172 Ecclefiastica
1688 2136 1825 2172 historia
1835 2139 1939 2172 etiam
1951 2140 2035 2175 Eva·
2065 2147 2127 2175 cap.
2142 2141 2168 2167 8.

2069 1447 2127 1477 Lib.
2156 1449 2187 1483 42

2067 1497 2128 1527 cap.
2139 1490 2166 1517 8.

1134 2190 1234 2235 ¹gtius
1246 2187 1493 2233 Epiphanienfis
1504 2213 1515 2228 ,
1542 2187 1687 2222 scribens
1695 2186 1921 2228 Timotheum
1934 2188 2034 2225 AElu-

1146 2250 1218 2275 rum
1228 2242 1264 2273 in
1275 2240 1376 2283 ipsam
1390 2239 1508 2274 fuissea
1521 2238 1674 2272 seditiosa
1684 2249 1722 2272 ac
1735 2238 1948 2281 Eutychiana
1968 2241 2036 2283 ple-

1146 2289 1184 2326 be
1198 2289 1371 2324 industum
1381 2315 1392 2331 ‚
1419 2289 1453 2323 &
1466 2288 1507 2323 ab
1518 2287 1664 2324 Eusebio
1675 2287 1794 2322 Pelusii
1814 2288 2035 2333 Metropolita

1145 2353 1182 2375 ac
1193 2340 1293 2374 Petro
1304 2339 1502 2382 Majumenfi
1513 2339 1679 2382 Episcopo
1690 2339 1961 2373 consecratumin
1974 2340 2037 2374 Pa-

1145 2388 1330 2425 triarcham.
1358 2390 1459 2433 Ipsius
1478 2390 1619 2432 primam
1641 2388 1814 2432 origenem
1834 2390 1974 2432 exponit
1997 2391 2033 2424 in
2066 2407 2126 2438 Lib.
2142 2420 2167 2437 2·

1133 2441 1209 2474 'suis
1219 2439 1409 2475 Annalibus
1421 2436 1610 2474 patriarcha
1624 2436 1826 2480 Eutychius‚
1838 2438 1980 2474 scribens
1993 2439 2035 2474 de
2065 2457 2128 2487 cap.
2140 2452 2165 2479 8.

1145 2489 1318 2525 Ptolomaei
1331 2489 1487 2533 Dionysii
1498 2488 1567 2523 filia
1575 2513 1587 2530 ‚
1612 2499 1651 2522 ac
1673 2488 1836 2531 postrema
1859 2486 2040 2534 AEgyptio-

1146 2552 1218 2575 rum
1231 2541 1363 2585 Regina
1373 2539 1567 2583 Cleopatra:
1587 2542 1662 2574 Haec
1674 2539 1873 2572 Alexandriae
1883 2541 1979 2573 multa
1989 2553 2041 2574 ex·
2066 2562 2188 2600 1:01400

1134 2596 1245 2624 'truxlt
1259 2590 1388 2632 aedificia
1399 2602 1512 2634 magna
1522 2589 1707 2623 &miranda
1716 2613 1728 2631 ,
1733 2588 1872 2633 fecitque
1884 2597 1974 2631 opera
1983 2589 2041 2634 tes-

1134 2655 1135 2658 *
1144 2640 1262 2685 sellam.
1289 2644 1320 2673 E
1324 2646 1446 2674 xtruxit
1457 2646 1550 2673 etiam
1560 2640 1703 2681 templum
1713 2651 1856 2683 magnum
1867 2663 1877 2678 ,
1898 2641 1979 2681 quod
1987 2643 2042 2673 Sa-

1146 2697 1230 2725 turni
1241 2692 1398 2733 Templum
1407 2691 1579 2733 appellavit
1589 2714 1601 2731 ‚
1611 2690 1691 2732 quod
1695 2687 1722 2732 s
1715 2690 1753 2722 ub
1767 2688 1953 2732 Christianis
1947 2702 1994 2722 mo
2006 2697 2039 2723 in

1133 2755 1136 2787 f
1149 2740 1310 2783 Ecclesiam
1321 2739 1497 2783 conversum
1507 2764 1517 2779 ‚
1535 2739 1635 2783 sanl‘li
1649 2738 1803 2774 Michaelis
1817 2738 1974 2781 Ecclesiam
1990 2748 2045 2782 ιφ-

1133 2791 1135 2815 J
1146 2793 1322 2834 pellar-um:
1340 2794 1422 2836 ,ραι
1433 2792 1538 2824 eadem
1547 2788 1737 2833 Alkaifitriab
1748 2789 1901 2831 appellata
1914 2788 1952 2829 est
1969 2792 2044 2824 dum

1150 2849 1217 2887 igne
1224 2848 1320 2884 periit
1341 2867 1352 2883 ‚
1377 2853 1434 2884 quo
1455 2848 1585 2882 tempore
1610 2840 1722 2883 ingreffi
1742 2837 1815 2881 sunt
1835 2840 2044 2876 Occidentales

1157 2893 1378 2925 Alexandriam
1388 2903 1454 2924 cum
1465 2894 1590 2923 Domino
1600 2889 1691 2930 nostro
1700 2885 1830 2931 Almans
1823 2899 1870 2921 ore
1882 2888 2045 2933 Abikasem.

1157 2942 1199 2976 Et
1212 2942 1296 2975 infra
1310 2956 1320 2975 .-
1347 2940 1510 2982 Porrofuit
1525 2940 1719 2974 Alexandriae
1729 2939 1873 2980 templum
1883 2951 2026 2983 magnum
2035 2966 2047 2982 ‚
2063 2947 2141 2986 1:01,4
2146 2957 2180 2985 35

1155 2993 1235 3034 quod
1243 2998 1382 3026 extruxit
1395 2993 1556 3033 Cleopatra
1566 2994 1681 3032 Regina
1691 2992 1802 3020 nomini
1826 2990 1847 3020 5
1847 2996 1952 3022 aturm'
1962 2991 2048 3024 dedi-

1153 3053 1254 3076 catum
1268 3066 1278 3083 ‚
1305 3049 1339 3075 in
1345 3054 1401 3084 quo
1409 3042 1520 3074 idolum
1530 3050 1669 3082 magnum
1681 3049 1791 3073 aereum
1801 3049 1868 3071 erat
1879 3063 1889 3080 ‚
1901 3042 1983 3082 quod
1990 3044 2046 3075 Mi-

1153 3092 1239 3128 chael
1246 3094 1416 3134 appellatus
1426 3091 1464 3132 est
1476 3114 1487 3130 ,
1512 3095 1561 3125 cui
1572 3089 1766 3123 Alexandria·
1781 3089 1815 3122 o·
1828 3091 1956 3134 AEgypti
1969 3097 2047 3128 inco-

1151 3143 1189 3175 lae
1200 3143 1249 3176 die
1260 3141 1365 3183 mensis
1378 3146 1507 3179 Hetum',
1534 3145 1585 3182 qui
1605 3137 1730 3174 Tisbrin
1745 3137 1886 3181 pfierior
1910 3140 1949 3180 est
1966 3165 1976 3181 ,
1996 3140 2047 3183 fe-

1147 3191 1226 3232 stum
1236 3203 1382 3235 magnum
1390 3188 1578 3224 celebrabant
1588 3213 1599 3230 ‚
1625 3190 1739 3222 multas
1749 3190 1844 3223 eidem
1869 3189 1974 3229 hostias
1992 3197 2047 3224 im-

1151 3243 1304 3274 molantes.
1332 3245 1411 3273 Cum
1431 3242 1502 3283 ergo
1524 3240 1720 3273 Alexandria
1745 3240 2045 3282 Patriarcbafallus

1151 3292 1217 3334 esset
1239 3292 1412 3324 Alexander
1433 3314 1444 3331 ,
1477 3289 1578 3332 ibique
1597 3289 1744 3323 obtineret
1773 3292 1870 3323 Fides
1899 3290 2046 3330 Christia-

1152 3354 1190 3374 na
1203 3367 1212 3382 ‚
1238 3342 1332 3374 voluit
1356 3341 1407 3375 ille
1425 3339 1575 3384 confringi
1594 3340 1730 3380 Idolum,
1757 3339 2042 3383 &tollisacrificiaz

1151 3403 1271 3432 cumque
1300 3390 1346 3431 isti
1381 3386 1542 3432 obfistcrent
1574 3391 1772 3423 Alexandrini
1795 3414 1806 3431 ‚
1831 3391 1880 3423 ille
1912 3390 2020 3431 astutia
2033 3414 2044 3429 ‚

1152 3439 1228 3485 ipsos
1241 3441 1387 3489 aggreffus
1398 3466 1411 3484 ‚
1437 3446 1537 3485 inquit
1560 3464 1571 3482 ‚
1597 3441 1712 3475 Idolum
1733 3439 1813 3482 istud
1832 3441 1905 3486 nulli
1926 3443 2043 3474 omnino

1999 3495 2044 3524 rei
