2346 3776
60 1579 124 1613 Sefll
134 1591 180 1620 23.

62 1630 89 1657 c·
110 1631 139 1661 3·

610 123 921 178 senon—18,
948 137 1025 172 ET
1052 131 1244 175 uo‘r'us
1269 137 1686 178 1LLUSTRAT1·
1894 140 1993 195 241·

240 214 340 258 ‹lefias
364 216 500 249 volumus
508 209 675 255 innotescat
685 216 757 252 ‚eut
774 204 933 247 nullusfibt'
943 204 1004 250 1·pr
1015 207 1119 250 aliqua
1182 207 1316 242 Sanstus
1327 207 1576 261 Hieronymus.
1604 209 1821 256 Episcopatus
1833 239 1843 255 ,
1854 217 2065 262 &Presbytoi

243 267 400 300 blandum
410 264 520 298 iaudat
528 287 537 295 ,
814 297 820 307 ¹
949 265 952 268 ⁴
1182 266 1270 291 ratus
1279 257 1353 290 sunt
1362 267 1430 299 jure
1442 256 1571 293 Divino
1581 258 1726 295 distincti
1746 266 1887 300 omnino
1899 268 2040 303 Ordines
2052 280 2064 312 3

294 303 414 350 Tertio
426 312 575 353 addidit,
602 321 641 346 ut
651 310 808 346 ultimum
818 305 860 343 δε
872 306 989 350 quovis
1008 307 1118 342 suffra·-
1183 307 1294 341 vetum
1308 306 1420 349 primis
1428 306 1495 341 illis
1506 308 1655 344 Ecclefiae
1663 311 1809 346 exordiis
1819 325 1920 349 nemo
1936 318 2063 353 dumta-

241 363 465 411 giojudicium
477 363 543 406 peti
555 371 707 406 oporteat
718 359 760 395 ab
771 357 938 403 Episcopo
949 356 1118 402 Metropo·
1181 366 1238 390 xat
1249 357 1283 390 in
1296 355 1526 399 Presbyterum
1538 383 1550 400 ‚
1575 360 1630 395 sed
1643 362 1752 396 omnis
1776 362 1950 406 Presbyter
1971 378 2065 402 com·

246 401 352 450 lirano
362 439 370 445 .
399 413 506 448 Unde
515 414 541 446 is
551 411 637 456 apud
650 413 782 447 Graecos
791 433 803 451 ‚
828 406 878 442 uti
901 404 950 441 'm‘
962 407 1066 443 Libro
1076 408 1118 442 de
1182 406 1269 450 plete
1280 406 1313 439 in
1328 405 1530 450 Episcopum
1541 410 1770 453 ordinabatur,
1780 413 1837 455 qui
1848 424 1921 448 mos
1934 414 2062 450 dudum

238 464 340 500 sacris
372 463 638 498 ordinationibus
670 461 777 496 asserit
811 458 958 501 Symeon
1005 456 1119 493 Archi·
1182 456 1396 499 perseveravit
1422 456 1457 490 in
1470 459 1666 502 quibusdam
1685 462 1840 497 Ecclefiis
1850 487 1861 504 ‚
1886 464 2063 508 praesertim

239 513 412 558 episeopus
430 512 736 549 Thessalonicensis
751 532 769 551 ‚
788 506 1005 542 electionibus
1036 519 1120 541 nun·
1183 505 1408 540 Alexandrina
1427 531 1434 539 .
1462 508 1567 544 Hunc
1591 512 1654 546 esse
1679 513 1883 557 Hieronymi
1910 514 2064 555 sensum,

238 574 342 608 quam
351 563 462 599 aderat
474 576 484 607 ;
511 563 620 598 aderat
631 587 643 603 ,
667 563 701 596 δε
711 558 846 606 quidem
856 558 924 591 fine
944 558 1099 603 suffragio
1109 582 1120 598 ‚
1182 555 1291 596 facist,
1301 557 1334 591 &
1344 555 1454 591 lucide
1466 559 1562 601 poffit
1572 561 1700 596 ostendi
1715 576 1726 596 ε
1751 562 1855 598 Poffit
1865 563 1994 599 ostendi
2004 564 2063 599 cisa

238 614 402 658 quispiam
412 614 480 657 ejus
491 613 628 648 clericus
637 612 749 656 paffim
771 605 1048 650 Carthophyhx,
1073 608 1121 641 in·
1181 605 1256 640 dem
1268 606 1418 641 Ecclefiae
1428 607 1533 642 initiis
1555 609 1737 656 Episcopus
1759 613 1872 656 paffim
1894 615 2062 649 consecra*

238 658 921 708 specimus&relaturusomnemelefflonis
932 657 1122 698 successum,
1181 656 1262 690 tosa
1282 656 1404 698 tribus,
1431 668 1515 699 quos
1534 658 1622 694 inter
1645 662 1836 706 principalis
1854 666 2062 699 consecrator

239 713 346 749 utille
357 724 425 749 tam
451 714 493 749 de
512 711 745 753 fraternitatis,
767 707 866 754 quam
891 708 934 743 de
945 708 1122 752 Episcopo·
1180 716 1248 741 erat
1259 705 1447 742 Patriareha
1459 732 1471 748 ,
1495 708 1646 752 Primos,
1658 711 1960 757 aurMetropolita.

239 774 312 798 rum
325 764 479 809 suffragio
490 765 592 808 posset
611 762 710 797 libere
719 759 863 804 judicare
875 784 882 790 .

293 814 493 848 Existimant
512 814 647 856 quidam
667 810 803 845 Plebem
824 810 843 843 a
860 809 1002 844 Canone
1026 808 1118 843 fuiffe

243 863 509 908 privatamomni
520 863 690 907 suffragio.
717 859 766 894 At
788 858 890 894 male.
918 859 1030 893 Nimis
1050 870 1120 892 ma-

241 914 396 947 nifestum
407 913 453 946 est
465 914 499 947 δε
509 911 595 956 apud
605 911 755 947 Orientis
764 935 776 951 ,
800 911 835 944 δε
846 909 932 953 apud
955 908 1118 944 Occiden-

1230 755 1465 792 Nihilominus
1483 759 1583 803 &ipss
1596 761 1770 805 Apostoli,
1798 763 1832 797 &
1853 774 1968 798 eorum
1988 776 2063 807 pro-

1181 807 1263 841 ximi
1277 808 1478 849 successores,
1489 809 1674 854 stequenter
1683 812 1784 846 etiam
1794 812 1868 853 soli,
1880 814 2062 856 Episcopus

1179 858 1435 897 consecrarunt„
1455 858 1590 895 Etenim
1601 860 1688 896 Tito
1710 863 1915 900 Cretensium
1935 863 2063 897 Metro-

1180 906 1290 949 politae
1298 907 1431 942 mandat
1443 908 1626 953 Apostolus
1636 936 1647 952 ,
1664 922 1700 946 ut
1713 924 1768 956 per
1776 912 1926 948 civitates
1937 912 2064 947 constiae

1179 964 1251 990 tuat
1272 956 1504 1000 Presbyteros‚
1531 958 1565 994 id
1578 960 1646 1002 est,
1672 963 1786 1007 utipse
1807 962 1916 997 statim
1929 962 2063 1004 subdit,

1180 1006 1385 1050 Episcopos‚
1413 1009 1527 1051 utique
1537 1011 1644 1052 solus,
1666 1014 1826 1055 quoniam
1847 1013 1918 1057 post
1932 1012 2071 1047 abitum=

1180 1055 1276 1091 Zenae
1299 1057 1333 1091 ἀ
1345 1057 1472 1100 Apollo
1483 1083 1493 1098 ‚
1519 1071 1603 1101 quos
1614 1061 1723 1097 statim
1735 1063 1932 1106 Nicopolim
1945 1074 2062 1097 evocas

1181 1105 1255 1146 bat,
1284 1106 1414 1141 nullum
1433 1109 1564 1151 penitus
1582 1111 1746 1155 collegam
1770 1114 1806 1145 in
1832 1113 1926 1146 omni
1953 1113 2061 1146 insula

1179 1156 1283 1190 Titus
1293 1166 1362 1191 erat
1372 1156 1559 1193 habiturus.
1587 1161 1809 1209 Qodipsum
1822 1162 1906 1196 alios
1927 1173 2062 1206 quoque

1180 1207 1331 1251 gentium
1342 1208 1466 1250 primos
1476 1208 1638 1245 Dostores
1648 1212 1757 1246 fecifle
1768 1237 1779 1253 ‚
1803 1223 1841 1246 ac
1852 1211 1898 1246 ob
1918 1212 2061 1247 eandem

1181 1257 1396 1302 Collegarum
1407 1260 1584 1293 carentiam
1596 1262 1702 1296 facere
1723 1261 1889 1303 debuisse,
1917 1263 2063 1296 referunt

1182 1306 1239 1340 fidi
1253 1307 1466 1342 Ecclefiastici
1480 1309 1645 1344 Annales.
1674 1311 1818 1346 Reddita
1832 1323 1889 1355 per
1901 1311 2065 1346 Constane

1182 1356 1290 1390 tinum
1305 1358 1455 1397 Ecclefiis
1466 1370 1529 1402 pax
1539 1361 1687 1395 excludit
1709 1360 1796 1396 hanc
1818 1362 2038 1396 necessitatem
2052 1386 2066 1402 ‚

1183 1405 1332 1450 adeoque
1353 1408 1387 1445 ἀ
1405 1408 1544 1443 eandem
1565 1410 1735 1445 licentiam
1756 1412 1893 1446 exclufit
1919 1413 2064 1454 primum

1185 1455 1383 1491 Arelatensis
1404 1459 1579 1500 synodus,
1605 1460 1728 1495 deinde
1754 1461 1893 1494 Nicaena
1916 1485 1926 1501 ‚
1954 1461 2068 1495 volue-

1183 1516 1326 1550 runtque
1355 1507 1446 1550 juxta
1469 1507 1699 1551 Apostolicam
1723 1510 1890 1555 Regulam
1912 1510 2069 1555 deinceps

1186 1555 1389 1600 Episcopum
1401 1582 1412 1598 ‚
1437 1557 1479 1592 ad
1491 1557 1600 1593 minus
1610 1559 1629 1592 a
1641 1560 1747 1595 tribus
1757 1585 1768 1601 ,
1794 1560 1941 1595 ordinari
1955 1586 1963 1593 .

239 963 284 996 cis
296 962 452 997 Ecclefias
460 963 560 998 etiam
571 961 682 1006 postea
705 960 841 997 plebem
858 959 1030 1003 postulaffe
1046 983 1056 999 ‚
1086 959 1119 993 δε

239 1013 449 1058 suffiagatam
461 1037 472 1053 ‚
493 1013 593 1056 idque
612 1024 653 1047 ex
665 1013 844 1055 praescripto
855 1010 1035 1044 canonum
1049 1032 1059 1048 ,
1085 1009 1119 1042 ὅ(

238 1063 357 1097 oo'ntra
366 1063 557 1102 eorumdem
579 1063 795 1107 praescriptum
814 1062 999 1104 frequenter
1019 1059 1120 1099 usque

239 1111 283 1146 ad
300 1114 437 1147 effusum
460 1113 655 1158 sanguinem
680 1111 913 1146 tumultuatam
937 1135 945 1142 .
972 1109 1019 1143 Et
1039 1106 1119 1142 hinc

238 1162 420 1207 Gregorius
433 1163 662 1198 Nazianzenus
674 1186 685 1203 ,
704 1162 739 1196 in
751 1161 895 1197 defuncti
907 1159 1014 1195 Patris
1022 1170 1119 1192 enco-

239 1213 333 1252 mio,
359 1212 491 1247 stultam
505 1237 515 1253 ‚
541 1213 792 1247 &temerariam
812 1211 943 1255 plebem
965 1219 1117 1252 optatex-

240 1262 329 1295 cludi
342 1262 384 1296 ab
396 1262 612 1297 electionibus
620 1287 631 1303 ‚
656 1263 774 1305 easque
782 1260 948 1295 committi
959 1259 1036 1292 solis
1049 1258 1120 1293 Cle-

239 1312 335 1351 ricis,
361 1313 396 1346 &
418 1311 600 1346 Monachis
621 1336 633 1352 ‚
655 1310 693 1352 fic
710 1316 789 1345 enim
810 1321 964 1352 nunquam
983 1307 1119 1351 Eccleffls

238 1362 317 1394 male
340 1362 423 1405 effic.
450 1361 554 1410 Qod
578 1369 694 1395 votum
717 1359 851 1395 tandem
868 1359 1010 1402 recepit,
1036 1360 1119 1395 acin

237 1410 413 1446 Canonem
424 1411 550 1457 redegit
568 1411 712 1446 Ecclesia
722 1419 742 1451 ‚¹
757 1421 857 1454 atque
868 1409 951 1444 adeo
969 1408 1122 1443 adversus

237 1461 410 1504 populares
422 1462 597 1496 elestiones
612 1485 623 1501 ,
631 1461 667 1494 ὃς
678 1460 788 1495 turbas
799 1459 951 1494 reducere
961 1467 1120 1495 conantes

239 1510 436 1551 Luteran0s‚
446 1511 480 1545 δε
491 1510 688 1545 Calvinistas
704 1509 785 1544 ιεέἰὲ
795 1508 908 1543 statuit
921 1508 1122 1548 Tridentina

237 1560 415 1603 Synodus:
441 1563 476 1593 51
495 1566 563 1603 quis
583 1561 840 1593 dixerit'Or-dines
852 1560 891 1591 ab
901 1557 1057 1602 Episcopis
1067 1560 1122 1591 col-

235 1612 314 1644 latos
327 1609 392 1652 fine
407 1612 510 1653 populi¹
531 1635 542 1651 ‚
575 1614 608 1646 ὦ·
623 1609 780 1652 potestatis
807 1608 961 1653 saecularis
984 1606 1120 1652 consensu

237 1666 340 1693 irritos
362 1661 414 1704 effi!
428 1685 439 1700 ,
464 1660 627 1695 anathema
642 1658 681 1701 fit
703 1684 710 1691 .
748 1659 868 1703 Longa
891 1658 936 1693 est
960 1658 1026 1692 haec
1049 1669 1120 1698 res,

1235 1606 1457 1650 Nequaquam
1469 1617 1579 1643 tamen
1592 1609 1704 1646 datam
1712 1610 1754 1646 ab
1765 1622 1834 1645 uno
1847 1635 1857 1651 ‚
1871 1621 1927 1645 aut
1938 1611 2072 1646 duobus

1184 1655 1431 1692 ordinationem
1458 1657 1663 1695 declararunt
1683 1661 1810 1695 irritam
1833 1686 1844 1701 ,
1870 1671 1927 1695 aut
1948 1662 2073 1696 iteran-

1184 1706 1281 1740 dam.
1310 1706 1418 1741 Nullo
1441 1708 1564 1743 modo.
1592 1710 1648 1744 De
1669 1712 1780 1745 futuro
1807 1711 1982 1747 dumtaxat
2008 1713 2071 1746 sta-

1185 1766 1308 1797 tuunt,
1334 1757 1570 1800 proscribentes
1596 1762 1789 1799 consuetam
1813 1760 1880 1796 huc
1892 1763 1994 1806 usque
2017 1774 2072 1796 va·

1185 1807 1308 1841 riorum
1332 1807 1572 1852 Episcoporum
1599 1812 1845 1854 usurpationem
1873 1824 1883 1854 3
1909 1812 1950 1846 de
1978 1814 2072 1852 fastis

1185 1857 1464 1892 ordinationibus
1471 1860 1614 1894 omnino
1626 1860 1728 1895 nihil:
1759 1863 1863 1896 Ra‘tas
1874 1863 2071 1906 relinquunt.

1186 1906 1437 1941 &inconcuffas
1458 1933 1464 1940 .
1493 1909 1596 1957 Qod
1618 1910 1724 1954 ipsum
1745 1911 1849 1953 liquet
1875 1923 1916 1946 ex
1938 1913 2072 1947 ratione

1186 1957 1311 1991 motiva
1324 1957 1452 1995 Nicaeni
1474 1958 1646 2001 canonis,
1672 1961 1811 1996 adducta
1834 1959 2073 2010 perJnnoceno

1185 2007 1271 2043 tium
1284 2008 1426 2051 primum
1449 2007 1483 2041 in
1507 2009 1625 2044 litteris
1647 2011 1688 2045 ad
1710 2011 1910 2046 Vistricium
1929 2008 2074 2058 'Episcoe

1185 2068 1266 2101 pum
1280 2056 1605 2103 Rothomagensem:
1632 2064 1685 2094 Ne
1704 2073 1782 2095 unus
1800 2060 1967 2105 Episcopus
1992 2065 2070 2096 ordi-

1185 2118 1260 2140 nare
1273 2105 1442 2149 praeficmaet
1454 2132 1464 2148 ,
1487 2120 1524 2142 ne
1544 2109 1699 2153 furtivum
1711 2111 1881 2153 beneficium
1899 2112 2073 2154 praestit'um

1184 2158 1328 2190 videatur
1348 2182 1355 2189 .
1382 2156 1554 2192 Inhibetur
1579 2160 1739 2203 ejusmodi
1765 2160 1933 2197 ordinatio
1961 2187 1971 2203 ,
1998 2175 2070 2199 non

238 1711 336 1744 variis
346 1710 467 1744 saeculis
477 1711 563 1755 paffa
575 1709 777 1749 mutationes
789 1710 891 1744 varias
901 1733 912 1751 ,
939 1708 1020 1743 alibi
1041 1719 1122 1743 enu-

240 1759 413 1795 cleandas.

459 1949 885 2001 APPENDIX.

273 2075 337 2119 An
359 2066 536 2136 Episcopi
559 2066 792 2134 Consecratio
800 2066 923 2133 suffla
942 2069 992 2115 ab
1015 2088 1085 2119 imo

462 2135 645 2208 Episcopo
648 2139 703 2202 fit
727 2136 866 2189 valida
879 2137 897 2188 ἓ

1185 2207 1261 2250 quia
1274 2207 1362 2241 irrita
1374 2232 1385 2247 ‚
1412 2208 1464 2242 sed
1478 2209 1553 2250 quia
1566 2210 1732 2252 obnoxia,
1763 2222 1821 2246 aut
1831 2212 1917 2246 certe
1927 2213 2070 2256 suspesta

1184 2258 1312 2291 furtivae
1321 2257 1614 2295 clandestinitatis.
1641 2261 1823 2296 Rationem
1838 2261 1923 2296 hanc
1941 2263 2073 2307 elegans

1184 2318 1232 2342 ter
1241 2308 1274 2342 δε
1287 2307 1407 2352 largius
1418 2310 1559 2352 exponit
1573 2311 1752 2355 Gregorius
1765 2311 1912 2358 Magnus
1922 2313 1955 2346 in
1984 2313 2072 2347 litte-,

366 2254 486 2292 Paucis
496 2257 592 2292 annis
604 2257 740 2300 quidem
750 2258 791 2292 ab
802 2269 872 2292 uno
885 2257 1051 2302 Episcopo
1064 2269 1119 2302 per
1134 2278 1139 2357 Ι

1183 2359 1227 2394 ris
1260 2357 1302 2392 ad
1336 2359 1490 2394 Sanctum
1513 2359 1738 2405 Augustinum
1776 2360 1966 2407 Anglorum
1994 2363 2072 2406 Epi..

379 2306 579 2351 Apostolicae
595 2308 686 2342 Sedis
717 2308 888 2351 juffionem
909 2310 1116 2343 consecratus

235 2357 419 2402 Episcopus
433 2357 519 2402 apud
530 2369 593 2392 nos
607 2359 775 2393 ordinavit
788 2383 799 2398 ,
811 2369 879 2393 non
891 2358 1019 2393 tantum
1033 2358 1117 2394 Pres-

239 2406 387 2449 byteros,
397 2420 435 2442 ac
444 2409 595 2443 omnium
603 2408 764 2453 graduum
778 2408 928 2443 Clericos
937 2409 1096 2452 plurimos
1107 2434 1117 2450 ‚
1184 2409 1318 2451 scopum
1333 2432 1342 2447 ,
1354 2411 1410 2451 qui
1422 2408 1508 2443 intra
1521 2409 1682 2455 Angliam
1696 2412 1807 2446 nullos
1819 2411 1944 2447 habens
1956 2412 2071 2448 ortho-

236 2456 292 2490 sed
302 2458 335 2491 &
348 2458 506 2501 quosdam
526 2458 708 2502 Episcopus
717 2458 932 2492 aliis-duobus
944 2458 1097 2492 adsistens
1107 2484 1118 2499 ‚
1135 2489 1138 2499 ,
1183 2458 1291 2492 doxos
1303 2457 1458 2503 Collegas
1467 2461 1625 2503 proponit
1638 2461 1795 2496 Pontifici
1827 2461 1913 2497 hanc
1922 2462 2072 2507 quaestio-

234 2515 335 2548 atque
353 2508 399 2541 ita
421 2507 507 2551 apud
527 2508 652 2542 multos
668 2508 710 2542 de
726 2506 815 2542 hisce
837 2508 1118 2544 ordinationibus
1135 2502 1138 2535 ἕ
1183 2519 1259 2542 nem
1273 2521 1283 2540 :
1312 2510 1385 2541 Peto
1397 2533 1407 2549 ,
1426 2508 1459 2550 fi
1470 2511 1673 2553 longinquitas
1683 2517 1801 2545 itineris
1818 2525 1930 2556 magna
1940 2516 2070 2555 interja-

236 2565 335 2590 natus
345 2556 390 2591 est
402 2557 594 2600 scrupulus}
615 2558 838 2592 existimantes
852 2558 1062 2602 *Episcopum
1075 2558 1117 2593 de
1135 2553 1138 2588 i
1165 2538 1249 2598 icet,
1275 2567 1308 2590 ut
1332 2557 1473 2601 Episcopi
1494 2560 1592 2601 facile*
1618 2572 1675 2593 non
1693 2563 1796 2603 poffint
1821 2569 1978 2596 convenire
1991 2589 2000 2603 ‚
2027 2576 2070 2599 an

236 2606 306 2650 jure
317 2607 445 2641 Divino
454 2606 598 2641 ordinari
609 2607 726 2641 debere
740 2609 758 2642 a
779 2607 883 2642 tribus
895 2632 905 2648 ,
932 2608 966 2642 in
979 2620 1046 2652 quo
1060 2609 1118 2643 Se·
1163 2593 1168 2663 f
1183 2608 1291 2642 debeat
1306 2607 1370 2649 fine
1387 2611 1511 2642 aliorum
1538 2613 1602 2652 Epi
1602 2610 1755 2654 scoparum
1761 2612 1929 2655 praesbm’ia
1947 2613 2068 2656 Epist-o-

237 2656 295 2690 des
304 2655 496 2700 Apostolica
507 2668 576 2691 uon
587 2658 682 2701 possit
692 2657 875 2700 dispensare
886 2683 893 2689 .
922 2657 978 2691 Est
990 2659 1117 2701 serupu-
1164 2667 1166 2674 ’
1177 2667 1239 2700 pus
1249 2659 1408 2692 ordinari?
1434 2659 1618 2695 Dubitabat
1630 2685 1640 2701 ‚
1664 2673 1744 2695 num
1758 2662 1963 2697 ordinationi
1974 2663 2071 2698 adsti-

238 2706 290 2739 l-us
301 2707 407 2749 palam
429 2707 605 2750 injuriosus
624 2707 717 2741 distae
736 2707 812 2742 Sedi
824 2732 835 2747 ,
860 2709 1021 2742 consuetae
1045 2720 1114 2742 non
1182 2718 1273 2742 turos
1284 2708 1439 2753 Collegas
1450 2709 1603 2745 advocari
1617 2711 1809 2754 oporteret&
1829 2711 1939 2746 Gallia
1951 2737 1958 2744 .
1986 2713 2065 2748 Res-

238 2755 281 2790 ab
293 2754 360 2790 heri
371 2767 427 2790 aut
440 2757 560 2791 nudius
572 2758 706 2798 tertius,
732 2757 786 2792 sed
804 2757 844 2792 ab
856 2758 928 2802 ipfis
940 2757 1117 2801 Apostolo-
1181 2758 1301 2802 pondit
1324 2759 1402 2792 vero
1425 2759 1584 2794 Pontifex
1599 2774 1605 2792 :
1632 2764 1680 2794 Et
1704 2763 1824 2803 quidem
1846 2767 1878 2794 in
1904 2764 2065 2807 anglorum

238 2817 312 2840 r-um
324 2807 523 2849 temporibus
534 2807 652 2841 utiista
674 2808 832 2851 potestate
845 2832 853 2839 .
880 2809 970 2855 Nam
982 2808 1017 2843 ἕ(
1042 2810 1117 2843 Fer·
1182 2807 1309 2850 Ecclesia
1326 2833 1336 2849 ‚
1362 2814 1394 2841 in
1414 2821 1473 2850 qua
1492 2810 1590 2843 adhuc
1607 2809 1688 2853 fhlus
1709 2810 1876 2854 Episcopus
1889 2818 2066 2855 inveniris,

238 2855 360 2890 candus
372 2856 565 2900 Fulgentius
578 2881 588 2896 ‚
599 2857 748 2891 Ecclesiae
758 2856 1028 2902 Carthaginenfis
1039 2859 1117 2892 Dia·
1182 2860 1323 2892 ordinare
1345 2857 1524 2901 Episcopum
1537 2872 1595 2893 non
1616 2863 1724 2901 aliter,
1754 2861 1812 2903 nisi
1820 2860 1882 2903 fine
1900 2862 2062 2906 Episcopis

237 2918 345 2942 conus
357 2931 366 2946 ‚
383 2908 534 2949 antiquus
545 2907 725 2941 Canonum
736 2907 892 2941 collestor
902 2932 912 2948 ,
925 2919 966 2941 ex
978 2908 1116 2950 Synodo
1162 2905 1165 2928 ²
1176 2917 1263 2950 potes
1276 2932 1283 2939 .
1310 2913 1396 2941 Nam
1410 2911 1529 2951 quando
1554 2911 1592 2942 dc
1615 2912 1724 2943 Galliis
1753 2910 1894 2954 Episcopi
1916 2920 2039 2947 venient
2050 2938 2062 2955 ‚

239 2955 388 2996 Zellenfi,
402 2956 551 2990 &siricii
565 2956 735 2990 Pontificis
752 2957 972 2991 sanstionibus
982 2957 1116 2992 adducit
1180 2959 1225 2991 illi
1242 2965 1275 2991 in
1304 2960 1521 2992 ordinationem
1552 2959 1691 3002 Episcopi
1723 2960 1807 3001 testes
1839 2962 1896 2994 tibi
1921 2963 2061 3004 affistentt

238 3004 329 3039 hunc
341 3006 515 3039 Canonem
529 3018 534 3037 :
557 3011 597 3039 Ue
605 3018 682 3039 unus
693 3004 858 3049 Episcopus
870 3006 1048 3051 Episcopum
1059 3020 1116 3041 non
1179 3010 1199 3040 5
1201 3009 1240 3041 ed
1244 3007 1475 3049 fraternitatem
1498 3017 1583 3043 tuam
1594 3015 1639 3042 ita
1658 3011 1794 3044 volumus
1806 3017 1838 3044 in
1852 3014 1960 3056 anglia
1986 3017 2064 3056 Epi<

236 3057 357 3090 ordinet
369 3080 379 3095 ,
404 3063 529 3098 excepta
537 3055 662 3097 Ecclesia
674 3059 829 3091 Romana.
1177 3055 1279 3100 scopos
1301 3060 1442 3091 ordinare
1453 3083 1463 3098 ‚
1488 3068 1521 3091 ut
1532 3058 1648 3103 ipfitibt
1659 3059 1799 3103 Episcopi
1808 3062 1891 3105 longo
1913 3065 2063 3098 interval-

261 3107 381 3140 Fateor
392 3116 472 3149 ergo
479 3116 580 3149 atque
588 3106 745 3149 profiteor
754 3106 817 3141 esse
828 3106 968 3141 omnino
977 3120 1114 3149 morem,
1180 3109 1207 3140 lo
1220 3110 1342 3141 minimi
1354 3109 1568 3151 disiungantur
1578 3134 1587 3149 ‚
1615 3119 1763 3151 quatenus
1784 3113 1867 3145 nulla
1885 3111 1924 3154 fit
1950 3115 2057 3154 neceffi-

237 3156 270 3189 &
282 3155 456 3189 Canonem
478 3155 709 3208 Apoqolicum
722 3179 733 3195 ,
759 3167 794 3190 ut
815 3157 995 3200 Episcopus
1007 3159 1024 3191 ὲ
1037 3170 1116 3192 cun.-

237 3206 296 3239 affis
308 3206 371 3241 suis
383 3205 727 3248 Comprovincialibus
739 3229 749 3245 ‚
758 3215 814 3240 aut
826 3206 867 3240 ad
880 3208 989 3241 minus
999 3219 1114 3242 eorum

238 3253 342 3289 tribus
351 3256 527 3290 ordinetur.
557 3255 689 3290 Etenim
702 3255 836 3289 testatur
849 3255 1041 3299 Apostolus,
1052 3258 1113 3291 Ti·

1179 3169 1248 3198 tas,
1274 3167 1308 3191 ut
1328 3164 1360 3189 in
1381 3159 1566 3191 ordinatione
1589 3160 1716 3201 alicujus
1738 3159 1878 3204 Epifiopi
1902 3170 2059 3197 convenire

1178 3219 1234 3241 non
1255 3208 1358 3249 poffint
1370 3232 1377 3239 .
1405 3211 1566 3240 patrorum
1579 3220 1690 3251 quoque
1713 3211 1876 3253 aliquorum
1891 3211 2060 3256 prasentia

1177 3258 1269 3291 valde=
1284 3257 1324 3297 est
1347 3258 1428 3292 utilis
1451 3281 1461 3296 ,
1496 3266 1529 3293 ut
1544 3257 1694 3299 facillimi
1728 3260 1856 3296 debcant
1876 3268 2055 3301 convenire.

239 3302 411 3341 motheum
420 3304 583 3350 quidema
599 3306 632 3342 se
654 3304 867 3346 ordinatum,
894 3316 1037 3344 attamen
1059 3319 1115 3352 per
1177 3309 1253 3341 Cum
1278 3312 1369 3350 igitur
1393 3330 1402 3345 ‚
1429 3310 1490 3339 Deo
1517 3308 1633 3342 auc‘lore
1659 3333 1669 3349 ‚
1696 3315 1742 3342 ita
1760 3309 1881 3354 ficei-int
1911 3310 2055 3355 Episcopi

239 3352 403 3394 impositas
425 3366 544 3392 manus
570 3354 788 3398 presbyterii,
816 3355 850 3391 id
875 3356 944 3396 est,
971 3357 1112 3400 plurium
1175 3362 1313 3390 etiamin
1329 3362 1506 3398 propinquis
1535 3356 1593 3399 fibi
1602 3359 1673 3394 locis
1694 3361 1848 3401 ordinati,
1868 3369 1927 3404 pgr
1950 3367 2052 3397 omnia

237 3399 530 3446 Presbyter-orum,
556 3406 610 3442 seu
624 3405 882 3448 Episcoporum.
911 3404 1112 3449 Apostolicis
1176 3405 1385 3449 Episcoporum
1411 3407 1560 3439 ordinatio
1573 3407 1637 3449 fine
1658 3416 1829 3454 aggregatis
1855 3409 1974 3450 tribus,
1999 3412 2055 3444 vel

237 3451 542 3495 enimtemporibus
554 3456 639 3489 inter
662 3454 861 3498 Episcoms,
886 3454 920 3489 r&
945 3455 1112 3501 Presbyte-
1175 3466 1301 3498 quatuor
1312 3453 1468 3498 ,Episcopis
1487 3456 1556 3499 fieri
1566 3469 1625 3493 non
1634 3458 1721 3493 debet
1737 3484 1744 3491 .
1771 3464 1901 3494 Namin
1925 3457 1992 3502 ipfis
2005 3469 2052 3491 re-

237 3511 295 3539 tos
306 3500 435 3540 nullum
445 3503 536 3538 fuisse
556 3504 728 3541 discrimen
754 3505 907 3543 asseverat
926 3506 1110 3555 frequenter
1175 3506 1228 3540 bus
1245 3504 1453 3549 spiritualibus
1472 3531 1482 3548 ‚
1509 3515 1542 3541 ut
1568 3506 1722 3550 sapienter
1744 3510 1779 3546 (ν’
1809 3509 1930 3546 matur?
1951 3504 2049 3549 disp&

337 3554 475 3589 canones
492 3557 761 3590 Conc.Nic.Tom.L
1570 3556 1608 3593 H
1630 3555 1656 3597 h
1927 3566 2007 3597 04²1?

2084 2497 2161 2537 Qtoe

2163 2498 2227 2535 st-8.
