2346 3776
398 151 491 206 198

839 127 1202 199 §rusorum
1237 137 1579 198 NI'CAENUM'

319 235 406 281 gine
430 222 662 269 Abbasscfi'bit
676 230 716 267 ad
726 229 867 268 'eundem
887 240 1015 265 annum
1028 243 1039 263 .-
1061 223 1218 276 “stupea-3
1260 226 1349 268 sola,
1377 227 1412 262 dt
1431 229 1525 263 omni
1536 224 1740 273 Dominica,
1765 229 1811 267 ad
1820 225 1946 267 morem
1967 227 2133 279 Hispano»

316 294 366 319 tor
388 286 426 318 de
445 285 588 319 Ardeam:
623 286 724 326 Aquas
734 279 873 324 reversus
891 279 989 324 mense
1011 277 1196 312 Novembris
1214 277 1217 331 J
1259 288 1333 311 rum
1344 302 1351 309 .
1379 276 1460 312 Haec
1471 288 1582 312 tamen
1592 278 1715 315 AEneae
1723 281 1838 317 verba:
1866 282 2051 327 Universalis
2061 285 2133 330 Gala

314 335 484 369 ¹&messium
507 335 545 367 de
572 334 741 372 Proeeffione
765 333 899 373 spiritus
919 329 1020 374 sanc‘lt
1056 328 1163 361 habuit
1186 352 1194 360 .

317 388 425 430 Quam
433 383 619 427 quaestionem
623 386 654 427 J
657 392 768 415 oannes
779 379 940 414 Monachus
958 380 1083 423 quidam
1096 383 1195 412 Hiero-

309 435 427 482 solymis
444 435 545 477 pium&
565 437 721 465 commovit
743 456 751 463 .
788 433 885 472 Cujus
907 430 1084 474 definiendae
1107 426 1197 471 causa

314 483 483 519 'Bernart'us
493 480 660 525 Episcopus
687 479 917 524 Wormatienfis
929 505 940 522 ‚
966 482 1001 514 Θ
1024 479 1195 512 malardus

313 534 415 569 Abba:
426 530 594 572 nonasterii
608 531 745 573 eorbeJae
756 555 768 572 ,
794 535 921 565 Romam
932 531 977 564 ad
985 534 1111 563 Leonem
1133 531 1194 561 Pa-

307 593 386 629 pam
395 582 465 624 miffi
483 580 575 626 sunt.
603 582 692 630 Qis
712 581 810 616 fuerit
833 581 893 616 iste
911 582 1052 626 Joannes
1075 578 1196 612 Mona-

311 632 394 668 chus
407 655 418 673 ,
445 643 512 676 quo
524 643 614 667 anno
624 635 765 667 errorem
777 632 920 675 sparserit
930 628 1207 670 Hierosolymis,

311 684 346 719 ἃ
356 694 398 717 an
410 683 478 727 ipse
489 706 501 724 ,
527 694 570 718 an
580 682 655 727 quis
664 682 733 726 ejus
744 682 925 725 discipulus
938 680 1032 714 illum
1042 675 1194 712 detulerit

311 733 349 769 in
363 733 536 768 Franciam
548 757 559 773 ,
586 734 725 777 ignoro.
752 732 891 766 Interim
901 727 1054 773 oppressis
1074 736 1128 771 pet
1139 727 1194 761 Sa·

310 794 447 819 racenos
457 782 682 818 Orientalibus
696 781 848 817 Ecclesiis
867 779 1006 825 grandes
1016 778 1195 821 eleemosy-

311 845 371 869 nas
383 844 463 869 tunc
471 833 558 867 misit
570 833 716 876 Magnus
727 830 866 865 Carolus
878 854 889 870 ,
906 829 940 863 &
952 828 1011 862 ista
1022 828 1194 863 occasione

310 883 503 918 Graecorum
526 882 648 916 Clerici
675 905 686 921 ,
710 882 744 914 &
764 878 931 914 Monadhi
951 887 1110 913 venerunt
1133 878 1192 912 fre-

308 942 447 979 quentes
458 933 493 967 in
504 931 697 966 Franciam.
726 929 891 964 Existimo
913 927 999 965 hanc
1020 929 1113 963 fuine
1135 929 1194 972 pri-

307 993 397 1023 mam
420 981 576 1016 cantandi
602 980 638 1014 in
657 981 796 1015 Francia
820 978 971 1025 Symboli
998 979 1165 1024 originem
1180 1002 1192 1018 ,

307 1033 343 1068 ἀ
354 1031 444 1066 hunc
465 1041 601 1065 cantum
614 1042 684 1065 non
706 1030 880 1066 dumtaxat
900 1029 940 1065 ad
953 1028 1170 1064 erudiendum
1183 1051 1195 1069 ,

306 1082 362 1126 sed
384 1081 486 1117 etiam
511 1081 552 1116 ad
576 1081 794 1115 muniendum
814 1081 963 1116 adversus
990 1079 1049 1114 ista
1066 1090 1192 1114 venena

305 1132 499 1177 imperitum
521 1131 680 1176 populum
705 1133 797 1166 fuisse
821 1131 1044 1166 introductum
1064 1154 1072 1163 .
1116 1129 1193 1164 Cer-

310 1193 384 1217 tum
394 1182 438 1216 est
451 1193 521 1219 non
532 1182 625 1216 fuisse
638 1183 758 1216 fastum
772 1206 783 1223 ,
809 1183 869 1217 nisi
881 1181 951 1226 post
964 1186 1105 1215 mortem
1117 1180 1195 1214 San·

312 1233 356 1269 sti
367 1232 533 1267 Bonifacii
546 1256 553 1264 .
580 1231 767 1280 Qomodo
778 1233 875 1267 enim'
889 1232 954 1265 ille·
965 1232 1005 1265 in
1022 1229 1196 1265 alienum&

311 1283 468 1318 Romana
479 1306 491 1323 ,
518 1293 617 1326 quam
629 1282 762 1316 unicam
774 1282 919 1326 plantare
932 1282 966 1314 in
978 1281 1116 1315 Francia
1132 1280 1195 1314 fue-

312 1342 363 1367 rat
375 1332 565 1367 solemniter
575 1332 691 1366 Romae
702 1332 743 1367 ad
757 1333 887 1376 Corpus
898 1332 935 1366 Sa
941 1331 1013 1365 nsti-
1024 1330 1111 1365 Petri
1125 1341 1194 1374 pro·

312 1383 431 1423 fessus,
457 1382 630 1426 disciplina
654 1382 773 1416 Ritum
794 1380 1023 1417 consenfiffet?
1049 1381 1130 1414 Haec
1149 1380 1197 1414 in-

313 1434 411 1467 terim
424 1433 552 1467 novitas
563 1432 627 1466 fuit
638 1432 770 1466 industa
781 1431 823 1467 de
833 1432 991 1467 consensu
1004 1431 1097 1465 Sedis
1110 1430 1198 1474 Apo-

312 1483 453 1519 stolioe.
480 1482 607 1516 Verum
629 1493 706 1516 cum
727 1482 840 1524 aliquo
864 1483 991 1517 excessu
1007 1505 1014 1513 .
1042 1480 1197 1515 Inductus

313 1534 406 1575 enim
417 1532 480 1566 fuit
491 1532 607 1576 plenus
616 1532 772 1576 Hispanae
783 1531 933 1567 Ecclefiae
943 1534 1016 1566 mos
1024 1555 1035 1573 ,
1061 1539 1198 1565 cantans

312 1582 512 1626 Symbolum
535 1593 612 1618 cum
634 1583 762 1618 famoso
772 1582 1020 1617 additamento.
1048 1581 1122 1615 Nec
1132 1581 1198 1614 sine

312 1632 600 1668 fundamentales
609 1632 701 1667 enim
714 1633 837 1667 cantari
849 1632 963 1676 exegit
975 1629 1096 1665 haerefis
1107 1630 1197 1664 istius

312 1684 419 1718 Graeci
432 1681 596 1718 Monachi
608 1703 615 1714 ι
643 1682 690 1717 Et
700 1683 861 1726 quoniam
873 1681 1036 1716 Alcuinus
1048 1680 1196 1721 Flaccus,

311 1735 347 1770 &
357 1734 471 1779 magni
482 1734 686 1767 Francorum
696 1731 752 1766 alii
767 1733 929 1769 Doctores
938 1740 1090 1775 potenter
1102 1729 1198 1765 recal-

313 1783 500 1824 citrabant,
526 1783 619 1817 istam
631 1782 822 1826 Aquensem
846 1781 1019 1826 Synodum
1041 1780 1195 1815 celebrari

310 1834 422 1868 voluit
443 1832 626 1876 Imperator
648 1832 810 1874 Carolus,
837 1832 1049 1874 Romamque
1073 1831 1196 1875 legavit

312 1882 507 1920 Be‘rnarium
518 1883 717 1927 Episcopum
730 1907 741 1924 ,
753 1883 787 1916 &
798 1881 1003 1917 Adalardum
1017 1879 1195 1919 Abbatem,

311 1946 382 1976 non
394 1933 441 1970 ob
451 1932 543 1967 istius
564 1932 731 1976 dogmatis
744 1956 754 1972 ,
781 1931 822 1966 de
843 1943 910 1973 quo
922 1932 1013 1965 nulla
1027 1940 1095 1965 erat
1107 1929 1195 1974 apud

315 1983 456 2020 Latinos
480 1982 649 2026 cespitatio
670 2007 680 2024 ,
707 1981 761 2016 sed
787 1981 828 2016 ad
856 1982 948 2015 istius
974 1981 1055 2015 novi
1080 1989 1196 2015 cantus

313 2033 527 2079 quaestionem
538 2031 761 2068 definiendam
774 2056 781 2064 .
810 2032 945 2076 Regino
965 2030 1079 2071 Abbas
1099 2030 1196 2065 invo-

315 2083 385 2121 lut&
395 2083 559 2127 loquitur.
593 2082 714 2117 Forsan
725 2088 767 2116 ex
779 2080 888 2116 studio
900 2106 910 2121 ,
931 2092 974 2115 ne
982 2080 1126 2114 Franciae
1136 2080 1197 2114 Ec-

313 2134 415 2169 clesiae
440 2132 561 2168 revelet
586 2133 831 2166 contumaciam
844 2130 993 2165 adversus
1004 2131 1194 2164 Romanam

313 2183 495 2221 Ecclesiam
514 2208 521 2215 .
548 2182 628 2217 Haec
641 2182 754 2217 omnia
769 2181 882 2215 lucent
907 2191 948 2214 ex
960 2180 1196 2224 disceptatione

314 2233 465 2269 Bernatii
476 2257 487 2274 ‚
513 2233 549 2267 &
560 2231 718 2266 Adalardi
729 2243 806 2265 cum
818 2231 934 2265 Leone
945 2230 1044 2266 tertio
1058 2229 1197 2264 Pontifi-

314 2296 371 2320 ce.
399 2282 476 2318 Nee
494 2291 566 2317 tum
586 2281 629 2318 de
649 2281 823 2327 dogmate,
849 2280 909 2315 -fed
919 2279 962 2314 de
983 2280 1054 2314 solo
1073 2279 1195 2315 addita-

315 2334 420 2371 menti
442 2342 541 2367 cantu
554 2332 792 2376 disceptarunt.
818 2330 972 2366 Succeffit
994 2330 1113 2364 Felicis
1127 2330 1197 2365 Ur-

315 2383 469 2430 gellitani
493 2382 672 2427 Episcopi,
697 2394 734 2416 ac
758 2379 1083 2426 EligendiPrimatis
1096 2380 1197 2414 Tole-

316 2435 390 2478 tani
416 2430 612 2468 Nestoi-iana
637 2432 772 2467 Haerefis
799 2456 807 2463 .
842 2431 886 2464 Et
920 2429 1012 2474 quod
1047 2429 1197 2465 adversus

315 2484 421 2527 ipsam
432 2482 538 2526 plures
550 2483 751 2516 Francorum
777 2481 925 2515 Ecclesiae
944 2480 1103 2523 coeperint
1124 2491 1198 2514 can-

318 2542 389 2568 tare
402 2532 808 2574 constantinopolitanum
830 2530 1027 2573 Symbolum
1037 2530 1127 2574 supra
1139 2539 1196 2564 no-

317 2583 370 2618 bis
394 2581 481 2616 dixit
512 2581 712 2615 Walafridus
741 2579 857 2614 Strabo
887 2597 903 2612 -ι
941 2580 986 2614 Et
1011 2580 1080 2622 jure
1106 2580 1186 2614 meri

318 2631 357 2668 to
378 2659 386 2665 .
412 2630 517 2679 Qod
551 2630 726 2666 Nicaenum
752 2628 948 2673 Symbolum
975 2641 1042 2663 non
1069 2630 1199 2664 tantum

319 2692 437 2718 contra
450 2681 614 2721 Arianos,
642 2679 696 2715 sed
708 2688 823 2714 contra
833 2690 949 2713 omnes
961 2689 1002 2712 eo
1023 2680 1124 2721 usque
1144 2690 1199 2712 na-

322 2742 373 2768 tas
394 2731 545 2772 haereses,
570 2731 610 2767 sit
628 2729 820 2769 decretum,
845 2741 883 2763 ac
906 2728 1102 2772 descriptum
1115 2752 1126 2767 ,
1153 2738 1199 2763 te-

319 2784 446 2819 stantur
458 2781 605 2826 Magnus
616 2779 811 2815 Athanasius
823 2803 834 2818 ‚
859 2779 893 2814 δε
909 2778 946 2812 -in
970 2777 1198 2822 Apologeticis

323 2845 383 2878 pro
394 2831 512 2867 eodem
534 2829 716 2865 Athanasio
740 2829 829 2864 libris
839 2828 972 2863 Lucifer
992 2827 1198 2862 Calaritanus

322 2882 522 2926 Episcopus.
549 2880 653 2928 Quod
666 2879 917 2929 Nestoffluam,
947 2889 1017 2922 quae
1038 2888 1118 2912 tunc
1139 2876 1198 2912 sub

323 2932 466 2965 aliorum
478 2943 623 2965 errorum
639 2929 829 2964 nominibus
851 2927 1067 2973 grassabatur,
1092 2927 1200 2962 Haere·

324 2981 382 3016 sim
393 2980 779 3026 singulariterdestruxit,
805 2980 987 3020 frequenter
1013 2990 1050 3012 ac
1068 2978 1200 3023 insigni-

325 3040 375 3065 ter
395 3030 593 3066 demonstrat
611 3031 745 3064 Sandius
758 3028 905 3072 Cyrillus
927 3026 1111 3061 Patriarcha
1124 3028 1200 3062 Ale·-

326 3080 524 3113 xandrinus.
562 3080 644 3125 Qae
672 3080 788 3113 omnia
823 3079 898 3113 sunt
923 3078 1065 3112 omnino
1101 3088 1200 3117 vera,

327 3130 427 3162 etiam
466 3129 506 3162 de
534 3130 694 3171 symbolo
714 3128 1119 3171 Constantinopolitano.
1147 3129 1201 3161 De

329 3176 434 3212 hocce
446 3177 541 3212 habet
564 3179 598 3212 in
610 3180 668 3212 suo
687 3179 856 3213 adversum
869 3178 1057 3211 Graecorum
1068 3176 1202 3212 Photia·

329 3238 390 3262 nas
411 3227 591 3260 calumnias
610 3240 707 3271 opere
731 3228 858 3262 AEneas
879 3227 1059 3261 Parmensis
1072 3227 1203 3270 Episco-

331 3287 412 3321 pus:
442 3277 536 3310 Fides
548 3276 700 3309 catholica
712 3302 721 3316 ‚
748 3289 838 3319 quam
858 3278 906 3311 die
921 3281 1078 3311 Dominica
1099 3279 1204 3311 decan-

331 3335 383 3360 tat
407 3326 452 3358 ad
477 3325 592 3367 Mzffam
627 3325 809 3368 Universalis
848 3329 1015 3360 Galliarum
1051 3326 1177 3368 Ecclefia
1192 3353 1199 3359 .

334 3373 554 3421 floruitille,
575 3374 608 3408 ἀ
633 3376 750 3417 scripsit
761 3376 818 3409 sub
832 3377 951 3419 Regno
963 3378 1203 3411 CaroliCalvi.
1236 3379 1241 3384 '

335 3425 440 3460 Tunc
451 3435 529 3468 ergo
539 3424 650 3457 omnis
661 3423 770 3457 Gallia
782 3424 976 3466 Symbolum
989 3451 998 3465 ‚
1025 3429 1059 3461 ἃ(
1070 3427 1203 3471 quidem

333 3486 414 3512 cum
423 3473 648 3510 additamento
659 3497 669 3512 ‚
694 3473 881 3506 solemniter
898 3474 937 3507 ad
949 3475 1079 3509 Missam
1090 3476 1204 3511 decan-

335 3523 427 3563 tabat
440 3548 448 3558 .
474 3522 603 3560 Diserte
611 3522 646 3559 id
661 3522 788 3559 AEneas
805 3521 952 3559 adfirmat
965 3537 971 3557 :
997 3526 1150 3562 cantabat
1170 3528 1205 3561 in

1251 1441 1349 1474 ,gone
1370 1430 1471 1464 Italiae
1490 1429 1584 1476 Rege
1612 1429 1698 1465 vixit
1724 1431 1902 1467 Ratherius

1261 329 1372 361 liarum
1383 329 1512 368 Eoelefia
1522 353 1532 369 ‚
1559 330 1592 362 su
1598 338 1634 362 nt
1644 340 1719 364 cum
1730 329 1806 366 salis
1813 344 1918 378 grano
1930 333 2132 378 accipienda.

1259 378 1364 412 Lucet
1383 388 1426 412 ex
1436 378 1586 412 Walterii
1600 377 1850 417 Aurelianenfis'
1864 383 2017 428 Episcopi
2035 385 2135 428 Capi³

1259 427 1376 468 tulari,
1401 429 1526 462 cunctis
1539 428 1630 462 istius
1642 428 1811 465 Parochiae
1820 433 2007 478 pagensibus
2020 434 2132 468 Eccle-

1258 478 1308 511 fiis
1318 478 1494 512 mandante
1506 479 1519 511 ?
1544 480 1641 513 Credo
1650 484 1684 512 in
1696 492 1788 515 unum
1798 485 1893 516 Deum
1903 508 1914 524 ,
1939 485 2025 526 apul
2031 495 2135 518 omnes

1255 529 1301 560 ad
1309 527 1421 570 miffam
1431 529 1622 562 decantetur.
1651 529 1806 566 Edi-{ium
1830 530 1895 567 hoc
1921 533 1986 567 alte
2010 534 2134 569 clamat

1256 577 1453 621 Symbolum
1465 587 1544 615 tunc
1569 580 1603 612 in
1615 581 1741 615 cunctis
1752 580 1850 627 Pagis
1860 593 1930 617 non
1951 584 2044 619 fuisse
2055 593 2133 621 can-

1257 637 1362 662 tatum
1375 642 1386 661 .·
1411 628 1501 671 quod
1513 640 1632 674 nempe
1655 630 1790 674 quidam
1801 631 1844 666 ab
1854 633 1945 667 avito
1955 644 2048 669 more
2060 633 2134 668 nol-

1258 678 1327 712 lent
1337 678 1502 718 recedere.
1529 678 1574 713 Et
1591 681 1768 715 Walterius
1789 682 1852 716 fuit
1865 681 1986 717 AEneie
2003 684 2135 718 Gooeta-

1256 739 1337 763 neus
1350 753 1357 761 .
1384 727 1512 764 Cantus
1533 740 1643 764 tamen
1665 726 1726 765 -ille
1736 731 1939 775 pedetentim
1957 731 1999 767 ad
2018 743 2135 768 omnes

1257 789 1357 813 etiam
1369 790 1471 824 pagos
1493 781 1640 823 pervenit
1651 803 1658 812 -
1944 779 1948 781 ’

1306 828 1379 863 Nec
1413 829 1624 865 solummodo
1655 828 1691 864 in
1712 831 1840 868 Gallias
1860 855 1872 872 ,
1898 831 1952 867 sed
1977 831 2078 867 etiam
2095 832 2137 866 in

1257 878 1492 920 Germaniam,
1518 878 1788 926 Longobardiam
1801 907 1812 924 ‚
1838 894 1876 918 ac
1886 893 2023 918 omnem
2042 883 2141 917 suam·

1256 927 1487 964 Monarchiam
1510 930 1649 966 Carolus
1669 931 1836 978 Magnus,
1863 944 1901 967 ac
1927 932 1995 976 ejus
2016 931 2138 977 posteri

1257 977 1346 1013 hunc
1365 985 1490 1014 morem
1514 980 1787 1017 introduxerunt.
1815 982 1951 1018 Etenim
1967 982 2137 1017 Veronen-

1256 1029 1295 1062 sis
1319 1028 1355 1063 in
1377 1028 1615 1075 Longobardia
1642 1031 1821 1077 Episcopus
1847 1031 2070 1068 Ratheriusin
2082 1032 2142 1076 Sy·

1247 1078 1380 1114 nodica
1389 1079 1431 1113 ad
1443 1081 1536 1115 suum
1547 1081 1709 1115 forensem
1722 1082 1857 1118 Clerum
1870 1083 2019 1127 Epistola
2047 1094 2141 1117 man-

1258 1128 1313 1163 dat
1325 1152 1336 1169 ,
1362 1136 1526 1166 utomnes
1547 1129 1738 1165 memoriter
1757 1133 1860 1167 sciant
1881 1134 1945 1167 tria
1956 1132 2033 1167 fidei
2045 1130 2144 1167 Chri-

1261 1179 1366 1213 stianae
1400 1178 1559 1223 Symbola
1581 1192 1593 1214 .-
1633 1179 1832 1224 Symbolum
1866 1180 2102 1226 Apostolicum
2115 1190 2143 1222 ²,

1259 1229 1455 1273 Symbolum
1485 1229 1595 1265 Sanni
1630 1227 1802 1266 Athanasii
1822 1255 1834 1272 ,
1871 1231 1907 1267 dc
1944 1230 2144 1275 Symbolum

1260 1279 1347 1323 quod
1369 1289 1518 1314 cantatur
1537 1279 1580 1313 ad
1601 1278 1736 1315 Miffim
1755 1306 1764 1314 .
1789 1281 1896 1330 Qod
1923 1281 2030 1325 ipsum
2056 1291 2148 1325 repe·

1259 1330 1299 1370 tit
1310 1331 1344 1363 in
1359 1330 1418 1364 suo
1428 1330 1586 1365 Romano
1597 1328 1785 1365 itinerario.
1813 1331 1932 1366 Statim
1955 1330 2027 1375 post
2036 1331 2146 1366 extin-

1259 1381 1357 1413 stum'
1373 1379 1494 1425 Magni
1519 1378 1632 1417 Caroli
1656 1380 1691 1415 in
1712 1381 1854 1425 Imperio
1873 1389 1979 1426 genus
1999 1380 2060 1416 sub
2069 1379 2144 1415 Hu·

1939 1455 1951 1472 ,
1987 1442 2048 1466 nec
2073 1430 2144 1475 ipse

1262 1478 1355 1514 illum
1378 1489 1512 1514 cantum
1535 1479 1671 1515 induxit
1691 1481 1727 1516 in
1750 1481 1900 1516 ltaliam.
1928 1481 2018 1516 Eum
2040 1480 2143 1527 igitur

1261 1529 1330 1564 illic
1352 1529 1479 1565 invenit
1502 1530 1687 1574 plantatum
1708 1553 1720 1571 ,
1755 1542 1812 1567 aut
1833 1531 1875 1567 ab
1895 1532 1966 1576 ipso
1985 1530 2112 1566 (karolo
2127 1539 2143 1572 ‚·

1260 1589 1317 1614 aut
1331 1578 1377 1624 ab
1396 1579 1465 1624 ejus
1486 1580 1558 1615 filio
1579 1580 1755 1616 Ludovico
1778 1581 1843 1617 Pio
1862 1606 1874 1623 ,
1900 1591 1956 1616 aut
1977 1581 1997 1615 a
2019 1589 2142 1624 nepote

1261 1625 1422 1663 Lothario
1433 1653 1446 1670 ,
1471 1639 1528 1664 aut
1549 1631 1569 1665 ὲ
1589 1631 1921 1674 secundoLudovico
1933 1630 2030 1674 huJus
2048 1629 2139 1666 filio.

1261 1678 1309 1712 Hi
1334 1680 1442 1713 cunffi
1463 1679 1655 1715 studuerunt
1677 1681 1833 1725 subjectas
1850 1681 1907 1716 fibi
1917 1680 2143 1715 Ecclesiaseo-

1260 1739 1336 1773 gere
1346 1727 1388 1763 ad
1402 1729 1546 1764 eundem
1558 1731 1736 1773 peremnia
1747 1731 1847 1765 ritum
1858 1756 1867 1764 .
1893 1729 2054 1766 Notandn
2063 1730 2143 1764 sunt

1261 1777 1414 1812 Ratherii
1438 1777 1701 1823 de-Apostolico
1727 1780 1891 1823 Symbolo
1917 1779 2034 1814 verba:
2055 1777 2141 1818 ⁴sumt

1259 1834 1293 1861 in
1303 1828 1436 1863 correc‘lis
1448 1826 1608 1872 Psalterits
1619 1835 1794 1864 invenitur.
1825 1830 1994 1865 Evincunt
2013 1827 2145 1864 hodia-¹

1262 1888 1342 1912 num
1354 1901 1366 1918 ‚
1391 1888 1460 1921 quo
1467 1878 1880 1924 Constantinopolitanum
1894 1881 1935 1914 ad
1946 1879 2050 1915 solam
2059 1877 2145 1913 Mis:

1260 1925 1602 1968 fim‚Athanafianum
1610 1929 1652 1964 ad
1661 1929 2044 1974 primam,Apostolicum
2050 1929 2144 1972 Sym·

1262 1978 1377 2012 bolum
1398 1978 1570 2012 recitamus
1579 1978 1620 2013 ad
1632 1979 1697 2014 alia
1710 1980 1828 2014 Divini
1839 1979 1987 2015 Psalterii
1998 1980 2053 2014 seu
2067 1977 2143 2013 Bre-

1262 2027 1357 2062 viarii
1369 2028 1490 2077 officia,
1500 2039 1625 2063 morem
1636 2029 1699 2064 esse
1710 2030 1785 2064 satis
1793 2030 1976 2075 antiquum.
2005 2027 2069 2063 P'er
2076 2027 2145 2062 Im-

1263 2078 1419 2121 peratoris
1430 2078 1553 2115 Leonis
1563 2078 1663 2114 Isauri
1673 2104 1686 2121 ‚
1714 2081 1771 2124 qui
1781 2090 1916 2115 omnem
1926 2079 2143 2123 illyricanam

1262 2128 1454 2168 Dioecesim‚
1467 2139 1506 2163 ac
1516 2140 1633 2164 omnes
1642 2129 1741 2165 ltalia·
1753 2130 1794 2165 ad
1807 2129 1978 2166 Orientale
1988 2138 2068 2163 tune
2077 2128 2142 2162 lm-

1263 2179 1389 2222 perium
1414 2180 1592 2221 spectantes
1618 2179 1808 2215 Provincias
1833 2179 1869 2214 in
1886 2176 2140 2213 patriarchiam

1262 2227 1627 2272 constantinopolitani
1656 2230 1809 2273 Episcopi
1836 2228 2031 2274 potestatem
2056 2237 2142 2262 tran-

1263 2278 1401 2320 scripsit,
1429 2279 1620 2313 violentiam
1634 2276 1792 2323 pleraeque
1808 2278 1875 2313 istae
1883 2279 2067 2314 Provincia
2085 2276 2142 2312 ad·

1261 2328 1419 2363 miserunt
1439 2329 1628 2363 Graecorum
1648 2329 1767 2364 Ritum
1786 2330 1820 2363 in
1842 2329 1977 2364 Divinis
1999 2327 2142 2363 officiis=

1261 2377 1409 2420 quaedam
1428 2389 1470 2412 ex
1490 2379 1621 2424 integro
1636 2403 1648 2420 ,
1675 2379 1820 2424 quaedam
1847 2379 1980 2413 mixtim
1999 2402 2008 2411 .
2034 2374 2144 2426 Qod

1261 2428 1352 2462 enim
1361 2428 1461 2462 etiam
1473 2428 1695 2472 Neapolitana
1706 2453 1716 2470 ,
1728 2429 1845 2464 Romae
1854 2429 1984 2468 vicina,
1998 2426 2143 2462 Ecclesia

1264 2476 1489 2513 nono'Christi
1501 2472 1645 2514 Domini
1664 2479 1780 2514 saeculo
1806 2478 1956 2514 habuerit
1975 2476 2143 2521 duplicem

1265 2528 1464 2572 Episcopum
1475 2548 1486 2569 ,
1509 2529 1676 2573 duplicem
1688 2538 1756 2564 tam
1771 2527 1971 2574 Regularem
1982 2527 2081 2572 quam
2091 2527 2144 2562 sn-

1262 2578 1404 2612 cularem
1421 2590 1498 2612 cum
1509 2580 1568 2613 suo
1581 2578 1710 2623 Populo
1723 2578 1859 2614 Clerum
1871 2602 1882 2619 ‚
1908 2578 2141 2621 duplicemque

1263 2628 1297 2661 in
1322 2628 1460 2662 Divinis
1478 2629 1597 2663 officiis
1619 2630 1737 2664 Ritum
1757 2653 1768 2670 ,
1794 2629 1952 2663 Latinum
1972 2627 2088 2671 utique
2104 2626 2145 2661 ἀ

1263 2679 1413 2711 Graecum
1424 2702 1435 2718 ,
1461 2676 1560 2713 habes
1571 2679 1608 2712 in
1619 2679 1684 2713 vita
1695 2679 1804 2714 Sancti
1815 2676 1987 2712 Athanasii
2007 2677 2145 2720 Episco*

1265 2727 1296 2770 pi
1318 2726 1552 2770 Neapolitani.
1579 2727 1724 2763 Proinde
1746 2728 1901 2762 omnium
1920 2727 2054 2761 istarum
2079 2726 2143 2760 Ec-

1263 2776 1430 2811 clesiarum
1441 2776 1660 2813 Graecizantes
1680 2778 1790 2813 fideles
1813 2778 1854 2812 ad
1877 2778 2010 2811 Missam
2021 2775 2138 2810 Graeeo

1263 2826 1328 2860 ritu
1348 2827 1491 2861 omnino
1511 2827 1729 2862 decantabant
1751 2827 1948 2871 Symbolum
1973 2853 1977 2859 .
2002 2827 2048 2861 Et
2072 2824 2137 2868 huc

1263 2876 1309 2910 est
1331 2888 1403 2910 vera
1424 2877 1529 2919 ratio,
1554 2890 1614 2912 cur
1631 2878 1683 2912 isti
1703 2877 1804 2912 ltalia&
1815 2877 1937 2921 Populi
1956 2875 2139 2913 etiamnflm

1263 2925 1364 2961 hodie
1382 2925 1522 2962 libenter
1546 2929 1717 2973 graecizent
1737 2953 1745 2960 .
1782 2926 1839 2961 An
1866 2928 1898 2962 δε
1919 2926 2030 2962 Latini
2056 2932 2139 2964 ΨΜ

1263 2975 1458 3019 Symbolum
1483 2988 1653 3013 cantarent
1675 3002 1686 3019 ,
1712 2979 1848 3023 ignoro.
1877 2977 2042 3012 Existimo
2066 2983 2136 3006 non

1262 3027 1403 3060 cantasse
1422 3050 1434 3066 ,
1461 3027 1519 3061 nisi
1545 3028 1616 3070 post
1644 3028 1712 3062 illic
1734 3027 1913 3069 stabilitum
1938 3027 2138 3060 Francorum

1265 3076 1440 3120 Imperium
1454 3100 1464 3116 ‚
1491 3077 1560 3120 post
1569 3078 1722 3121 expulsos
1730 3075 1986 3122 Longobardos.

1312 3126 1417 3160 Porro
1438 3127 1591 3161 Romana
1615 3128 1760 3163 Ecclesia
1772 3151 1783 3168 ,
1809 3124 1886 3160 licet
1903 3135 1983 3159 tunc
1994 3121 2137 3158 necdum

1264 3185 1410 3211 cantaret
1426 3176 1642 3219 Symbolum,
1667 3178 1737 3220 ejus
1758 3187 1867 3211 tamen
1893 3173 2048 3209 cantandi
2069 3173 2139 3216 pas-

1265 3227 1323 3259 sim
1345 3226 1441 3260 dabat
1453 3227 1659 3262 facultatem.
1685 3227 1786 3261 Hanc
1804 3226 1854 3260 uti
1870 3224 2002 3258 Francis
2023 3222 2138 3263 dedit,

1266 3276 1311 3309 ita
1335 3276 1369 3310 δε
1391 3277 1539 3310 Moravis
1559 3301 1570 3317 ,
1597 3286 1694 3320 atque
1719 3274 1878 3310 Bohemis
1898 3298 1907 3305 .
1933 3273 2069 3306 Etenim
2094 3271 2138 3307 de

1266 3326 1410 3369 ipsorum
1421 3325 1681 3370 Archiepiscopo
1691 3326 1806 3360 Sancto
1817 3321 1997 3357 Methodio
2015 3322 2138 3365 scripsit

1266 3375 1306 3409 ad
1316 3375 1505 3410 eorumdem
1517 3375 1704 3419 Principem
1713 3371 2011 3416 Sfeuto-pulchrum
2023 3385 2030 3404 :
2050 3375 2138 3405 Hunc
2156 3385 2262 3427 Epist„
2266 3396 2311 3422 41,

1267 3424 1449 3459 Methodium
1456 3421 1904 3466 Venerabilemdrchlepiscopum
1913 3422 2042 3463 vestrum
2048 3427 2138 3456 inter-

1267 3481 1438 3518 rogavimus
1462 3487 1558 3508 coram
1587 3473 1690 3517 pqli‘tls
1714 3472 1871 3515 fratribus
1903 3472 2060 3516 EpiscopIs
2080 3496 2093 3513 ,
2112 3469 2143 3513 fi

1268 3526 1417 3559 ortodoxae
1424 3524 1498 3566 fidei
1509 3523 1670 3563 symbolum
1688 3529 1734 3557 ita
1741 3524 1874 3558 crederet
1884 3547 1896 3564 ,
1921 3519 2140 3564 &interfuere

1932 3612 1937 3617 .
1993 3573 2090 3615 waa-
