2346 3776
691 160 757 191 er
789 144 1125 193 VERBORUM
1156 134 1576 196 Norannss'ruu.

617 278 722 367 ¹-S

303 432 466 471 Abbatius
487 432 567 468 sade
589 430 744 476 {populo
763 432 912 466 extrusus
931 431 972 466 ab
985 431 1121 476 Episco-

326 495 404 529 patu
415 484 521 520 Const
545 482 796 526 utinopolitano
807 482 842 516 in
857 492 957 526 quem
973 483 1007 516 se
1017 482 1118 517 intru-

289 537 387 570 serat.
420 491 558 619 uffi.

234 586 402 625 sabellius
422 585 469 618 fu·
498 582 714 632 ptolemaidis
736 583 772 617 in
785 581 1038 627 Pentapolitana
1051 583 1118 627 Ly-

289 637 344 673 bia
353 636 538 680 Episcopus
548 661 555 667 .
586 644 638 682 19.
664 645 698 671 2·

235 686 335 725 sacra
356 685 452 730 juffio
474 684 578 730 quid?
605 693 685 732 270.
717 695 746 720 1.
772 683 926 728 primitus
949 684 1086 720 tolerata
1103 709 1115 726 ‚

241 755 244 759 ·
288 737 360 783 post
371 737 500 772 excussa
513 761 520 767 .
547 734 629 769 ibid.

236 787 447 824 Sacramenta
468 785 586 830 legalia
607 797 648 819 ex
671 785 811 820 mortuis
833 786 914 821 facta
927 786 1095 822 mortifera
1107 811 1115 818 .

293 838 370 874 161.
401 848 430 874 1-

235 887 408 922 Sacrificio
420 886 547 932 Angeli
558 886 698 926 adsunt,
726 898 764 921 ac
775 886 972 921 ministrant.
1003 885 1116 924 266.1.

235 937 334 973 Salve
344 937 477 980 Regina
489 960 500 975 ,
525 937 561 971 δε
572 937 811 971 Salutationem
825 936 1023 982 Angelicam
1036 936 1118 970 Gre-

285 985 400 1031 gorius
410 986 467 1020 lX.
480 986 517 1020 in
525 987 668 1021 Ecclesia
678 987 852 1022 ordinavit.
884 998 962 1036 193.
974 999 1006 1024 2.
1033 986 1118 1020 ordi-

287 1036 460 1071 nationem
472 1036 566 1071 istam
586 1037 729 1080 Joannes
739 1037 829 1081 Papa
850 1038 1009 1072 restituit.
1037 1035 1116 1071 ibid.

234 1086 430 1122 sardicensis
441 1087 570 1130 Synodi
581 1088 721 1122 occafio.
747 1096 829 1134 314.
858 1088 967 1122 locus.
993 1097 1070 1137 314.
1084 1098 1116 1123 2.

280 1145 423 1186 ¹tempus.
436 1145 539 1185 3172-
565 1136 733 1172 decretum
744 1137 786 1172 de
796 1137 862 1172 fide
870 1138 1058 1182 exponitur.
1072 1136 1116 1171 ib.

283 1188 358 1222 ‘asta
369 1187 411 1222 de
421 1188 568 1231 personis
578 1197 798 1231 exponuntur.
816 1198 892 1235 319.
906 1199 934 1224 1.
962 1198 1018 1232 per
1028 1188 1114 1223 Con-

286 1237 428 1272 stantem
440 1236 630 1283 Augustum
642 1238 723 1273 faita
734 1238 888 1273 executio
899 1263 907 1271 .
932 1248 1009 1286 324.
1024 1249 1059 1276 2.
1084 1237 1118 1271 &

286 1286 470 1323 Canonum
480 1288 547 1332 ejus
558 1289 685 1324 summa
698 1287 896 1323 Auctoritas.
899 1297 1015 1334 3251.
1028 1289 1118 1334 rigor

288 1336 351 1370 aS.
363 1338 510 1372 Damaso
520 1338 609 1382 Papa
619 1339 801 1383 mitigatus.
829 1335 912 1384 289.
943 1349 971 1374 1.
998 1338 1035 1372 δε
1060 1348 1092 1373 2.

237 1384 276 1420 in
286 1385 465 1421 Sardicensi
476 1386 616 1431 Synodo
626 1390 736 1424 astum
745 1389 787 1423 de
799 1387 865 1423 fide
876 1412 888 1429 ,
900 1388 1046 1433 personis
1063 1411 1074 1428 ‚
1085 1387 1119 1422 ἀ

287 1435 331 1471 de
342 1436 489 1471 moribus
503 1463 510 1470 .
535 1446 616 1486 317.
644 1447 675 1472 2.
695 1440 729 1474 ec
755 1440 818 1483 seq.

237 1485 438 1523 Sardicenfis
449 1487 604 1531 synodus
613 1488 725 1523 nullos
756 1489 799 1523 de
810 1488 875 1523 fide
894 1486 1000 1523 edidit
1011 1487 1120 1518 Gano-

287 1547 356 1571 nes.
365 1545 447 1582 319.
462 1549 494 1572 1.
518 1537 652 1569 decreto
663 1535 840 1567 declaravit
862 1533 894 1566 se
907 1533 1045 1568 Nicaena
1057 1532 1122 1567 fide

288 1585 353 1619 esse
363 1591 558 1618 contentam
570 1606 580 1621 ,
606 1582 696 1623 quod
709 1581 832 1614 alicubi
844 1581 978 1614 interiit.
1010 1590 1077 1628 3¹9·
1089 1591 1120 1616 2.

288 1633 334 1666 ab
344 1632 518 1674 Episcopis
530 1630 621 1664 Afris
630 1654 641 1669 ‚
669 1630 770 1664 etiam
782 1631 811 1664 S.
823 1628 1016 1675 Augustino
1026 1630 1120 1674 igno-

289 1690 376 1721 rata,
391 1679 441 1714 uti
452 1680 486 1715 &
498 1679 621 1714 Canon
631 1677 725 1713 V111.
740 1679 904 1714 Nicaenus.
924 1690 1002 1728 327.
1017 1689 1047 1714 2.
1074 1680 1125 1713 in-

290 1742 342 1766 ter
355 1729 584 1765 ‹Ecumenicas
606 1741 782 1764 nnmerum
804 1742 881 1764 non-
896 1739 996 1774 auget
1009 1754 1020 1770 ,
1044 1731 1124 1763 cur?

292 1791 373 1830 329.
382 1790 415 1818 2.
425 1780 620 1815 Eusebianis
633 1781 750 1820 invisa,
758 1782 830 1814 cur?
841 1777 918 1819 288.
926 1780 989 1816 L&
999 1791 1036 1816 2.
1058 1779 1126 1822 ejus

293 1832 452 1867 Canones
473 1830 620 1865 distincti
641 1830 660 1864 a
674 1830 833 1866 Nicaenis.
864 1839 944 1877 329.
959 1841 989 1866 1.
1016 1829 1124 1864 eidem

289 1882 489 1927 praefuerunt
499 1881 647 1916 Romani
658 1881 777 1926 Legati
790 1881 847 1925 qui
859 1882 872 1914 ?
884 1891 902 1927 3
911 1891 996 1926 15-2..
1018 1880 1052 1914 ὅ(
1062 1880 1124 1925 seq.

294 1932 335 1967 ad
347 1931 498 1969 eamdem
508 1941 737 1967 convenerunt
748 1930 904 1975 Episcopi
916 1929 1104 1965 Orientales
1115 1955 1125 1971 ‚

294 1984 329 2017 &
339 1981 581 2018 Occidentales.
595 1992 613 2029 3
623 1981 674 2017 16.
689 1993 716 2019 1·
743 1980 850 2015 eidem
864 1981 1020 2023 Episcopi
1037 1979 1123 2020 Afri,

292 2033 395 2066 etiam
407 2032 438 2066 S.
452 2031 661 2078 Augustinus
670 2031 890 2071 obstiterunt,
903 2032 984 2064 cur?
999 2041 1075 2077 327.
1096 2041 1124 2066 1.

293 2094 367 2117 eam
377 2083 396 2116 ὲ
406 2082 645 2120 conventiculo
657 2080 969 2125 Philippopolitano
988 2079 1123 2123 Episco-

294 2133 328 2176 pi
341 2133 417 2166 Afri
441 2144 512 2167 non
535 2132 611 2167 satis
621 2130 861 2166 distinxerunt.
890 2140 966 2178 327.
993 2140 1026 2166 2.

243 2180 484 2218 Sardicenfium
505 2182 685 2217 Canonum
707 2180 816 2217 hostes
828 2178 969 2214 Photius
980 2204 991 2220 ‚
1017 2178 1122 2214 Auxi-

296 2232 378 2266 lius.
406 2230 487 2278 328.
519 2242 547 2267 1.

242 2282 430 2316 Satisfastio
453 2283 597 2326 peccatis
618 2282 868 2327 proportionata
886 2281 923 2316 fit
938 2304 949 2322 ‚
974 2288 1123 2324 oportet.

246 2342 394 2416 Seliifisgia
402 2341 609 2416 zc'zraecorum
634 2406 645 2421 ,
674 2380 870 2416 inchoatum
892 2381 934 2415 ab
959 2378 1127 2415 Eunucho

294 2429 421 2464 Photio
434 2454 445 2469 ,
471 2430 560 2464 unde
570 2431 753 2474 prodierit?
779 2441 834 2478 92.
862 2443 895 2469 2-

246 2481 338 2516 sena
359 2491 428 2516 vox
450 2481 485 2515 in
498 2480 623 2516 bonam
633 2491 758 2524 partem
770 2482 788 2516 a
801 2480 1017 2516 Tertulliano
1036 2492 1125 2516 acce·

297 2541 351 2574 pta
362 2555 370 2562 .
401 2541 467 2577 115.
494 2542 525 2567 2.

248 2582 355 2618 Servis
365 2581 422 2624 qui
435 2593 495 2625 pro
505 2581 665 2628 Dominis
683 2580 912 2616 Idololatriam
934 2590 1100 2626 patrarunt
1115 2605 1126 2622 ,
1159 2595 1161 2597 ’

300 2631 398 2665 unius
408 2631 645 2674 anniinjunsta
665 2632 874 2677 poenitentia.
902 2641 971 2678 104.
996 2642 1025 2667 1-

249 2683 385 2717 Servum
406 2683 469 2716 esse
489 2680 660 2716 Christum
679 2683 821 2726 respestu
844 2682 911 2716 Dei
943 2681 1050 2716 Patris
1069 2681 1126 2716 alii

299 2731 414 2774 ajunt,
441 2731 497 2765 alii
511 2741 657 2777 negant.
686 2729 767 2780 383.
795 2742 825 2766 2.

250 2781 443 2816 servusDei
456 2781 562 2816 Verbi
584 2793 653 2815 non
675 2782 721 2815 est
733 2780 904 2816 Christus.
931 2778 1014 2830 383.
1043 2793 1074 2819 1.

251 2831 440 2876 Sigillaria,
465 2831 573 2875 quid?
600 2830 679 2868 266.
712 2843 740 2868 1-

252 2882 402 2916 Socrates
415 2883 450 2915 in
461 2877 664 2924 exponendo
674 2881 821 2915 secunda:
841 2881 968 2925 Synodi
980 2879 1125 2916 secundo

302 2930 443 2965 Canone
465 2931 545 2965 saede
567 2929 815 2966 hallucinatur.
846 2942 923 2980 331.
956 2942 984 2967 1.
1010 2932 1126 2966 erroris

301 2982 397 3015 causa
409 2982 585 3025 exponitur
601 3006 608 3012 .
636 2981 714 3015 ibid.
744 2992 775 3014 2.

254 3031 368 3066 Standi
379 3041 452 3065 mos
465 3032 498 3064 in
511 3029 654 3066 Ecclesia
665 3031 723 3066 diu
734 3031 883 3066 obtinuit
895 3056 902 3064 .
929 3030 1008 3079 267.
1038 3042 1077 3068 2.

252 3083 382 3116 stantes
391 3093 450 3116 cur
461 3081 590 3115 Fideles
598 3080 675 3115 dicti
687 3106 694 3113 .
722 3081 801 3116 ibid-

254 3131 468 3167 Subintrostae
489 3130 648 3165 Mulieres
659 3133 752 3175 quae?
778 3141 855 3179 273.
887 3141 913 3166 1.
942 3132 1050 3176 &seq.
1083 3132 1128 3165 vi·

305 3183 347 3216 ris
365 3180 529 3228 fugiendae
548 3193 562 3224 ;
606 3182 755 3216 foeminis
779 3181 1020 3217 subintroducti
1045 3181 1126 3216 viri.

306 3243 329 3268 2
355 3229 385 3269 8-
416 3244 444 3268 1.

257 3243 525 3316 Subiitrodufflo
533 3284 718 3317 contractus
730 3281 775 3316 est
787 3282 1025 3317 innominatus.
1046 3292 1125 3328 239·

309 3339 341 3364 2.
364 3333 478 3376 qualis.
492 3331 572 3366 ibid.
594 3343 635 3367 ex
647 3332 764 3375 Judaeis
775 3332 1067 3377 traxitotiginem.
1083 3332 1126 3365 ib.

307 3378 539 3426 cujusquidem
551 3395 620 3417 non
632 3382 719 3417 mala
739 3382 902 3417 institutio
914 3407 926 3421 ,
952 3383 985 3416 in
1004 3381 1129 3426 pestem

309 3436 419 3461 tamen
433 3432 642 3473 postmodum
652 3433 870 3478 degeneravit.
899 3431 978 3466 ibid.

259 3475 512 3520 subscriptionis
525 3483 559 3515 in
579 3483 756 3518 Sal-dicensi
770 3494 839 3518 non
853 3482 914 3518 fuit
925 3483 1055 3518 exastus
1067 3482 1126 3516 ser-

311 3536 402 3561 vatus
413 3527 515 3562 ordo.
544 3541 618 3578 3¹7-
643 3545 673 3571 2·

1184 229 1422 275 Subscriptores
1433 241 1503 265 non
1514 232 1605 266 fuere
1613 227 1651 265 in
1667 232 1882 273 Satdlcenfis.
1900 238 2049 277 Athana.

1231 281 1317 321 sius,
1343 279 1487 321 Paulus,
1513 279 1714 323 Marcellus,
1738 294 1776 319 ac
1794 286 1938 332 Lucius3
1963 292 2048 325 cur?

1261 343 1273 366 1
1305 356 1311 362 .
1339 342 1371 367 2.

1180 342 1364 422 subirstgnm
1386 380 1524 416 subinde
1546 391 1697 417 naturam
1716 380 1854 418 denotat
1873 411 1881 418 .
1910 396 1988 435 377.
2016 401 2047 427 2.

1181 430 1361 466 Substratio
1383 431 1472 466 unde
1484 431 1593 467 dista?
1620 431 1702 479 256.
1730 442 1759 470 1.
1790 434 2052 474 eratSacramen-

1230 481 1305 516 talis
1317 506 1325 514 .
1351 480 1432 516 ibid.

1179 530 1418 566 Substratorum
1437 531 1611 567 conditio.
1640 533 1719 580 256.
1746 545 1779 571 2-

1178 580 1312 669 ὃγάιέιτί
1339 583 1593 618 consecratiode
1613 582 1746 619 duobus
1755 582 1846 619 vitiis
1866 585 2050 631 arguenda.

1232 641 1246 666 1
1276 658 1284 666 .
1313 643 1344 669 2.

1178 682 1337 726 Symbola
1350 682 1440 726 plura
1461 694 1553 719 erant
1572 695 1628 728 per
1639 684 1815 720 Orientem
1826 708 1838 727 ,
1864 685 1981 732 utique
1993 697 2051 731 per

1226 732 1432 768 Eusebianos
1450 734 1538 769 edita
1552 758 1560 768 .
1597 732 1674 782 185.
1698 746 1725 768 1.

1178 782 1330 826 Symboli
1350 783 1561 820 conditiones
1581 783 1789 821 recensentur
1812 811 1822 819 .
1851 784 1927 835 178.
1964 797 1990 821 1.
2018 798 2049 825 2.

1228 833 1262 867 &
1276 843 1349 881 179.
1380 843 1408 868 1.

1177 882 1328 926 Symboli
1337 884 1489 920 Romana
1501 885 1540 921 ad
1549 886 1685 921 Miffam
1693 884 1883 922 decantatio
1891 886 1936 922 est
1948 887 2050 922 S-Da-

1227 935 1316 968 maso
1338 934 1524 978 antiquior.
1557 947 1633 984 193.
1667 947 1696 973 1.

1178 983 1374 1026 Symbolum
1385 984 1506 1020 Latine
1517 987 1597 1030 quid
1615 986 1778 1032 significet
1789 1011 1796 1019 .
1827 996 1903 1035 177·
1918 998 1949 1025 1-

1178 1033 1375 1077 Symbolum
1385 1034 1429 1069 est
1438 1038 1631 1071 cunstorum
1641 1036 1880 1072 credendorum
1892 1047 2048 1081 compen-

1225 1083 1338 1119 dium.
1372 1095 1448 1132 191-
1479 1098 1506 1123 1.
1532 1087 1733 1132 quandoque
1753 1086 1844 1133 large
1864 1110 1876 1127 ,
1902 1086 2050 1131 quando⁴

1228 1145 1292 1178 que
1311 1134 1447 1169 strictim
1470 1137 1626 1181 accipitur
1644 1163 1652 1170 .
1694 1134 1771 1186 178.
1799 1148 1831 1174 2.
1852 1137 1982 1180 proprie
2003 1135 2051 1170 di-

1228 1184 1371 1232 stumest
1383 1187 1541 1220 confessio
1551 1188 1687 1231 perfecta
1697 1186 1834 1221 verbum
1840 1187 2051 1221 consumans.

1232 1233 1345 1283 178.&
1355 1236 1419 1279 seq.
1433 1237 1538 1271 teneri
1548 1236 1646 1272 debet
1655 1246 1732 1271 ante
1741 1237 1956 1281 Baptismum.
1972 1248 1987 1273 1
1994 1246 2053 1288 91.

1234 1293 1263 1319 1.
1286 1285 1369 1320 olim
1378 1285 1482 1320 verbis
1491 1287 1661 1322 dumtaxat
1671 1287 1851 1328 traditum,
1866 1289 1944 1321 cur?
1974 1287 2051 1322 180-

1230 1343 1251 1365 1-
1278 1336 1297 1370 ὸ,
1328 1335 1487 1379 Synodali
1519 1337 1595 1373 fidei
1627 1337 1825 1373 definitione
1857 1337 2050 1372 secernitur.

1233 1387 1309 1432 178.
1339 1397 1370 1422 2.
1579 1390 1583 1396 ’

1182 1434 1380 1478 Symbolum
1403 1436 1550 1471 nostrum
1571 1437 1617 1472 est
1639 1436 1880 1481 Apostolorum
1912 1434 2053 1479 Symbo⁶

1233 1484 1319 1517 lum.
1351 1483 1426 1523 182.
1450 1498 1480 1522 2.

1184 1530 1383 1574 Symbolum
1393 1535 1438 1566 est
1450 1535 1607 1569 dictatum
1629 1535 1647 1568 a
1669 1535 1790 1578 Spiritu
1803 1535 1942 1575 Sansto‚
1955 1558 1958 1561 Δ
1969 1531 2064 1582 ideo·

1234 1591 1297 1620 que
1308 1582 1431 1621 pollere
1450 1583 1564 1615 divina
1577 1606 1589 1620 ,
1616 1586 1649 1616 &
1661 1585 1836 1618 Canonica
1857 1583 2058 1619 authoritate

1233 1628 1398 1662 affirmant
1420 1629 1516 1663 Ioan:
1541 1630 1734 1672 Caffianus,
1761 1630 1806 1667 D‘.
1823 1632 2058 1678 Augustinus}

1233 1678 1459 1719 multiquealii
1470 1679 1589 1714 Patres.
1606 1679 1682 1718 181.
1701 1693 1729 1718 1·
1755 1682 1840 1717 tradi
1867 1683 1985 1727 scripto
2007 1694 2060 1717 ve-

1234 1729 1298 1762 tuit
1310 1727 1363 1762 lex
1375 1728 1616 1765 Ecclesiastica.
1650 1728 1725 1768 182-
1754 1743 1783 1768 1.
1811 1733 1872 1767 soli
1893 1734 2061 1767 memoriae

1235 1778 1429 1812 tradebatur.
1442 1778 1522 1814 ibid.
1537 1792 1568 1813 2.
1595 1781 1630 1814 &
1644 1779 1764 1828 183.1.
1791 1793 1997 1826 peromnem
2016 1784 2062 1816 vi-

1235 1835 1304 1862 tam
1314 1828 1355 1863 ab
1366 1829 1523 1864 omnibus
1543 1829 1698 1865 fidelibus
1717 1832 1855 1866 firmiter
1864 1831 2064 1867 retinet-ide·-

1235 1877 1299 1912 bet.
1330 1888 1447 1924 191.2.
1476 1881 1707 1925 &frequenter
1717 1882 1864 1916 recitari.
1896 1890 1974 1929 192.
2001 1893 2035 1919 2·

1186 1927 1383 1971 Symbolum
1410 1929 1645 1974 Apostolicum
1657 1955 1669 1972 ‚
1692 1932 1728 1966 δι
1747 1933 1867 1968 Oratio
1879 1932 2063 1967 Dominica

1237 1980 1311 2013 sunt
1324 1979 1436 2013 nostrae
1448 1980 1524 2015 fidei
1539 2004 1549 2020 ,
1569 1982 1636 2025 spei
1651 2005 1663 2022 ‚
1681 1981 1715 2015 &
1727 1980 1897 2017 charitatis
1906 1994 2063 2026 compen·
2111 2000 2114 2005 ·

1237 2029 1309 2063 dia.
1341 2039 1416 2076 192.
1447 2041 1474 2066 1.
1502 2031 1567 2064 fine
1590 2031 1733 2075 ipsorum
1755 2032 1875 2067 notitia
1895 2043 1996 2067 nemo
2014 2031 2062 2067 est

1237 2078 1444 2114 Christianus
1463 2105 1475 2122 ‚
1503 2092 1603 2115 nemo
1623 2090 1718 2125 aptus
1737 2082 1798 2117 ulli
1824 2084 2037 2117 Sacramento
2050 2107 2062 2123 ,

1237 2129 1465 2174 nemodignus
1477 2131 1702 2165 Ecclefiastica
1714 2131 1894 2175 sepulturas.
1925 2143 2004 2177 192-
2027 2144 2060 2169 2·

1237 2191 1335 2223 quare
1360 2177 1516 2224 Apostoli
1540 2192 1609 2215 non
1633 2180 1794 2216 tradidere
1814 2182 1955 2225 scripto,
1981 2184 2062 2226 quta-¹

1238 2229 1342 2264 modo
1353 2231 1540 2265 orationem
1551 2231 1771 2265 Dominicam
1784 2256 1791 2264 .
1822 2229 1899 2268 180.
1930 2243 1959 2267 1.

1187 2279 1386 2323 Symbolum
1400 2280 1632 2324 Apostolicum
1642 2281 1865 2317 additamenta
1877 2306 1889 2322 ,
1914 2282 1950 2316 &
1963 2282 2063 2315 varia-

1237 2329 1490 2365 tioneshabuit.
1523 2329 1598 2378 189.
1627 2344 1647 2365 ι.
1676 2344 1708 2368 2.
1735 2333 1768 2366 &
1789 2333 1851 2375 seq.
1878 2331 1986 2367 solum
1998 2332 2065 2366 col·

1236 2379 1319 2414 latio
1341 2381 1417 2414 fuit.
1449 2378 1524 2428 178.
1555 2393 1586 2417 1.
1763 2404 1769 2410 -.
2056 2382 2059 2389 “

1188 2429 1388 2473 Symbolum
1413 2430 1828 2477 Constantinopolitanu'm
1840 2432 1883 2467 'in
1897 2432 2005 2477 primo
2019 2433 2065 2466 in-

1238 2480 1343 2525 gressu
1359 2482 1391 2514 in
1404 2481 1578 2525 Synodum
1588 2484 1814 2526 compositum.
1831 2493 1942 2531 3552-
1970 2482 1988 2516 ὲ
1999 2483 2066 2517 Da-

1237 2530 1327 2564 maso
1338 2533 1580 2566 confirmatum.
1595 2532 1672 2580 363.
1689 2544 1718 2568 1.
1748 2533 1889 2567 Ecclesia
1908 2541 1945 2565 ut
1960 2531 2065 2564 Evan-

1237 2581 1365 2625 gelium
1375 2581 1421 2615 est
1433 2591 1581 2616 venerata
1595 2607 1602 2614 .
1633 2582 1712 2630 366.
1743 2593 1773 2618 1.
1798 2582 1868 2616 fuse
1886 2581 2065 2624 exponitur

1237 2642 1314 2664 cum
1322 2632 1474 2665 omnium
1485 2630 1639 2665 haeresum
1649 2632 1818 2665 relatione.
1823 2641 1901 2679 347.
1908 2631 1968 2667 L&
1976 2632 2063 2677 seqq.

1237 2681 1272 2714 in
1285 2681 1382 2715 Missa
1393 2680 1687 2723 coepitdecantari‚
1712 2681 1796 2715 cur?
1824 2680 1900 2728 396.
1931 2692 1959 2717 1.
2049 2681 2056 2689 “

1187 2729 1385 2774 Symbolum
1407 2731 1579 2765 Nicaenum
1590 2730 1631 2765 ab
1643 2729 1818 2765 Eutichete
1838 2739 2042 2775 acceptatum
2055 2756 2063 2763 .

1239 2790 1317 2829 395.
1329 2792 1361 2818 2·
1388 2792 1456 2816 non
1470 2781 1702 2825 Apostolicum
1723 2779 1835 2815 Patres
1846 2781 1952 2815 Graeci
1963 2792 2063 2825 expo·

1238 2831 1373 2865 suerunt
1385 2856 1393 2863 .
1423 2828 1500 2878 184.
1528 2842 1558 2868 2.
2040 2833 2056 2864 .“

1189 2879 1386 2925 Symbolum
1398 2879 1628 2925 Apostolicum
1642 2905 1652 2922 ,
1664 2881 1892 2921 Nicer-num&
1903 2880 2064 2916 Constan-

1237 2931 1499 2976 tinopolitanum
1509 2931 1702 2971 substantia,
1711 2931 1745 2965 ὅς
1756 2931 1975 2966 fundamento
1987 2933 2063 2966 sunt

1237 2992 1367 3022 unum,
1393 2982 1426 3015 ὅ(
1446 2981 1556 3015 idem.
1582 2979 1653 3029 183.
1681 2993 1711 3018 2.
2047 2984 2051 2990 “

1190 3030 1388 3075 Symbolum
1409 3032 1533 3075 semper
1556 3032 1620 3066 fuit
1638 3033 1788 3067 exaaum
1799 3031 1841 3067 ab
1854 3030 2062 3066 haereticisad

1240 3081 1415 3116 Ecclesiam
1429 3081 1658 3116 redeuntibus.
1684 3080 1754 3130 183.
1775 3095 1809 3120 2.
1834 3094 1876 3117 an
1887 3081 2063 3118 eidem-ali-

1238 3131 1319 3175 quid
1338 3131 1414 3166 addi
1428 3131 1546 3175 poffit?
1574 3132 1650 3181 363.
1679 3144 1710 3170 2.

1189 3181 1387 3225 Symbolum
1397 3180 1630 3225 Apostolicum
1654 3183 1689 3216 in
1702 3183 1894 3226 Baptismo,
1920 3184 1954 3218 in
1967 3181 2062 3215 variis

1239 3232 1310 3277 aliis
1321 3231 1445 3266 astibus
1457 3231 2062 3277 Constantinopolitanum‚&quidem

1240 3292 1317 3315 cum
1339 3281 1464 3368 Pii81V.
1486 3281 1663 3317 Pontificis
1684 3282 1914 3318 additamentis
1932 3281 2063 3325 profite-

1241 3341 1336 3366 mur.
1367 3342 1383 3368 1
1412 3330 1444 3368 6.
1470 3343 1491 3366 1.

1193 3382 1320 3424 Synodi
1331 3381 1425 3415 varia:
1434 3381 1475 3418 ab
1487 3382 1596 3417 Hosio
1606 3382 1771 3428 Episcopo
1790 3379 1995 3416 Cordubensi
2008 3378 2031 3415 h
2053 3400 2064 3407 -

1243 3431 1334 3465 bitae.
1365 3443 1440 3480 157.
1473 3443 1503 3468 1.
1528 3434 1562 3467 &
1578 3431 1653 3479 158-
1684 3445 1715 3469 2·

1194 3482 1321 3524 Synodi
1333 3482 1493 3525 responsio
1503 3483 1587 3517 circa
1596 3483 1788 3517 elestionem
1800 3480 2065 3518 Athanafii.26.1.

1244 3530 1402 3575 juditium
1438 3532 1478 3569 ad
1501 3532 1704 3578 dogmaticas
1735 3532 1948 3568 definitiones
1971 3532 2067 3575 perti·

1936 3593 2018 3616 nens
