2346 3776
586 116 1035 169 D1ssssnTAT1o

41 199 143 235 Hffres·
165 203 313 247 Euzojo‚
338 212 422 237 tunc
440 195 633 233 Antiochiae
655 194 868 237 patriarcha,
893 197 1031 231 affirmat

18 253 141 281 73·C·²3·

21 715 84 754 Lib.
116 727 140 745 2.

21 765 139 793 cap.31.

18 804 64 833 35·
77 800 122 831 36.

165 256 295 288 sanstus
304 250 508 296 Epiphanius
517 273 529 289 ‚
554 247 739 292 adjungens
749 247 783 281 &
792 246 861 290 ejus
873 245 984 280 turbas
995 247 1030 280 in

162 303 336 338 Selucienfi
346 299 493 344 Synodo.
519 299 620 332 Hanc
641 297 779 331 divisam
797 296 891 331 fuiffe
904 294 939 329 in
951 296 1031 330 duas

163 355 192 387 F
193 354 332 387 affiofiae
342 374 354 390 ,
379 360 417 383 ac
428 349 568 392 ipsarum
577 348 689 381 Duces
701 347 794 381 fuisse
820 345 908 380 hunc
931 346 1032 381 Geor-

151 404 253 448 ·gium
265 425 278 442 ‚
290 401 323 434 ἀ
335 397 499 433 Acacium
511 398 655 432 Luscum
666 423 677 438 ,
704 397 944 430 Caesaraeensem
956 397 1031 440 Epi-

160 454 295 494 scopum
305 474 317 490 ,
342 449 512 484 Palestinae
525 447 777 491 Metropolitam
789 471 800 487 ,
820 445 964 481 scribunt
975 447 1031 481 So-

159 509 263 536 crates
273 524 284 539 ,
311 511 349 534 ac
372 499 529 533 Hermias
547 498 764 534 Zozomenus.
792 495 940 540 Ipsorum
958 496 1030 530 istic

158 550 327 584 sceleratas
337 559 421 583 artes
432 549 572 593 exponit
583 549 620 582 in
642 547 728 582 libro
749 545 791 581 de
811 546 871 580 ista
892 546 1029 589 Synodo

158 601 285 634 sanstus
292 597 491 633 Athanasius
503 624 514 640 ‚
536 600 570 633 ὅ(
583 597 751 642 adjungit:
770 599 913 640 Georgius
925 608 961 630 ex
973 607 1030 630 ter-

156 661 261 683 rarum
271 649 339 682 orbe
350 649 482 682 abauus.
521 649 653 693 Utique
666 646 711 682 ob
722 647 842 680 fastam
851 647 870 680 a
880 646 1029 690 pluribus

157 699 301 743 Synodis
310 699 569 734 damnationem.
596 700 746 734 Socrates
765 695 858 733 addit
879 697 973 730 fuisse
984 697 1031 730 vi-

157 761 232 783 rum
242 750 432 793 imperitum
444 762 482 784 ac
494 750 606 783 rudem
620 771 631 788 ,
653 759 691 782 ac
704 748 767 780 suae
778 756 949 788 vertumne
958 747 1031 780 Do-

157 799 266 835 &rina
275 800 415 834 versatili
429 798 640 833 instabilitate
650 796 771 832 dediffe
788 797 918 839 utrique
928 795 1030 839 Apol-

157 849 278 885 linario
289 850 380 882 ansas
391 860 476 890 nove
486 849 625 891 Heresis.
634 846 863 891 Apollinarius
871 846 961 880 enim
972 846 1031 880 Pa-

155 909 206 934 ter
216 923 228 939 ,
252 898 320 941 ejus
330 897 501 940 Presbyter
511 899 546 933 &
568 899 603 932 in
626 897 829 941 Episcopatu
851 896 1008 931 successor
1018 920 1029 936 ‚

155 948 245 985 filius
255 948 319 981 fuit
330 947 399 991 ejus
409 949 536 985 Lestor.
563 948 695 982 Sanstus
703 945 903 982 Athanasius
915 971 926 986 ,
949 946 1028 981 dum

152 1009 212 1044 per
220 997 445 1035 Sardicensem
457 998 632 1042 synodum
652 1007 817 1041 reparatus
837 996 934 1031 rediit
954 996 1031 1031 Ale-

153 1047 328 1083 xandriam
339 1048 461 1084 transiit
472 1060 528 1092 per
538 1048 745 1083 Laodicaeam
757 1072 767 1088 ,
778 1059 816 1082 ac
828 1048 933 1091 ipsum
946 1048 1031 1080 sum-

153 1110 214 1133 mo
223 1109 301 1132 cum
313 1098 440 1133 honore
452 1099 581 1142 excepit
591 1098 766 1141 Presbyter
777 1096 1008 1141 Apollinarius
1018 1119 1028 1135 ‚

154 1149 204 1182 vir
216 1149 315 1183 senex
326 1172 340 1189 2
350 1147 521 1193 infigniter
533 1148 680 1182 eruditus
692 1172 702 1188 ,
716 1159 754 1183 ac
767 1146 841 1181 vere
850 1145 956 1181 adhuc
968 1146 1030 1180 Or-

153 1197 333 1232 thodoxus:
341 1198 501 1233 Debitam
511 1197 724 1233 reverentiam
737 1197 855 1232 detulit
865 1195 1031 1233 Sardicen-

153 1248 177 1282 fi
190 1247 357 1282 Concilio.
387 1246 513 1282 Verum
525 1247 696 1282 abeodem
718 1245 875 1280 Concilio
898 1245 1032 1279 damna-

154 1307 208 1331 tus
222 1322 231 1336 ,
244 1298 276 1331 ὅτ.
287 1295 502 1330 S-Athanafio
514 1295 712 1336 inveteratus
725 1293 839 1334 hostis,
851 1293 1031 1338 Episcopus

154 1347 320 1392 Georgius
340 1345 418 1379 tulit
436 1342 504 1378 haec
525 1343 748 1389 indignissime
767 1367 778 1383 ,
802 1344 836 1378 &
856 1353 1031 1387 utrumque

152 1389 414 1440 Apollinarium,
426 1394 475 1428 uti
489 1392 702 1436 Antiocheae
714 1393 842 1437 Synodi
851 1394 885 1429 &
897 1395 946 1427 sui
960 1395 1030 1428 Do-

152 1445 274 1491 gmatis
286 1445 543 1489 praevaricatores
553 1469 563 1486 ‚
588 1444 683 1487 ejecit
695 1455 737 1478 ex
748 1443 900 1478 Ecclesia.
930 1445 1029 1478 Hanc

153 1496 206 1530 illi
219 1495 373 1539 injuriam
384 1519 396 1535 ‚
414 1495 586 1538 praesertim
596 1493 687 1539 quod
697 1493 739 1529 ab
750 1492 889 1529 homine
901 1492 1031 1536 imperi-

152 1554 192 1579 to
203 1555 388 1589 paterentur
400 1569 411 1586 ‚
438 1555 506 1579 non
518 1545 663 1579 valentes
674 1544 804 1578 sufferre
816 1567 827 1583 ‚
853 1544 890 1579 in
903 1555 1029 1577 novum

152 1596 290 1640 Dogma
312 1594 513 1630 aberrarunt.
539 1594 591 1628 Ira
614 1594 675 1628 viri
694 1593 853 1639 justitiam
877 1593 944 1627 Dei
957 1605 1028 1628 non

151 1655 317 1690 operatur.
347 1646 428 1681 Haec
439 1646 498 1679 suo
510 1644 587 1679 loco
599 1644 697 1681 latius
708 1653 928 1687 exponentur.

190 1696 247 1730 De
257 1696 412 1739 Carpona
425 1696 550 1729 sancius
560 1694 648 1739 Papa
659 1694 763 1738 Julius
775 1692 841 1730 haec
853 1694 975 1737 scripsit
988 1693 1028 1728 ad

154 1742 409 1780 Antiochenam
419 1745 603 1787 Eusebiane
614 1744 765 1780 fastionis
771 1744 1030 1787 synodum:Non

152 1801 246 1839 igitur
257 1797 276 1827 ἂ
287 1795 374 1827 nobis
381 1797 581 1837 vilipenditur
591 1799 723 1828 Nicaena
744 1795 873 1833 synodus
892 1818 902 1833 ,
923 1793 982 1837 Jed
990 1794 1028 1827 ab

153 1846 218 1878 illis
229 1869 240 1884 ‚
268 1851 319 1887 qui
330 1852 437 1887 quovis
447 1846 571 1879 modo&
581 1846 688 1878 temere*
709 1848 833 1877 Arianos
843 1868 853 1884 ‚
878 1843 916 1875 ab
940 1850 1031 1876 omni-

154 1893 212 1927 bus
222 1896 431 1929 condemnatos
445 1919 456 1935 ,
465 1897 568 1929 contri?
577 1894 760 1939 sententiam
772 1906 870 1930 eorum
883 1919 893 1938 ,
905 1900 956 1938 qui
965 1905 1030 1928 cau-

149 1942 220 1987 sam
225 1945 446 1985 judicaverunt
458 1969 468 1984 ,
493 1952 639 1987 recipiunt
647 1972 657 1988 ‚
668 1959 791 1989 quorum
797 1949 935 1990 plerique
942 1946 1029 1990 soluti

148 1997 220 2036 ⁸iam
231 1996 251 2026 ἆ
260 2003 375 2036 corpore
383 2006 449 2028 cum
460 1995 574 2036 christo
587 2003 699 2030 vivunt
711 2021 721 2036 ‚
741 1998 796 2030 alii
807 1997 905 2029 adhuc
915 2003 948 2029 in
961 2003 1030 2030 vita

154 2054 311 2078 manentes
322 2045 444 2088 indigne
449 2045 558 2086 ferunt
565 2044 591 2088 s
584 2059 623 2078 ua
625 2049 746 2087 judicia
765 2049 785 2079 ἃ
794 2045 974 2089 quibusdam
984 2058 1030 2078 re-

147 2091 257 2136 stindi.
271 2098 342 2127 Haec
350 2101 396 2128 ita
407 2095 458 2138 effe
469 2107 506 2128 ex
516 2103 564 2136 iis,
577 2107 644 2138 quae
657 2098 855 2130 Alexandrtae
864 2097 934 2129 alla
941 2094 1028 2139 sunt,

150 2143 413 2185 deprehendimus.
440 2149 528 2178 Nam
549 2152 705 2187 Carponas
727 2148 854 2188 quidam
868 2170 877 2186 ,
903 2146 941 2179 ab
965 2147 1050 2179 Ale-'

151 2194 273 2226 euandro
284 2193 471 2229 Patriarcha
485 2196 518 2227 ob
535 2200 680 2229 Arianam
698 2195 829 2238 haerefim
854 2194 1030 2238 quibusdam

154 2243 224 2276 aliis
235 2241 367 2286 ejusdem
379 2251 512 2277 criminis
524 2251 584 2279 reis
602 2248 670 2279 olim
686 2247 819 2287 eiec‘lus,
836 2244 902 2279 'buc
921 2247 965 2278 ad
976 2257 1027 2278 nos

155 2299 252 2332 venit,
263 2294 360 2335 mtffics
371 2296 391 2325 ἃ
403 2298 549 2338 Gregorio.
563 2295 778 2330 Antiochena
788 2296 942 2339 Synodus
953 2295 1027 2338 Ty-

152 2343 206 2376 τίω
216 2342 342 2386 Synodi
355 2343 396 2378 de
409 2345 438 2377 S.
452 2344 637 2380 Athanafio
649 2345 843 2380 inchoatum
858 2346 1028 2389 Iudicium

153 2392 352 2436 expleverat,
363 2394 595 2438 degradaverat
608 2397 726 2439 ipsum,
736 2407 773 2430 ac
787 2396 855 2439 ejus
868 2397 903 2429 in
916 2396 1028 2429 locum

154 2439 328 2476 intruserat
345 2444 546 2488 Gregorium
569 2445 811 2490 Cappadocem.
839 2446 883 2479 Et
906 2445 947 2478 ab
965 2446 1029 2478 illis

153 2490 323 2525 violentiis
335 2493 481 2528 Romam
489 2496 654 2539 appellans
666 2495 863 2529 Athanasius
875 2497 977 2529 fuerat
986 2506 1030 2528 re-

154 2541 277 2584 positus
287 2542 324 2574 in
333 2542 482 2576 Gradum
493 2569 503 2584 ‚
530 2557 567 2578 ac
578 2546 676 2588 plena
687 2557 765 2579 cum
778 2545 1029 2579 Communione

152 2590 299 2625 remissus
310 2590 345 2624 in
359 2593 450 2627 suam
463 2592 670 2629 Cathedram.
698 2596 779 2629 Hoc
790 2596 924 2629 factioni
939 2593 1030 2628 vehe-

153 2650 281 2674 menter
291 2640 458 2684 displicuit
470 2668 480 2683 ‚
492 2644 527 2678 &
538 2644 625 2686 Julio
638 2646 782 2689 Legatos
794 2645 849 2679 illa
863 2645 946 2679 misit
956 2670 966 2685 ‚
977 2656 1031 2678 ex-

154 2690 319 2734 posituros
329 2690 395 2726 haec
406 2694 581 2737 sequentia.
603 2694 718 2728 Primo
727 2719 738 2735 ,
748 2695 840 2739 quod
849 2696 883 2729 &
892 2696 910 2729 a
922 2695 1029 2737 Tyria

153 2740 189 2774 δε
201 2739 244 2773 ab
256 2738 469 2777 Antiochena
479 2743 616 2787 Synodo
628 2743 824 2779 Athanasius
836 2746 944 2779 fuislet
964 2745 1029 2788 ple-

153 2789 197 2824 ne
206 2789 390 2824 damnatus.
427 2791 577 2828 Secunde>
586 2819 597 2834 ,
628 2794 718 2838 quod
730 2796 863 2839 quintus
874 2796 909 2828 N
912 2794 1029 2828 icaenus

154 2839 276 2874 Canon
292 2841 443 2875 sanxiffet
453 2843 632 2885 Synodales
644 2845 764 2888 Episco
767 2857 884 2889 porum
894 2845 969 2879 dam
975 2857 1031 2878 na-

153 2890 264 2923 tiones
274 2891 338 2924 esse
348 2890 603 2934 inappellabiles‚
613 2905 676 2928 nec
688 2895 775 2937 posse
787 2895 933 2929 rescindi.
948 2894 1030 2928 Ter-

154 2939 227 2981 tio,
245 2938 660 2984 Athanafiireparationem
670 2942 722 2978 his
735 2945 891 2979 adversari
906 2971 915 2986 ,
942 2945 1031 2979 ideo-

156 3001 223 3033 que
231 2989 352 3024 nullius
363 2991 425 3024 esse
439 2991 597 3034 ponderis.
618 2994 700 3027 Haec
714 2995 829 3039 Legati
843 2996 860 3028 a
873 2995 960 3039 Julio
974 3007 1030 3038 po-

155 3048 262 3073 tenter
272 3041 308 3074 ὅ(
319 3040 523 3075 confidenter
532 3043 789 3085 expostulabant.
818 3046 863 3078 Et
885 3044 991 3079 Alexa
997 3056 1033 3077 n-

157 3088 255 3123 drinae
264 3088 434 3124 Cathedrae
444 3091 587 3125 intrusus
598 3092 777 3136 Gregorius
788 3094 915 3128 addidit
935 3096 1030 3128 suum

158 3137 322 3184 Legatum
332 3165 343 3180 ,
370 3140 559 3184 Carponam
582 3141 821 3185 Presbyterum.
850 3145 974 3178 Verum
989 3145 1030 3178 ad

159 3187 266 3223 haec&
280 3189 470 3234 indignatus
481 3191 526 3224 est
551 3191 655 3234 Julius
669 3216 679 3232 ‚
705 3193 738 3226 &
757 3194 832 3226 risit.
861 3194 1030 3228 Romanas

159 3240 395 3281 appellationes
414 3241 582 3285 infigniter
604 3241 754 3275 defendit
775 3268 788 3283 ,
813 3242 1030 3278 Athanasium

158 3286 388 3329 demonstravit
401 3290 547 3335 legitime
558 3301 740 3334 reparatum
750 3317 760 3332 ‚
780 3293 923 3336 itemque
936 3295 1030 3336 Nice-

160 3347 223 3370 nos
235 3338 389 3374 Canones
409 3342 442 3375 ὃ(
466 3341 727 3375 Provincialium
745 3342 956 3385 Synodorum
978 3355 1034 3376 au-

161 3386 343 3422 steritatem
354 3401 422 3423 non
433 3390 451 3424 a
463 3392 495 3424 se
506 3391 586 3424 solvi
597 3401 653 3425 aut
672 3391 779 3434 sperni
793 3416 801 3430 ,
828 3392 881 3425 sed
903 3394 946 3426 ab
968 3394 1032 3435 Ipsa

162 3435 344 3470 Eusebiana
355 3440 505 3474 fafflone.
520 3441 563 3474 Et
574 3441 706 3484 quidem
719 3441 887 3475 horrende.
909 3442 1033 3485 Adjnn-

166 3484 215 3520 xit
226 3486 384 3528 Exempla
397 3501 463 3522 non
476 3490 493 3522 e
505 3490 690 3534 longinquo
702 3491 869 3535 quaerenda
886 3517 896 3532 ,
909 3492 961 3527 sed
971 3495 1047 3528 effe·

265 3536 379 3579 Diffi’rt.
395 3540 516 3571 Prooem.
529 3543 642 3574 Tomi.
1043 3522 1049 3568 ¹

1083 115 1504 167 PRotnmrAms.
1913 135 1958 183 65

1091 197 1133 232 ad
1145 208 1280 231 manum
1290 197 1327 230 in
1347 195 1421 240 ipsis
1441 191 1588 240 Legatis.
1615 194 1751 231 Etenim
1770 199 1940 245 Carponas
1948 225 1961 243 ,

1090 248 1109 282 a
1120 248 1148 281 S.
1161 246 1346 282 Patriarcha
1357 245 1547 280 Alexandro
1558 245 1731 280 damnatus
1741 247 1786 281 ob
1797 247 1936 286 haerefim
1949 276 1960 293 ‚

1090 309 1128 332 ac
1140 309 1195 341 per
1205 297 1331 331 nullam
1342 295 1514 339 Synodum
1524 307 1687 340 reparatus
1698 320 1710 337 ‚
1736 297 1769 331 se
1776 297 1961 335 ostentabat

1090 359 1150 391 pro
1161 348 1290 392 integro
1301 345 1499 389 Presbytero
1514 359 1520 389 ς
1532 347 1576 380 Et
1587 346 1722 390 quidem
1732 358 1846 381 coram
1854 350 1962 383 ocufis

1090 398 1192 432 totius
1203 397 1364 431 Romanae
1373 395 1520 431 Ecclefiae
1531 421 1538 428 .
1565 397 1650 444 Qxae
1671 396 1807 431 audacia
1819 409 1889 432 non
1900 398 1963 431 soli

1090 447 1228 490 Synodo
1240 447 1268 480 S.
1281 445 1486 487 Alexandri,
1513 458 1575 480 nec
1600 446 1772 482 dumtaxat
1793 447 1941 482 Nicaenis
1949 472 1960 488 ,

1090 496 1144 531 sed
1156 498 1284 544 insuper
1303 495 1506 540 Apostolicis
1528 496 1726 532 Canonibus
1743 507 1891 541 patenter
1908 497 1965 532 ad·

1090 546 1282 581 versabatur.
1310 547 1362 580 Ex
1373 545 1492 590 quibus
1503 546 1591 580 lucet
1602 546 1828 590 impudentem
1849 560 1886 582 ac
1905 548 1965 581 im-

1090 598 1181 640 pium
1195 597 1384 640 Carponam
1397 596 1598 639 permansisse
1611 596 1829 638 Asianum,&
1838 599 1965 632 intruso

1090 647 1254 693 Gregorio
1262 646 1411 681 adversus
1422 644 1637 680 Athanasium
1650 645 1966 686 adhaefisseRomam

1089 698 1181 731 venit
1191 708 1260 731 non
1272 696 1314 731 ab
1323 694 1538 731 Antiochena
1557 696 1695 739 Synodo
1717 697 1860 741 Legatus
1873 722 1882 737 ‚
1910 697 1965 731 sed

1089 747 1107 780 a
1119 747 1191 781 solo
1204 747 1375 791 Gregorio.
1403 745 1507 780 Venit
1529 744 1607 780 huic
1634 744 1862 789 Apostolicam
1889 747 1966 789 Epi-

1089 797 1238 840 scopatus
1249 796 1548 832 Confirmationem
1560 796 1802 838 impetraturus.
1832 797 1884 829 Ex
1896 808 1964 839 quo

1090 846 1179 879 vides
1190 845 1275 880 hanc
1298 846 1595 881 Confirmationem
1621 844 1818 881 Patriarchis
1840 847 1965 889 semper

1090 896 1183 930 fuiffe
1193 897 1409 930 necessariam.
1436 897 1480 931 Et
1498 897 1586 940 ipsos
1595 897 1696 931 etiam
1708 894 1853 942 Arianos
1863 897 1966 940 usque

1090 945 1131 980 ad
1143 944 1483 989 Philippopolitanum
1495 946 1776 990 Conventiculum
1799 947 1845 980 ita
1864 945 1967 980 credi-

1089 994 1169 1030 disse
1179 1006 1277 1039 atque
1290 996 1397 1040 egisse.
1423 996 1505 1047 Qlo
1531 996 1642 1042 postea
1661 997 1799 1032 evaserit
1822 1001 1964 1041 nequam

1091 1045 1263 1089 Carponas
1272 1071 1283 1087 ‚
1309 1046 1439 1090 ignoro.

1139 1095 1297 1130 Pontifex
1316 1095 1420 1138 Julius
1442 1094 1508 1129 haec
1521 1097 1635 1129 omnia
1645 1097 1853 1131 confirmavit
1862 1097 1965 1131 etiam

1091 1155 1145 1188 per
1155 1145 1326 1180 audaciam
1337 1154 1496 1188 patratam
1510 1146 1545 1179 in
1556 1144 1647 1179 Pisto
1661 1158 1668 1177 :
1694 1149 1736 1179 Id
1743 1146 1842 1188 ipficm
1853 1158 1966 1188 quoque

1090 1206 1128 1227 ex
1140 1198 1272 1228 Macar-io
1284 1195 1456 1233 Presbytero
1466 1220 1476 1235 ,
1499 1197 1534 1229 (5
1546 1198 1687 1234 Martyria
1698 1208 1733 1229 ac
1743 1195 1881 1239 Hesjcbio
1891 1200 1967 1229 Dia-

1089 1248 1168 1277 conis
1181 1269 1192 1285 ‚
1211 1245 1401 1279 Eusebianae
1411 1246 1439 1279 F
1440 1245 1580 1279 astionis
1589 1258 1627 1280 ac
1638 1245 1753 1289 Tyriae
1763 1246 1891 1289 Synodi
1904 1247 1967 1281 Le-

1092 1295 1177 1339 gatis
1189 1319 1198 1334 ‚
1209 1297 1369 1328 didicimus
1379 1320 1389 1335 ‚
1400 1301 1473 1338 qui,
1497 1306 1659 1338 antequam
1662 1300 1695 1341 J
1697 1298 1791 1329 udicio
1795 1295 1831 1340 se
1833 1296 1967 1339 fisterent

1093 1344 1245 1387 Athanasii
1256 1346 1425 1384 Presbyteri
1436 1370 1446 1385 ,
1457 1346 1593 1379 auc¹lores
1605 1345 1823 1387 noblsfuerunt
1834 1371 1845 1388 ,
1856 1356 1890 1379 ut
1902 1348 1969 1380 Ale-

1093 1397 1257 1428 xandriam
1272 1395 1468 1438 scriberemus
1487 1398 1606 1429 cuidam
1625 1395 1702 1436 Pisto
1723 1420 1734 1436 ,
1760 1408 1817 1439 quo
1838 1405 1968 1438 tempore

1092 1452 1183 1478 etiam
1195 1445 1371 1487 Athanafius
1383 1448 1414 1477 E
1410 1444 1549 1488 pifi·opus
1561 1447 1759 1479 Alexandria?
1777 1445 1964 1488 verfhbatur.

1093 1499 1179 1528 Hunc
1187 1504 1287 1529 autem
1298 1494 1409 1534 Pistum
1421 1495 1574 1537 Athanafii
1582 1495 1750 1534 Presbyteri
1753 1493 1970 1537 supervenien-

1092 1555 1137 1590 tes
1150 1548 1309 1578 docuerunt
1321 1546 1372 1588 effe
1384 1549 1530 1579 Arianum
1539 1571 1550 1587 ‚
1575 1557 1610 1578 ac
1628 1557 1660 1580 eo
1681 1551 1796 1579 nomine
1809 1547 1843 1580 &
1852 1546 1891 1579 ab
1903 1547 1970 1580 Ale·

1092 1596 1208 1628 xandro
1220 1597 1253 1629 (9⁶
1265 1598 1284 1627 ᾱ
1298 1600 1333 1628 N
1334 1601 1428 1628 icaena
1439 1597 1549 1634 synodo
1558 1596 1684 1637 ejea'lum
1693 1621 1704 1638 ,
1718 1598 1907 1640 gradumque
1914 1595 1968 1640 sui

1092 1647 1216 1678 Ordinis
1232 1647 1252 1679 ἃ
1261 1647 1389 1688 quodam
1402 1648 1423 1679 5
1423 1648 1532 1680 ecundo
1543 1671 1552 1687 ,
1571 1659 1659 1690 quem
1668 1658 1779 1690 magna
1790 1648 1920 1686 synodus
1930 1656 1970 1681 ut

1094 1700 1240 1730 arianum
1251 1699 1395 1736 reiecerat
1402 1723 1413 1738 ,
1439 1699 1581 1741 accepiffe.
1609 1702 1668 1730 His
1679 1700 1752 1731 verb
1763 1708 1816 1731 nec
1828 1701 1968 1736 Martyris

1091 1749 1210 1789 quidem
1216 1746 1335 1790 fhdales
1343 1748 1585 1782 contradicebant
1598 1772 1609 1788 ‚
1635 1759 1728 1790 neque
1740 1747 1855 1788 Pistum
1875 1749 1896 1780 ἃ
1917 1749 1970 1780 Se-

1092 1799 1185 1830 cundo
1187 1797 1276 1841 fufffi
1286 1798 1470 1838 constitutum
1481 1798 1639 1842 negabant.
1668 1799 1788 1831 Videas
1807 1804 1900 1842 igitur
1918 1797 1971 1831 vel

1092 1859 1129 1880 ex
1140 1846 1195 1880 hac
1204 1847 1297 1891 causa
1306 1873 1318 1888 ,
1342 1855 1394 1890 qui
1400 1850 1501 1890 potius
1514 1855 1547 1881 in
1556 1850 1644 1891 culpa
1654 1847 1786 1881 habendi
1788 1847 1851 1889 fint
1864 1872 1874 1888 ,
1902 1859 1969 1880 nos-

1093 1899 1132 1931 ne
1140 1903 1190 1939 qui
1195 1896 1373 1940 persuaderi
1384 1910 1442 1931 non
1448 1892 1600 1940 potuii'nus
1611 1923 1622 1939 ‚
1647 1907 1681 1931 ut
1692 1902 1803 1931 Ariana
1817 1897 1895 1938 Pisto
1905 1899 1970 1931 lite-

1091 1946 1347 1991 fassi-riheremus
1356 1974 1367 1990 ,
1393 1959 1434 1981 am
1444 1951 1488 1982 illi
1499 1955 1550 1991 qui
1561 1948 1635 1981 mihi
1646 1947 1791 1990 confilium
1802 1948 1951 1981 dederunt
1960 1972 1972 1989 ‚

1091 2008 1125 2032 ut
1135 2007 1297 2041 contempto
1308 2010 1415 2042 magno
1425 2001 1552 2032 Concilio
1561 2023 1571 2039 ,
1596 2001 1641 2031 ad
1655 2004 1760 2039 impios
1783 2000 1947 2031 Haereticos
1955 2021 1970 2038 ,

1092 2050 1187 2082 veluti
1195 2050 1311 2090 adpios
1322 2048 1454 2082 homines
1466 2073 1476 2088 ‚
1503 2051 1608 2082 literas
1620 2050 1734 2080 darem.
1762 2049 1853 2081 Certe*
1866 2051 1971 2080 Maca-

1090 2104 1154 2131 rius
1169 2099 1325 2138 Presbyren
1336 2122 1347 2138 ‚
1366 2109 1430 2131 cum
1442 2102 1574 2142 Legatus
1585 2100 1604 2130 ᾰ
1618 2096 1862 2131 Nicomediensi
1875 2096 1972 2140 Euse-

1091 2149 1139 2181 bio
1148 2158 1292 2188 venerat,
1315 2148 1365 2181 ubi
1383 2150 1506 2182 audivit
1529 2146 1681 2189 Athanafii
1694 2147 1880 2186 Presbyteros
1893 2146 1972 2188 Pisto

1090 2198 1215 2241 obfistere
1226 2224 1236 2239 ,
1256 2197 1363 2242 nosque
1372 2201 1439 2240 ejus
1447 2197 1643 2241 praesentiam
1653 2209 1713 2230 non
1721 2199 1881 2231 admittere
1889 2223 1899 2238 ,
1908 2199 1974 2231 und

1090 2261 1155 2281 cum
1167 2250 1351 2287 Martyria&
1362 2247 1498 2291 Hefirchio
1508 2273 1517 2288 ‚
1544 2254 1686 2291 quamvis
1702 2253 1799 2291 gravi
1819 2249 1973 2281 valetudi-

1091 2305 1129 2332 ne
1141 2323 1151 2338 ,
1178 2300 1215 2332 de
1225 2299 1305 2332 nodie
1312 2298 1467 2340 proferVus
1479 2299 1516 2339 est
1527 2322 1538 2338 ,
1549 2308 1583 2330 ut
1594 2310 1652 2330 non
1664 2299 1836 2331 inconcinne
1846 2299 1970 2331 divina-

1091 2360 1189 2382 remus
1211 2360 1277 2381 eum
1298 2354 1490 2390 impatientia
1509 2347 1635 2388 refutati
1663 2347 1735 2387 Pasti
1757 2347 1869 2391 fugam
1895 2354 1971 2380 arri·

1084 2399 1188 2441 puisse.
1215 2399 1386 2440 Impqffibile
1397 2404 1479 2431 enim
1487 2397 1524 2438 est
1534 2399 1660 2430 secundi
1672 2398 1912 2435 ordinationem,
1925 2406 1971 2430 ut-

1085 2457 1156 2490 pote
1168 2452 1275 2480 Ariani
1288 2473 1298 2488 ,
1320 2454 1387 2480 vim
1399 2449 1490 2480 ullam
1501 2454 1532 2480 in
1545 2447 1702 2480 Catholica
1712 2446 1839 2488 Ecclesia
1850 2447 1968 2480 babere.

1090 2500 1131 2530 Id
1137 2504 1214 2531 enim
1227 2499 1299 2531 vere
1308 2499 1354 2530 ad
1361 2499 1464 2536 synodi
1478 2522 1488 2537 ‚
1515 2499 1549 2530 Θ
1562 2499 1606 2530 ad
1613 2496 1825 2539 Episcoporum
1838 2521 1848 2536 ,
1874 2503 1973 2539 quiin

1090 2549 1199 2587 synodo
1210 2547 1340 2588 fuerunt
1349 2573 1359 2588 ‚
1385 2548 1592 2581 contumeliam
1615 2556 1750 2590 vergeret
1762 2571 1774 2587 ,
1793 2545 1825 2588 fi
1836 2558 1904 2589 quae
1926 2547 1971 2580 illi

1091 2606 1175 2632 tanto
1178 2596 1277 2638 studia
1287 2599 1321 2630 (τ
1332 2609 1405 2630 cura
1418 2622 1428 2636 ,
1455 2599 1552 2630 veluti
1563 2600 1624 2630 Deo
1630 2595 1783 2640 praesente
1795 2622 1805 2638 ‚
1831 2597 1948 2640 egissent
1959 2621 1971 2636 ,

1091 2650 1110 2681 ιῑ
1124 2648 1207 2680 nobis
1218 2656 1253 2680 ut
1265 2659 1351 2680 vana
1363 2647 1513 2688 &futilia
1524 2647 1748 2690 abrogarentur.

1141 2697 1287 2744 Qaestio
1298 2697 1343 2730 est
1358 2723 1366 2738 ,
1393 2697 1467 2740 quis
1488 2698 1587 2731 fuerit
1599 2722 1610 2737 ‚
1638 2696 1719 2740 quid
1741 2695 1945 2739 praetenderit
1959 2719 1971 2736 ,

1090 2747 1124 2781 &
1145 2758 1214 2793 quo
1236 2747 1349 2781 Gradu
1373 2758 1430 2791 per
1446 2747 1650 2784 (Secundum
1676 2747 1972 2790 Pentapolitanum

1092 2797 1293 2840 Episcopum
1304 2796 1447 2831 donatus
1458 2798 1555 2830 fuerit
1567 2797 1626 2830 iste
1637 2796 1765 2830 Pistus?
1792 2794 1972 2839 S.Epipha-

1091 2848 1165 2880 nius
1175 2848 1267 2890 supra
1281 2847 1378 2881 nobis
1389 2847 1561 2882 affirmavit
1574 2847 1667 2880 fuisse
1686 2847 1895 2889 Episcopum.
1919 2845 1972 2889 Ip-

1092 2899 1161 2931 sum
1174 2898 1264 2930 enim
1283 2896 1379 2940 ponit
1402 2896 1488 2930 inter
1510 2895 1586 2929 Arii
1609 2898 1759 2938 sequaces
1780 2894 1970 2938 Episcopos.

1092 2948 1136 2980 Et
1157 2946 1293 2980 affirmat
1312 2946 1331 2980 a
1355 2946 1506 2980 Secundo
1531 2945 1753 2980 ptolomaidis
1780 2945 1945 2988 Episcopo
1959 2969 1971 2986 ‚

1091 2997 1351 3039 Pentapontanae
1362 2996 1546 3030 Provinciae
1558 2994 1882 3036 Metropolita‚fuiffe
1892 3007 1971 3029 con-

1091 3047 1239 3081 stitutum
1253 3045 1466 3080 Alexandriae.
1496 3043 1625 3086 Nempe
1637 3055 1691 3086 per
1703 3044 1732 3077 S.
1745 3043 1969 3080 patriarcham

1091 3096 1320 3130 Alexandrum
1331 3095 1485 3130 damnata
1496 3093 1620 3127 Ariana
1640 3094 1736 3128 factio
1762 3095 1910 3139 prorupit
1933 3096 1970 3129 in

1092 3157 1218 3181 tantam
1229 3145 1399 3179 audaciam
1413 3169 1424 3184 ‚
1443 3155 1479 3177 ut
1491 3143 1620 3177 tantum
1630 3142 1856 3178 Patriarcham
1866 3170 1877 3186 ‚
1891 3145 1970 3179 licet

1091 3195 1267 3240 degradare
1280 3207 1347 3228 non
1361 3194 1492 3228 auderet
1503 3217 1515 3233 ,
1533 3202 1759 3228 contemneret
1770 3205 1880 3229 tamen
1893 3221 1904 3236 ,
1915 3206 1970 3229 ex-

1092 3256 1215 3279 cuteret
1227 3245 1295 3287 ejus
1306 3244 1542 3283 obedientiam,
1553 3255 1590 3277 ac
1602 3243 1753 3278 adversus
1765 3245 1869 3287 ipsum
1881 3245 1971 3279 exal-

1085 3288 1175 3329 *taret
1186 3294 1313 3329 idolum
1326 3319 1335 3334 ‚
1363 3295 1416 3327 seu
1427 3293 1530 3327 alium
1539 3295 1741 3328 consecraret
1756 3294 1967 3338 Episcopum.

1092 3346 1141 3379 Ita
1153 3356 1294 3388 nequam
1305 3344 1406 3377 Arius
1418 3343 1626 3377 ambitiosam
1638 3345 1729 3377 suam
1747 3345 1904 3378 invidiam
1915 3357 1969 3378 ex·

1093 3396 1193 3438 plevit
1204 3403 1317 3428 contra
1330 3393 1567 3428 Alexandrum.
1582 3393 1626 3427 Et
1638 3393 1704 3437 quo
1713 3394 1906 3428 ambitionis
1921 3396 1968 3428 in-

1093 3446 1227 3478 famiam
1237 3443 1387 3478 evaderet
1398 3468 1408 3484 ,
1436 3455 1505 3477 non
1519 3444 1725 3486 semetipsum
1738 3470 1749 3485 ‚
1775 3444 1828 3478 sed
1842 3444 1969 3477 Pistum

1095 3494 1220 3529 curavit
1231 3495 1422 3529 consecrari.
1439 3493 1564 3528 Verum
1575 3493 1683 3528 Pistus
1694 3494 1776 3528 sedit
1788 3494 1857 3528 illic
1869 3495 1902 3526 in
1917 3504 1968 3525 ne-

1617 3544 1634 3577 1
1899 3543 1969 3577 scio
