2346 3776
647 114 956 171 Scironis,
995 128 1057 157 ET
1093 125 1267 157 N0r1s
1302 120 1676 163 uiusTRAn.

477 198 902 248 SCHOLION.

354 346 535 387 Dsumptas
558 345 578 378 a
594 346 751 380 Domino
775 346 887 381 nostro
910 346 982 390 Jesu
995 343 1129 380 Christo

372 394 533 429 thumanae
552 405 675 431 naturae
695 397 903 431 infirmitates
917 421 928 437 ,
955 406 1131 439 earumque

236 445 484 490 :cignificativas
496 457 613 485 voceS,
640 446 799 481 aduobus
819 445 961 480 invicem
984 456 1130 489 pugnan-

244 494 342 530 <tibus
362 493 534 536 hostibus,
563 494 698 530 Arianis
717 496 992 536 &Nestorianis,
1019 496 1054 529 in
1077 493 1130 528 ab·

238 545 639 589 *usum&blasphemiam
654 545 746 580 trahi
769 546 850 580 recte
870 546 1055 581 advertitin
1080 544 1130 577 lit-

72 571 327 629 1'3'F‘p'ht'steris
345 595 387 630 ad
399 595 610 630 Valerianum
623 597 827 630 Iconiensem
841 596 1041 640 Episcopum
1052 595 1129 629 San,-

70 614 122 644 fin.
138 616 233 646 Conc-

69 662 149 689 440.

246 695 522 730 consubstantiali
534 695 640 730 Patris
651 706 764 730 natura
777 721 787 737 ‚
812 695 847 729 hi
861 697 997 740 spoliare
1008 707 1129 731 conan-

237 755 304 785 ,ειη
316 745 442 780 Divina
455 747 589 789 persona
601 771 608 778 .
636 744 752 780 Ariani
772 757 914 787 namque
925 747 1036 780 Deum
1049 747 1128 782 Ver-

250 796 330 829 bum
353 794 561 830 libentisfime
587 796 767 830 admittunt
786 796 805 830 ὲ
825 796 967 841 Virgine
990 807 1126 839 natum,

240 857 352 889 v,parvo
372 846 451 880 lacte
470 845 620 889 pastum,
643 846 859 887 crucifixum,
885 847 1100 881 &mortuum
1116 872 1126 887 ‚

244 894 318 938 quo
338 895 436 929 illum
457 895 614 930 evincant
635 896 672 930 in
694 897 759 940 ipsa
783 897 969 931 Divinitate
990 898 1009 931 ὲ
1031 897 1127 932 Patre

240 945 411 979 diversum
431 956 469 979 ac
479 945 642 980 minorem
655 958 669 987 ;
695 946 885 981 Nestoriani
906 958 945 982 ea
954 948 1068 982 omnia
1090 958 1125 982 ut

239 993 437 1037 ,blasphema
457 1006 494 1029 ac
505 995 583 1030 Deo
605 995 746 1030 nimium
767 996 906 1041 indigna
917 999 1125 1037 aversantur,

247 1042 317 1087 quo
328 1044 503 1079 obtineant
515 1045 625 1080 Dei&
637 1045 783 1080 hominis
795 1046 959 1092 adsumpti
980 1059 1049 1083 non
1064 1050 1126 1083 effe

237 1093 387 1128 eandem
411 1097 600 1139 personam.

240 1170 261 1182 ,Δ
298 1144 405 1179 Porro
425 1145 573 1180 Nestorii
589 1146 632 1181 de
651 1147 938 1182 communicandis
959 1149 1125 1192 utriusque

241 1195 284 1228 -in
297 1193 429 1230 Christo
441 1195 594 1230 Domino
605 1206 728 1231 naturae
749 1197 962 1233 idiomatibus
978 1198 1076 1232 verba
1093 1199 1126 1232 &

69 1248 93 1298 ί
139 1263 156 1299 f
181 1271 201 1298 ὅ
247 1245 377 1279 sensum
397 1246 495 1280 refert
519 1246 586 1289 ipsa
610 1247 764 1290 Synodus
777 1247 960 1291 Ephefina:
987 1251 1127 1282 sitorum

95 1277 131 1299 ’κ’
153 1276 177 1306 '3
201 1278 229 1303 4·
247 1306 360 1329 novum
371 1295 591 1336 Testamentum
602 1299 739 1330 accurate
756 1295 1034 1340 fivutatusfueris,
1058 1297 1128 1340 nus—

244 1356 341 1387 quam
359 1351 392 1378 in
411 1357 442 1379 eo
455 1354 578 1379 mortem
587 1350 648 1379 Deo
666 1345 852 1389 adscriptam
871 1355 1028 1391 comperies
1040 1373 1050 1388 ,
1072 1347 1130 1391 sed

245 1395 301 1429 vel
322 1394 459 1435 christo,
485 1405 540 1428 aut
555 1400 680 1429 Domino
702 1421 712 1436 ‚
738 1406 792 1430 aut
813 1399 892 1431 Filio
911 1424 918 1430 .
948 1403 1005 1431 Hae
1026 1407 1126 1431 autem

245 1456 356 1486 voces,
383 1445 653 1486 CHRISTUS,
679 1447 932 1488 DOMlNUS,
958 1448 1127 1488 F1L1U8‚

243 1496 312 1530 ciam
332 1501 483 1539 unigenito
494 1501 527 1529 in
537 1498 701 1538 §crimmis
722 1497 918 1536 tribuuntur,
946 1506 1127 1531 naturarum

243 1545 378 1580 duarum
398 1546 510 1578 indices
532 1545 681 1585 existunt,
706 1547 916 1588 &aliquando
939 1547 1061 1590 quidem
1072 1549 1123 1578 Di-

245 1599 411 1628 vinitatem
435 1617 446 1633 ‚
473 1587 687 1635 nonnunquam
708 1593 947 1637 humanitatem,
973 1598 1126 1629 interdum

241 1653 404 1685 utramque
423 1642 513 1684 fimul
545 1649 719 1685 exprimunt
745 1668 752 1675 .
779 1645 912 1679 Divinae
947 1645 1127 1688 Majestatis

247 1692 410 1727 idiomata
423 1693 475 1728 seu
499 1691 657 1726 vocabula
667 1692 750 1727 dicit
770 1694 834 1728 effe
855 1694 1020 1738 duplicia:
1048 1695 1126 1729 Alia

242 1752 401 1777 creaturae
423 1741 779 1784 incommunicabilia,
803 1745 901 1787 quale
921 1745 967 1778 est
989 1745 1127 1780 vocabu-

245 1793 344 1831 lum,
370 1795 471 1834 Deus3
499 1792 563 1826 alia
573 1793 888 1834 communicabilia‚
915 1795 1024 1837 qualia
1035 1796 1127 1836 sunt,

247 1844 375 1882 Filius,
402 1846 546 1876 Dominus
566 1866 577 1882 ,
604 1842 740 1883 cbristus
763 1868 773 1883 ,
801 1844 928 1888 aliaque
951 1846 983 1879 id
1005 1857 1126 1890 genus:

246 1893 339 1928 Nam
351 1892 386 1925 &
398 1892 507 1934 Cyrus
524 1893 559 1927 ὰ
571 1892 902 1936 Nabuchodonosor,
933 1895 1042 1939 Reges
1052 1907 1130 1940 gen-

245 1942 346 1982 tiles,
372 1943 535 1985 Scriptura
556 1953 652 1977 vocat
675 1944 741 1977 Dei
767 1944 875 1986 filios,
903 1945 937 1982 <sc
956 1944 1108 1980 Christos
1121 1970 1128 1976 .

243 1992 332 2026 Haec
344 1992 453 2035 itaque
466 1993 532 2036 ipsa
553 1992 713 2027 vocabula
730 1995 858 2039 utrique
872 1995 906 2029 in
920 1994 1054 2030 Christo
1069 1995 1131 2038 hy-

246 2041 364 2087 postasi
385 2042 467 2078 dicit
489 2044 552 2076 effe
573 2044 784 2085 communia,
815 2056 913 2087 atque
934 2046 980 2079 ita
1000 2045 1042 2080 de
1062 2046 1129 2079 illis

247 2091 416 2136 utriusque
427 2101 549 2126 naturas
559 2092 717 2128 idiomata
737 2095 809 2129 vere
818 2095 985 2142 praedicari
997 2121 1004 2128 .
1031 2095 1129 2132 Chri-

246 2141 336 2177 stum
358 2166 369 2183 ,
396 2142 607 2184 Dominum,
633 2143 700 2178 Dei
721 2144 828 2180 filium
849 2146 991 2180 dicimus
1014 2157 1128 2180 natum

244 2202 291 2227 ex
303 2190 400 2227 Patre
409 2193 443 2227 ὅ(
456 2203 571 2229 natum
583 2205 625 2228 ex
638 2203 740 2228 matre
751 2219 764 2236 ,
790 2194 976 2231 bimestrem
996 2197 1030 2230 &
1042 2207 1130 2231 oeter-

246 2252 331 2279 num
355 2265 366 2282 ,
393 2243 614 2279 immortalem
637 2244 672 2278 &
692 2253 863 2279 mortuum
890 2258 897 2277 ε
926 2245 970 2280 Et
995 2247 1128 2290 quidem

246 2291 391 2326 eundem
410 2293 556 2334 Filium,
581 2294 795 2335 Dominum,
820 2294 1010 2330 Christum.
1039 2297 1130 2330 Eun-

244 2341 349 2382 dem,
375 2342 512 2387 inquam
527 2367 538 2384 ,
567 2344 705 2378 nornine
726 2368 738 2385 ‚
763 2343 914 2387 honore,
939 2345 1129 2391 dignitate,

247 2391 465 2434 auctoritate,
491 2395 626 2438 persona
646 2421 654 2428 .
682 2394 731 2428 At
754 2395 830 2429 vero
852 2407 998 2438 nomen,
1024 2399 1130 2437 Deus,

245 2436 339 2483 Quod
352 2443 513 2477 Divinam
525 2453 676 2477 naturam
691 2444 848 2486 privative
859 2446 1026 2489 importet,
1036 2447 1129 2480 dum-

251 2500 344 2525 taxat
354 2492 518 2535 aequivoce
528 2492 610 2526 dicit
623 2492 738 2527 cadere
748 2493 782 2528 in
797 2506 977 2530 creaturam
991 2521 1002 2536 ,
1028 2498 1128 2531 etiam

250 2540 359 2584 ipsum
369 2540 536 2576 Christum
557 2541 749 2577 hominem:
776 2542 889 2588 Atque
901 2546 947 2580 ita
959 2547 1052 2580 Deus
1061 2547 1128 2581 dici

251 2590 368 2632 nequit
391 2600 485 2626 natus
508 2591 527 2626 e
549 2591 691 2637 Virgine
710 2618 720 2634 ‚
748 2592 932 2635 bimestris,
959 2606 1129 2637 mortuus,

250 2640 427 2676 crucifixus
448 2668 455 2674 .
484 2641 617 2676 Etenim
648 2653 762 2677 natura
789 2645 824 2679 &
849 2644 1028 2689 hypostasis
1055 2647 1129 2681 sunt

248 2689 340 2724 idem
353 2715 363 2731 ,
390 2691 593 2736 proindeque
605 2692 664 2726 issa
676 2693 878 2729 infirmitatis
885 2695 1036 2730 humanae
1047 2696 1128 2731 idio-

251 2750 340 2775 mata
353 2765 363 2780 ,
390 2742 562 2786 quomodo
583 2754 652 2778 nou
663 2742 880 2786 deDeitatis,
908 2746 954 2780 ita
967 2758 1075 2790 neque
1088 2747 1129 2781 de

250 2789 386 2824 Divinae
422 2791 634 2835 hypostaseos
659 2794 786 2837 proprie
810 2795 1022 2840 significativa
1049 2808 1129 2831 voce

253 2839 389 2885 possunt
397 2842 552 2876 veraciter
563 2842 726 2876 adfirmari
739 2869 746 2876 .

250 2919 253 2920 γ
303 2891 352 2924 At
374 2890 475 2936 longe
496 2893 590 2926 aliter
615 2891 861 2937 philosophatur
872 2897 1008 2931 Sanstus
1023 2896 1129 2940 Cyril-

251 2941 324 2980 ius,
351 2942 680 2985 omnisquecumillo
693 2944 853 2986 Ephefina
875 2947 1049 2989 Synodus,
1076 2959 1131 2981 cu-

251 2991 301 3032 ius
323 2991 449 3025 sensum
473 2992 543 3035 post
566 2992 680 3026 multis
705 2995 884 3037 expositam
920 2996 1058 3031 duarum
1095 2999 1128 3031 in

251 3039 387 3075 Christo
398 3041 551 3076 Domino
565 3053 753 3077 naturarum
764 3056 864 3079 unam
875 3048 1045 3088 personam
1068 3047 1131 3081 ele—

251 3101 368 3134 ganter
389 3092 489 3125 tradit
509 3093 645 3126 sanstus
673 3093 743 3127 Leo
764 3094 922 3129 Pontifex
959 3096 993 3130 in
1015 3097 1130 3131 litteris

252 3140 449 3184 dogmaticis
469 3166 478 3182 ‚
505 3142 625 3185 quibus
642 3142 796 3178 instruxit
821 3146 854 3179 &
880 3147 1035 3180 Sanetum
1061 3148 1132 3181 Fla-

251 3191 389 3226 vianum
412 3192 826 3236 Constantinopolitanum
861 3195 1064 3239 Episcopum
1096 3198 1130 3231 ὅ(

253 3241 428 3284 synodum
440 3240 765 3277 Chalcedonensem:
796 3248 922 3287 Propter
934 3245 1012 3280 banc
1031 3253 1119 3285 unita

255 3299 315 3324 tem
323 3290 457 3335 personae
469 3298 501 3325 in
522 3301 648 3335 utraque
659 3303 771 3326 natura
792 3297 1020 3339 intelligendam
1046 3298 1081 3331 o·
1097 3297 1131 3339 fi-

254 3341 317 3373 lius.
325 3341 454 3378 hominis
464 3343 572 3386 legitur
585 3342 757 3386 defiendtffe
766 3346 804 3377 de
815 3347 880 3378 coelo
890 3370 900 3386 ‚
930 3347 964 3379 <5
980 3346 1063 3388 fillius
1075 3350 1131 3380 Dei

252 3391 364 3426 dicitur
373 3392 528 3435 crucifixus
555 3393 751 3436 &sepultus.
779 3395 897 3428 Homo
910 3396 1130 3438 impassibilis,

253 3450 392 3478 aeternus
402 3465 412 3479 ‚
438 3443 634 3486 immensus;
646 3475 649 3478 .
663 3445 754 3479 Deus
766 3444 888 3480 dicitur
898 3447 961 3480 esse
970 3446 1129 3487 mortalis,

250 3500 405 3533 ,tempore
426 3491 841 3543 .&10030;circumscriptus‚
865 3496 997 3531 nudate
1018 3496 1054 3530 in
1066 3496 1129 3532 Re-

355 3543 494 3578 Canones
506 3547 591 3577 Cone.
601 3549 630 3581 Ε
629 3543 822 3587 phefiromi.

76 3263 215 3301 Epist-10·

78 3313 105 3334 c.
130 3313 155 3338 ς.

246 647 317 680 ssus
341 645 503 689 Cyrillus.
532 646 588 679 mi
608 657 651 679 ex
669 646 736 679 illis
756 647 943 680 Dominum
961 645 1139 679 Christum⁴

1202 195 1328 229 latione
1346 195 1388 229 ad
1400 194 1588 239 Principem
1607 198 1811 242 prosequitur
1823 200 1954 237 laudata
1964 204 2067 247 syno-

1177 211 1181 273 l
1193 245 1255 278 dus
1266 243 1553 281 Chalcedonensis.
1581 247 1625 280 Et
1638 247 1671 280 in
1685 249 1797 283 eadem
1811 251 1881 294 post
1891 252 2068 288 lectionem

1177 280 1285 328 'dicta
1308 295 1463 338 Epistolae
1483 296 1753 331 Reverendiffimi
1776 300 1930 345 Episcopi
1950 303 2069 337 clamat

1195 355 1329 378 verunt:
1357 350 1428 378 Haec
1440 346 1651 388 Patrutnfides
1665 371 1676 387 ‚
1700 347 1766 381 haec
1778 350 1971 391 apostolorum
1977 352 2064 394 fides.
2089 349 2153 382 Ast·
2163 361 2185 383 1·

1194 399 1305 427 Omnes
1318 400 1365 427 ita
1375 397 1522 428 credimus
1534 421 1544 437 ,
1570 396 1726 430 orthodoxi
1746 403 1792 431 ita
1816 401 1959 432 credunt.
1988 406 2068 435 Ana-

1192 443 1296 477 tbema
1315 450 1361 484 ei,
1387 452 1439 486 qui
1462 457 1520 478 non
1542 448 1656 481 credit.
1684 450 1796 481 Petrus
1812 457 1871 491 per
1885 452 2011 483 Leonem
2020 457 2066 485 ita

1192 495 1304 527 Iocutus
1328 493 1386 534 est.
1414 495 1536 537 Apostoli
1559 501 1604 529 ita
1625 498 1786 531 docuerunt
1808 501 1826 530 .’
1860 501 1915 533 Pie*
1940 501 1974 533 Θ
1995 502 2068 534 ver?

1194 546 1253 576 Leo
1264 544 1379 577 docuit.
1404 547 1534 583 cyrillus
1546 552 1591 579 ita
1602 548 1719 580 docuit.
1747 550 1850 587 cyrilli
1872 559 1989 583 aeterna
2010 561 2068 583 me-

1192 599 1303 626 moria.
1332 597 1391 627 Leo
1407 596 1580 634 &cyrillus
1583 595 1720 638 fimiliter
1730 599 1887 632 docueram
1899 624 1906 631 .
1934 598 2067 633 Anasbe-

1192 655 1243 676 ma
1253 649 1356 687 etqui
1365 655 1424 678 non
1433 643 1474 685 fic
1485 647 1580 678 credit
1591 671 1598 678 .
1625 647 1738 695 Qam
1751 648 1933 683 destrinam
1947 649 1980 682 in
1992 660 2067 683 cen-

1191 694 1278 727 tenis
1302 693 1384 727 locis
1419 694 1517 728 tradit
1552 696 1588 729 ἀ
1612 697 1748 731 Sanetus
1768 697 1976 743 Augustinus
1993 724 2004 739 ,
2033 699 2067 739 ὃς

1190 753 1356 787 quotquot
1366 743 1515 778 Ecclefiae
1524 743 1635 779 Patres
1646 746 1767 791 dogma
1780 747 1864 782 istud
1877 750 2048 783 trastavere
2059 774 2067 781 .

1194 793 1248 827 Ut
1258 794 1349 827 enim
1371 805 1469 828 voces
1479 805 1638 832 concretae
1659 795 1700 830 de
1714 797 1746 830 se
1770 798 1886 831 mutuo
1897 798 2069 833 adfirmen-

1191 852 1266 883 tur,
1293 843 1487 878 identificari
1503 844 1622 879 debent
1636 845 1671 878 in
1684 846 1871 890 significatis
1892 847 1984 881 restis
1996 873 2006 888 ,
2033 849 2068 882 δε

1191 893 1328 927 formale
1339 894 1557 939 significatum
1570 895 1731 938 praedicati
1741 896 1915 931 inexistere
1936 907 2069 940 oportet

1190 943 1375 988 significato
1386 946 1472 978 tedio
1483 944 1622 988 subjecti:
1649 946 1731 980 Hoec
1741 946 1809 981 duo
1819 946 1861 981 de
1871 947 1937 981 sese
1950 946 2071 981 mutuo

1190 993 1354 1027 adfirmari
1378 995 1505 1028 faciunt
1516 995 1616 1029 etiam
1640 996 2004 1040 vocesdisparatiffimas
2030 1008 2069 1031 ae

1189 1053 1426 1087 repugnantes.
1455 1045 1576 1079 Earum
1589 1045 1686 1088 porro
1704 1046 1924 1091 significatum
1946 1048 2069 1081 testum

1189 1093 1235 1126 est
1249 1094 1385 1136 persona
1396 1118 1406 1134 ‚
1434 1105 1536 1137 eaque
1547 1095 1581 1128 in
1592 1094 1727 1130 Christo
1738 1097 1890 1130 Domino
1901 1096 1946 1130 est
1959 1098 2070 1137 unica,

1190 1153 1289 1184 atque
1313 1143 1359 1177 ita
1382 1144 1567 1186 utriusque,
1595 1145 1673 1180 licet
1696 1145 1911 1180 diverfiffimae
1946 1156 2069 1180 naturae,

1191 1193 1308 1233 quaevis
1329 1203 1482 1228 concreta
1495 1194 1655 1230 idiomata
1677 1195 1826 1241 legitime
1852 1195 1969 1231 &vere
1980 1195 2069 1230 ultro

1189 1242 1339 1287 citroque
1358 1243 1570 1287 praedicantur
1582 1270 1590 1280 ,.

1240 1294 1330 1327 Dico
1345 1318 1356 1333 ‚
1381 1295 1529 1329 Idiomata
1555 1306 1688 1331 concreta
1711 1324 1716 1330 .
1745 1298 1846 1334 Recte
1866 1299 1956 1333 enim
1974 1297 2070 1341 Joan⁶

1193 1354 1249 1377 nes
1270 1343 1457 1379 patriarcha
1480 1346 1735 1388 Antiochenus,
1761 1349 1881 1393 aliique
1904 1349 2071 1383 Nestoria-

1193 1404 1241 1426 nae
1252 1417 1262 1434 ,
1291 1406 1359 1427 non
1374 1395 1516 1438 perfidiae
1528 1421 1539 1437 ,
1567 1398 1620 1431 sed
1636 1399 1778 1440 personae
1798 1399 1983 1433 defensores
1995 1398 2072 1440 Epi-

1194 1444 1282 1486 scopi
1308 1444 1496 1479 Orientales
1533 1446 1679 1481 scribunt
1702 1448 1742 1482 ad
1769 1450 1844 1482 suos
1865 1448 2011 1493 gregales
2031 1447 2073 1485 de

1194 1492 1321 1527 Acacio
1343 1493 1509 1538 Episcopo
1535 1497 1588 1529 seu
1611 1496 1803 1531 Berrhaeensi
1827 1522 1839 1538 ‚
1871 1499 1924 1531 seu
1947 1496 2075 1530 Meliti·
2133 1495 2254 1551 Conda-

1196 1542 1307 1575 nenfi:
1334 1544 1558 1587 Redarguimus
1586 1547 1790 1587 &Acacium‚
1818 1554 1870 1590 qui
1891 1554 1923 1581 in
1933 1558 2075 1580 commen‘
2096 1558 2196 1597 Ephes.

1195 1597 1286 1624 tariis
1307 1590 1447 1634 posuerat
1472 1593 1748 1630 PASSIBILEM
1774 1598 1882 1632 ESSE
1909 1594 2077 1631 DEITA-
2097 1602 2126 1630 F.
2146 1602 2214 1635 468.

1197 1641 1324 1674 TEM.
1352 1642 1543 1685 ,Quodusque
1553 1646 1626 1678 adeo
1634 1652 1797 1688 gravatim
1821 1649 1892 1680 tulit
1909 1654 1982 1689 pius
2009 1651 2076 1680 Rex

1197 1689 1387 1733 Theodofius‚
1413 1702 1448 1725 ut
1468 1702 1618 1728 excuteret
1622 1697 1775 1736 pallium,
1801 1699 1836 1731 ὁ*
1856 1696 2016 1740 retrorsum
2036 1708 2078 1730 ce·

1197 1742 1278 1774 deret
1285 1748 1355 1783 prae
1364 1740 1555 1785 blaspbemiae
1565 1747 1770 1788 magnitudine
1781 1771 1787 1778 .
1816 1748 1929 1782 Etiam
1936 1749 2078 1782 SanEtus

1198 1790 1346 1834 Cyrillus
1366 1793 1402 1825 in
1416 1791 1506 1826 libris
1526 1794 1678 1829 adversus
1689 1796 1883 1831 Nestorium
1904 1797 2079 1832 admittere
2100 1796 2216 1830 hbe-3·

1197 1841 1326 1875 videtur
1336 1839 1422 1876 hanc
1444 1844 1724 1887 propositionem:
1752 1850 1915 1881 Divinitas
1936 1848 1974 1888 est
1997 1847 2079 1881 bomo

1194 1890 1303 1932 facia.
1332 1891 1376 1925 Et
1397 1893 1532 1928 sandius
1554 1893 1764 1939 Augustinus
1788 1898 1821 1930 in
1836 1898 1926 1932 libris
1949 1898 1991 1932 de
2001 1910 2081 1932 con·
2100 1914 2162 1942 [Α.
2179 1919 2257 1950 035,

1195 1941 1288 1974 sensu
1302 1941 1585 1987 Evangelistarum
1602 1946 1683 1980 dicit
1704 1945 1800 1989 ipsam
1823 1951 1879 1981 Dei
1893 1947 2079 1992 sapientiam

1195 1998 1227 2024 in
1237 1991 1353 2025 homine
1377 1991 1534 2035 adfitmpto
1557 2005 1682 2036 natam,
1709 2006 1855 2031 mortuam
1869 2024 1878 2039 ‚
1904 1997 2078 2042 resurrexifi

1190 2040 1224 2085 se
1237 2067 1243 2073 .
1271 2042 1315 2074 Et
1327 2043 1461 2076 Sanctus
1471 2044 1668 2088 Fulgentius
1680 2047 1720 2080 ad
1733 2046 1817 2082 hanc
1831 2049 1986 2083 Ferrandi
2000 2050 2080 2083 Car-

1196 2091 1395 2136 thaginenfis
1417 2093 1564 2128 Diaconi
1599 2097 1810 2139 quaestionem
1834 2122 1844 2137 ,
1882 2103 1990 2132 Utrum
2004 2099 2078 2141 ficut
2096 2106 2173 2146 Qz.

1197 2145 1254 2175 Dei
1268 2143 1366 2176 Filius
1389 2143 1500 2176 dicitur
1519 2153 1610 2177 natus
1622 2170 1632 2185 ‚
1654 2147 1755 2189 passus
1771 2172 1780 2187 ‚
1806 2159 1939 2183 mortuus
1951 2173 1961 2189 ‚
1988 2155 2077 2183 cruci-

1191 2191 1276 2233 fixus
1289 2215 1299 2231 ‚
1325 2197 1370 2225 ita
1380 2195 1446 2234 ay‘ut·
1457 2197 1661 2228 Divinitatem
1672 2196 1845 2238 confirmare
1867 2211 1919 2232 nos
1939 2208 2074 2242 oporteat

1194 2251 1318 2282 natam,
1341 2243 1478 2287 passam,
1504 2255 1652 2278 mortuam
1669 2271 1680 2286 ,
1710 2247 1904 2289 crucifixam,
1930 2256 2077 2291 quamvis

1187 2290 1253 2333 five
1266 2294 1346 2326 Deus
1359 2317 1370 2332 ,
1389 2292 1454 2335 five
1466 2297 1627 2328 Divinitas
1640 2303 1805 2331 nominetur
1818 2323 1828 2338 ‚
1850 2297 1914 2341 sola
1935 2301 2075 2344 intelligia

1196 2351 1246 2376 tur
1255 2354 1323 2377 caro
1334 2343 1489 2377 mutabilis
1516 2347 1779 2389 atquepafflbilis,
1799 2347 1962 2391 secundam
1983 2361 2076 2392 quam

1198 2393 1279 2426 Deus
1307 2403 1361 2426 aut
1373 2395 1534 2427 Divinitas
1541 2402 1640 2437 potuit
1651 2420 1662 2436 ‚
1688 2399 1769 2440 quod
1777 2405 1811 2431 tn
1820 2395 1879 2441 sua
1896 2409 2007 2433 natura
2017 2411 2076 2433 non

1191 2449 1292 2485 potuit
1312 2467 1323 2483 ,
1345 2444 1518 2486 respondet
1539 2446 1736 2480 affirmative
1755 2472 1766 2488 ,
1811 2449 1903 2483 suam
1925 2450 2079 2484 adsertio-

1198 2505 1275 2527 nem
1287 2505 1355 2528 non
1368 2493 1497 2527 tantum
1513 2494 1692 2540 Augustini
1718 2497 1903 2532 &aliorum
1914 2499 2049 2535 Parrum
2065 2525 2077 2541 ‚

1197 2544 1251 2577 sed
1277 2544 1312 2577 δε
1333 2544 1429 2587 ipsius
1451 2543 1606 2588 Apostoli
1627 2547 1720 2581 'vatia
1746 2548 1937 2583 austeritate
1959 2550 2077 2583 confir-

1197 2605 1289 2628 mans
1311 2619 1319 2629 ,
1356 2593 1400 2627 Et
1422 2594 1556 2635 quidem
1583 2595 1652 2638 ejus
1687 2605 1836 2641 tempore
1858 2610 1913 2642 per
1939 2611 2076 2634 omnem

1195 2644 1368 2678 Orientem
1390 2641 1639 2679 horrendiffimei
1661 2647 1882 2691 grassabantur
1918 2649 2014 2691 ipfius
2038 2649 2076 2684 in

1196 2695 1323 2738 propria
1351 2694 1483 2728 essentia
1511 2695 1708 2729 Divinitatis
1733 2698 1943 2731 crucifixores
1970 2698 2076 2742 Euty-

1195 2744 1382 2779 chianistae:
1411 2744 1466 2779 Ne
1486 2745 1797 2788 cumipsisinsanire
1821 2747 2008 2782 viderentur
2023 2761 2076 2782 or-

1197 2794 1338 2829 thodoxi
1355 2819 1365 2834 ,
1406 2794 1565 2836 ejusmodi
1590 2796 1826 2838 propositiones
1864 2809 1933 2831 non
1960 2799 2073 2833 omitti

1195 2845 1302 2889 juffit,
1331 2844 1384 2878 sed
1405 2844 1578 2878 dumtaxat
1600 2846 1770 2889 temperari
1792 2846 1943 2889 adjuncta
1967 2859 2072 2888 voce,

1196 2896 1359 2930 secundam
1379 2905 1496 2928 carnem
1517 2919 1522 2925 .
1554 2894 1658 2943 Qod
1682 2896 1786 2938 ipsum
1808 2897 1892 2940 apud
1917 2897 2071 2933 Sanstum
2092 2910 2128 2940 c,
2144 2920 2171 2938 2.

1197 2945 1423 2990 Augustinum
1439 2945 1537 2978 tradit
1549 2942 1672 2979 Auster
1682 2945 1899 2990 quaestionum
1912 2947 1953 2981 de
1967 2948 2072 2983 sanc‘ia

1195 2996 1385 3029 Trinitate.
2065 3015 2067 3017 ¹

1247 3045 1373 3080 Verum
1386 3046 1476 3079 enim
1498 3045 1573 3079 vero
1584 3044 1775 3090 hetroclytae
1784 3048 1858 3082 sunt
1881 3047 2067 3084 locutiones

1196 3096 1281 3136 issae,
1309 3096 1408 3129 deviae
1429 3096 1544 3129 averis
1558 3097 1762 3141 Logicorum
1785 3099 1905 3142 regulis
1927 3124 1938 3139 ,
1965 3110 2070 3143 neque

1196 3146 1322 3180 anobis
1344 3145 1509 3180 ullatenus
1531 3147 1719 3189 usurpandae
1745 3172 1752 3179 .
1780 3148 2004 3183 Rec'iiffimum
2034 3151 2069 3182 in

1196 3196 1262 3230 illis
1280 3196 1406 3229 sensum
1432 3194 1572 3229 habuere
1592 3196 1716 3231 laudati
1727 3197 1856 3232 Patres:
1882 3197 1930 3232 At
1950 3210 2010 3232 nos
2033 3201 2067 3233 in

1195 3245 1381 3290 quotidiani
1395 3246 1553 3279 sermonis
1566 3247 1658 3280 usum
1683 3258 1804 3282 vertere
1823 3259 1889 3282 non
1903 3248 2069 3291 possumus

1195 3294 1360 3330 schemata
1371 3296 1404 3330 &
1416 3295 1577 3330 orationis
1587 3297 1724 3341 figuras,
1751 3297 1869 3342 quibus
1892 3299 1939 3331 illi
1951 3310 1990 3331 ex
2002 3309 2069 3331 ma-

1194 3345 1317 3390 gistrali
1333 3347 1527 3380 audieritate
1549 3346 1727 3382 &licentia
1751 3348 1862 3388 suere,
1889 3346 2067 3388 &quidem

1194 3394 1372 3439 parcissime
1383 3417 1400 3436 ‚-
1422 3396 1468 3429 usi
1480 3421 1487 3428 .
1516 3396 1602 3430 Eam
1613 3398 1683 3431 fore
1695 3397 1840 3441 ineptam
1856 3397 2067 3431 insolentiam
2090 3396 2243 3449 Epj'st.200‚

1193 3445 1304 3479 scribit
1326 3445 1368 3479 ad
1381 3445 1564 3479 Asellicum
1577 3447 1779 3490 Episcopum
1802 3447 1935 3481 Sandius
1949 3445 2068 3491 Augu-

1192 3495 1296 3533 stinus
1305 3518 1330 3528 μ
1339 3495 1521 3540 Discipulis
1531 3520 1542 3536 ,
1569 3497 1625 3535 uti
1639 3507 1707 3533 non
1719 3493 2068 3540 expediunt-‚-‹ita²nee

1519 3545 1547 3581 B
1575 3546 1595 3583 b
1621 3545 1643 3582 b
1692 3558 1715 3584 2
1914 3547 2016 3581 licent
