2346 3776
289 1658 292 1660 ⁴
324 1659 510 1692 etiamnum
529 1658 591 1690 fint
618 1656 901 1691 Tabernariorum
922 1658 1048 1702 species.
1077 1655 1125 1691 At
1150 1656 1218 1689 fine

180 3347 302 3383 capas„

325 91 393 133 116

324 161 386 196 mii
398 156 541 196 Scholiis
553 155 714 193 Nicolaus
727 156 910 203 Rigaltius:
937 156 1125 199 Beneficiarii
1135 157 1207 190 dice-

322 211 436 245 bantur
445 234 458 251 ‚
483 209 596 242 Milites
609 208 744 251 beneficio
755 211 907 250 Principis
918 208 1057 251 assumpti
1077 207 1123 238 ad
1141 207 1206 248 Offi-

319 267 390 303 cia,
420 269 546 298 eucerta
557 257 729 302 Ministeria.
757 263 862 301 Itaque
878 257 1069 300 apparebant
1091 259 1206 291 Princi—

315 317 354 356 pi
362 336 374 353 ,
400 311 558 346 mandatis
571 310 762 351 exequendis.
791 311 846 342 Ex
856 320 955 342 eorum
965 306 1068 341 schola
1081 305 1138 351 seu
1148 319 1207 340 cor-

314 369 390 406 pore
409 363 498 396 erant
520 358 653 401 curiosi,
676 357 779 401 cursus
797 358 912 402 publici
932 370 1012 393 curce
1032 356 1183 400 praepofiti
1196 381 1206 396 ‚

319 417 373 456 qui
383 413 418 446 (⁰5
428 413 604 446 stationarii
613 408 791 444 dicebantur
802 433 814 450 ,
836 417 894 450 per
906 407 1049 451 stationes
1071 405 1205 453 dispositi.

319 465 382 497 Eis
392 470 492 496 autem
501 465 583 495 inter
590 467 701 493 caetera
710 461 843 505 injungit
856 462 923 508 15ex
929 465 1034 500 prima
1042 460 1083 492 de
1106 462 1209 492 Curio-

311 512 356 557 fis
376 537 388 555 ‚
420 520 454 545 ut
474 514 601 542 crimina
617 509 787 556 Judicibus
810 510 983 544 nuntianda
1008 514 1207 543 meminerint.

319 563 405 604 Erga
428 564 556 594 Reorum
574 564 695 593 nomina
712 558 904 602 requirebant
930 571 966 593 ac
995 557 1172 600 deferebant
1196 581 1205 596 ‚

319 609 398 653 ipsos
410 613 487 645 Reos
488 608 631 653 fistebant
643 609 857 644 Tribunalibus
871 621 906 642 ac
909 614 942 656 J
943 610 1046 642 udicio.
1062 612 1154 642 Vetus
1161 605 1211 642 hi-

313 660 407 703 storia
418 658 574 704 Fruc‘luqfi
581 657 741 702 Episcopi:
769 663 954 694 Direxerunt
975 658 1168 701 BeneficIarii
1177 663 1209 689 in

313 711 440 746 domum
451 711 528 752 ejus.
555 709 600 743 Et
610 709 710 756 paulo
724 709 795 753 post
808 723 818 745 ‚·
846 712 905 741 Cui
916 709 1029 742 Milites
1041 708 1189 741 dixerunt
1201 731 1210 746 ‚

319 767 418 800 veni,
444 757 562 805 Praeses
583 768 613 792 te
632 758 755 803 accerfit.
792 756 970 800 Hujusmodi
986 767 1085 791 autem
1111 758 1212 800 Officia

322 812 449 845 tandem
459 815 494 845 in
497 815 772 851 praevaricationes
783 833 794 848 ,
820 809 856 841 δ’
865 814 992 848 rapinas
1004 832 1015 848 ,
1042 809 1076 841 (τ
1097 805 1211 850 concus-

317 859 658 906 fionesdegeneravere,
684 857 914 892 conniventibus
920 859 1097 900 plerumque
1120 856 1211 891 bomi-

322 922 397 944 num
404 910 585 953 peffimorum
595 907 780 950 improbitati
794 907 999 953 Beneficiariis
1021 910 1055 942 (τ
1075 906 1210 951 Curiofis.

324 964 414 993 Nam
434 961 469 992 Θ·
489 957 546 999 ipfi
556 956 741 999 penfionibus
764 963 875 991 annuis
895 968 949 991 aut
971 958 1127 1000 menstruis
1154 969 1212 991 cor-

321 1014 426 1053 rupti,
452 1007 703 1041 Tabernariorum
714 1032 724 1048 ,
750 1010 925 1041 Ganeonum
946 1033 957 1048 ,
985 1012 1013 1042 F
1015 1020 1102 1041 urum
1119 1032 1129 1048 ,
1157 1011 1212 1042 Le-

322 1070 433 1094 nonum
438 1055 552 1101 scelera
563 1057 800 1097 diffimulabant:
828 1064 878 1093 Ita
900 1068 935 1091 ut
954 1059 1034 1092 domi
1051 1057 1214 1101 ftrvarent

321 1109 503 1143 matriculas
515 1113 648 1149 turpium
661 1106 830 1153 hujusmodi
851 1108 1034 1141 pactionum.
1063 1112 1140 1140 Cum
1164 1114 1215 1151 igi-

320 1167 373 1193 tur
385 1159 419 1192 Θ
429 1163 462 1191 in
473 1157 656 1201 Christianos
666 1159 815 1193 mandata
840 1161 1016 1200 Principum
1026 1183 1037 1199 ,
1056 1157 1120 1201 five
1144 1160 1215 1192 Pro-

321 1206 506 1251 Confidum,
533 1218 588 1242 aut
599 1207 785 1251 Praefidum‚
811 1217 958 1251 tanquam
980 1214 1013 1241 in
1027 1205 1213 1251 facinorosos

320 1264 435 1292 atrocia
445 1265 660 1302 exequerentur
669 1282 682 1300 ‚
708 1259 832 1292 tandem
844 1259 879 1292 tir
903 1257 965 1299 istis
979 1257 1140 1300 christiani
1150 1269 1214 1301 quo-

321 1319 380 1352 que
384 1314 531 1350 pecunias
547 1308 648 1351 pablis
664 1306 850 1351 penfionibus
870 1318 1030 1343 numerare
1051 1316 1213 1350 caeperunt.

322 1362 386 1393 Hoc
395 1361 557 1401 Septimius
570 1364 681 1393 nomini
692 1357 860 1398 Christiano
878 1366 965 1399 turpe
988 1369 1024 1392 ac
1040 1359 1215 1401 pudendum

322 1408 376 1453 effe
387 1414 432 1442 ait
444 1432 455 1450 ‚
470 1414 503 1441 in
515 1408 692 1441 Matricibus
704 1408 968 1451 Beneficiariorum
980 1410 1014 1442 (st
1025 1406 1216 1450 Curiosorum

323 1464 405 1494 inter
416 1461 572 1491 Ganeones
593 1459 628 1491 ὦ*
653 1461 751 1490 Fures
767 1482 777 1497 ‚
803 1459 839 1491 Θ
858 1457 1056 1491 Tabernarios
1080 1460 1114 1491 Θ
1126 1462 1216 1492 Leno-

323 1520 398 1550 nes,
426 1507 610 1550 Christianos
622 1519 734 1550 quoque
746 1507 910 1551 Veffigaies
922 1506 1041 1551 censeri.
1070 1508 1152 1542 Haec
1164 1509 1216 1541 Se-

323 1558 436 1603 ptimii
450 1557 564 1592 verba:
579 1561 663 1591 Inter
675 1557 877 1591 Tabernarios
889 1559 924 1593 et
936 1561 1048 1591 Lanios
1058 1582 1069 1600 ‚
1081 1557 1215 1601 quidam

324 1609 460 1644 censent
470 1608 585 1642 vitiata
598 1620 605 1639 z
634 1606 687 1640 Εὸ
698 1606 788 1651 quod
802 1606 900 1642 Lanii
915 1607 1037 1643 fuerint
1049 1606 1133 1641 olim
1144 1631 1154 1647 ‚
1180 1618 1216 1640 ac

325 1709 442 1743 caussa.
472 1708 608 1743 Etenim
621 1707 654 1742 ὃς
665 1707 792 1744 Curiofi
802 1717 894 1742 erant
905 1708 1026 1751 species
1039 1706 1219 1741 Beneficia-

325 1759 452 1793 1iorum
467 1783 477 1798 ,
488 1758 522 1792 δε
531 1768 643 1792 tamen
654 1768 711 1791 eos
721 1769 855 1802 quoque
865 1757 1017 1791 distinxit
1030 1756 1217 1800 Septimius.

327 1809 408 1844 Hoc
430 1809 523 1843 sensu
549 1822 556 1841 :
584 1808 696 1842 Etiam
718 1808 753 1843 in
771 1806 970 1843 Matricibus
993 1806 1217 1842 Curiosorum.

326 1858 434 1906 Qod
447 1856 483 1891 hi
493 1858 596 1892 essent
608 1857 727 1892 foedior
746 1857 876 1900 species.
905 1855 1030 1890 Eadem
1049 1855 1091 1889 de
1114 1854 1219 1889 caussa

327 1908 383 1943 hic
395 1907 546 1953 expreffit
558 1907 690 1941 Lanios.
718 1906 830 1941 Verba
842 1931 853 1947 ‚
875 1913 934 1949 per
956 1906 1157 1940 saturnalitia
1176 1915 1221 1938 re-

327 1960 501 1994 dimendum
525 1982 536 1998 ,
572 1957 653 1992 reste
673 1957 812 2000 exponit
841 1955 1004 1991 Nicolaus
1026 1954 1218 2000 Rigaltius:

329 2013 391 2044 lut
397 2007 589 2053 scribendum
601 2008 795 2047 saturnalia,
824 2015 879 2039 aut
901 2007 1058 2039 dicendum
1076 2007 1233 2041 Saturna-k

330 2061 399 2094 litia
411 2069 536 2091 munera
539 2056 701 2101 fignificari
712 2080 722 2095 ,
752 2068 819 2098 quae
841 2057 1049 2088 Saturnalitiae
1068 2054 1220 2087 celebrita-

330 2116 373 2143 tis
391 2107 527 2150 occasione
539 2106 685 2139 militibus
688 2105 754 2148 five
764 2105 933 2147 officialibus
946 2102 1103 2147 Pro-Coris
1099 2105 1156 2137 ulis
1166 2113 1220 2136 aut

331 2157 474 2201 Praefidis
488 2156 651 2199 christiam·
662 2156 841 2196 mittebant,
851 2165 886 2188 ut
896 2165 944 2189 eos
958 2153 1101 2188 baberent
1113 2159 1218 2196 aequio·

330 2220 381 2242 res
402 2210 436 2242 Θ
456 2209 664 2242 clementiores.
693 2207 869 2239 Saturnalia
893 2205 1221 2238 munerumerstrena-

330 2270 399 2293 rum
410 2259 475 2292 dies
479 2257 579 2299 fuere.
608 2258 690 2292 Haec
704 2256 799 2291 verba
813 2281 823 2296 ,
846 2265 879 2290 ut
888 2259 989 2299 Regno
992 2252 1046 2298 suo
1052 2252 1148 2297 securi
1151 2253 1219 2295 frui

327 2309 461 2354 pffnt,
488 2307 715 2342 demonstrant
736 2307 837 2341 etiam
857 2316 937 2339 tunc
957 2305 1159 2348 Episcopos‚
1185 2302 1221 2336 li-

333 2369 387 2393 cet
396 2371 438 2393 ex
452 2358 640 2402 spontaneis
649 2359 676 2391 F
678 2357 816 2391 idelium
825 2354 1052 2390 oblationibus
1062 2355 1220 2392 viverent,

334 2409 430 2443 fuiffe
453 2409 624 2453 insigniter
644 2407 830 2451 opulentos.
870 2406 1106 2450 Episcopatum
1127 2403 1221 2438 fuisse

335 2458 459 2502 Regno
469 2458 615 2492 similem.
645 2458 688 2491 Et
701 2458 820 2491 firmari
834 2455 898 2490 hoc
911 2453 1006 2498 p'offit
1023 2453 1221 2488 authenticis

336 2506 541 2543 testimoniis.
570 2502 663 2541 Hinc
675 2506 802 2540 nostros
815 2507 996 2550 Episcopos
1013 2503 1219 2539 Montanista

337 2558 516 2603 Septimius
529 2566 623 2591 notat
636 2581 646 2597 ‚
658 2556 748 2601 quod
761 2557 852 2590 istius
865 2555 977 2599 Regni
988 2555 1123 2598 pacifice
1131 2553 1222 2597 poffi-

338 2607 529 2652 dendiergd
538 2608 760 2650 permitterent
780 2607 850 2640 suas
871 2605 1031 2639 Ecclefias
1043 2603 1222 2637 Massaliter

337 2657 466 2694 redimi.
495 2658 540 2692 Et
551 2656 643 2691 addit
654 2671 664 2690 .·
674 2660 694 2689 5
695 2657 732 2689 ub
743 2656 863 2689 obtentu
868 2655 1053 2697 procurandi
1065 2678 1071 2685 .
1099 2653 1222 2687 Roma-

337 2720 388 2744 11ae
410 2709 516 2753 Leges
536 2706 671 2741 laudant
694 2707 799 2742 varios
820 2705 1049 2739 Procuratores
1068 2716 1075 2735 :
1103 2703 1222 2737 Cursus

336 2757 488 2803 publici,
515 2757 750 2791 Diffaffionum
764 2781 775 2796 ‚
802 2756 995 2794 Curiarum,
1013 2754 1145 2788 Domus
1157 2753 1223 2786 Au-

338 2809 438 2853 gustae
448 2833 459 2848 ‚
486 2807 551 2842 Rei
561 2807 760 2847 domesticae,
771 2806 834 2840 Rei
845 2807 987 2850 pr1vatae‚
1000 2804 1154 2838 Annonae
1164 2803 1222 2836 rni—

338 2859 448 2892 litaris.
478 2858 521 2891 Et
542 2857 601 2891 ista
623 2857 817 2892 Procuratio
836 2866 903 2890 erat
925 2855 1093 2890 Officium.
1130 2854 1223 2887 Hinc

341 2908 442 2952 igitur
453 2907 628 2951 Septimius
638 2907 748 2951 culpat
761 2907 940 2951 Episcopos
954 2930 964 2945 ,
991 2904 1081 2949 quod
1098 2915 1166 2938 non
1180 2904 1222 2936 so-

342 2957 516 3006 lumquo
533 2957 608 2992 istas
631 2957 784 2992 Maffales
803 2956 1043 2998 redemptiones
1064 2955 1224 2992 facerent,

343 3006 395 3040 sed
409 3007 536 3049 insuper
557 3007 772 3041 obtenderent
793 3007 874 3050 ipsas
891 3006 1051 3050 pertinere
1073 3004 1113 3038 ad
1136 3005 1223 3037 suam

345 3055 612 3089 procurationem
625 3082 633 3096 ,
645 3059 698 3091 seu
710 3057 903 3101 Episcopale
916 3056 1072 3089 officium.
1100 3053 1224 3087 Eadem

345 3104 453 3139 Phrafi
464 3106 567 3138 utitur
578 3107 612 3139 in
624 3108 778 3141 Sermone
790 3107 831 3141 de
841 3106 950 3150 Lapfis
958 3106 1083 3140 sanstus
1092 3104 1225 3147 Cypria-

346 3165 430 3194 nus,
454 3154 567 3188 dicens
583 3155 623 3189 de
642 3158 751 3190 nescio
774 3157 893 3200 quibus
915 3156 1020 3199 pravis
1033 3154 1203 3197 Episcopis
1221 3165 1226 3184 :

347 3207 466 3237 Divina
478 3207 685 3238 Procuratione
695 3216 860 3248 contempta
875 3231 884 3246 ,
906 3210 1114 3240 Procuratores
1126 3216 1225 3236 rerum

343 3252 533 3298 saecularium
540 3254 615 3295 fieri.
645 3254 723 3288 Istas
735 3256 836 3299 igitur
847 3256 1108 3300 Redemptiones
1126 3254 1227 3297 Septi-

348 3304 435 3341 mius
445 3303 650 3347 singulariter
662 3305 744 3337 odit.

399 3352 511 3396 Pergit
529 3353 562 3385 &
586 3353 620 3385 in
642 3354 787 3397 sequenti
809 3354 899 3388 istius
922 3356 1012 3389 Libri
1024 3355 1146 3399 capite:
1171 3354 1231 3386 Sed

350 3403 488 3445 quomodo
508 3403 670 3445 colligemus
690 3427 700 3442 ,
743 3410 843 3444 inquis
864 3429 874 3443 ,
912 3408 1049 3446 quomodo
1076 3409 1229 3437 Dominica

344 3451 488 3498 solemnia
497 3452 731 3490 celebrabimus?
757 3457 862 3496 Utique
876 3457 1013 3496 quomodo
1037 3458 1071 3489 t&
1088 3453 1207 3497 Apostoli
1218 3478 1228 3495 ‚

790 70 1235 123 D1ssERTAT1o
1285 64 1707 127 Pkooemiams.

1266 154 1349 197 fide,
1374 167 1432 190 non
1437 163 1566 200 pecunia
1575 164 1644 192 tuti.
1668 161 1753 203 ,ραι
1768 158 1849 202 fides
1866 157 1900 202 fi
1912 168 2040 193 montem
2048 167 2149 195 trans·

1265 203 1350 244 ferre
1357 206 1448 249 potest
1460 232 1471 247 ,
1495 209 1589 241 multo
1609 215 1706 253 magis
1727 210 1861 243 militem.
1886 209 1958 251 Esto
1973 207 2150 252 sapientia,

1272 265 1328 288 non
1343 263 1470 300 praemio
1487 268 1601 292 cautus.
1629 252 1683 292 Ek
1705 257 1757 294 his
1775 260 1934 295 discimus
1956 259 2051 295 fuiffe
2071 259 2154 295 duas

1272 304 1400 341 istarum
1412 306 1831 350 Redemptionumcauffas.
1844 310 1975 355 Nempe
1983 321 2051 344 non
2062 309 2157 344 dum-

1274 364 1362 391 taxat
1371 357 1413 392 ad
1421 357 1679 401 persecutionem
1688 360 1899 404 evitandam,
1924 361 1979 396 sed
1999 359 2156 395 etiamad

1275 404 1490 443 obtinendam
1501 408 1677 453 Synaxeon
1701 409 1895 446 libertatem.
1923 410 2027 458 Qod
2048 411 2156 454 ipsum

1274 453 1372 491 hodie
1383 457 1549 492 Catholici
1559 458 1685 493 faciunt
1696 459 1731 492 in
1753 460 1899 503 pluribus
1914 462 2157 495 Haereticorum

1275 506 1469 543 Provinciis.
1496 509 1545 543 At
1558 509 1734 552 Septimius
1745 510 1879 545 damnat
1889 513 2014 546 omnia.
2036 512 2080 545 Et
2092 522 2160 556 per-

1277 559 1341 600 git:
1369 561 1475 601 Neque
1485 564 1565 592 enim
1579 559 1685 600 statim
1704 561 1738 593 Θ
1758 561 1779 592 ἃ
1796 562 1904 602 Populo
1923 568 1982 594 eris
2005 571 2090 595 tutus
2102 585 2113 602 ,
2133 559 2164 603 fi

1276 607 1365 648 officia
1373 608 1519 658 militaria
1528 610 1696 642 redemeris.
1717 614 1785 642 Una
1795 621 1861 655 ergo
1872 611 1969 645 tibi&
1975 612 2054 654 fides
2067 614 2102 646 (9⁹
2107 609 2157 655 sa-

1270 662 1390 698 pientia
1402 658 1446 689 ad
1454 660 1579 692 tutelam
1589 668 1660 701 opus
1672 658 1709 701 est
1723 672 1731 702 ·‚
1759 660 1868 702 quibus
1879 671 1937 693 non
1949 661 2096 696 adhibitis
2108 687 2117 702 ‚
2125 663 2160 695 (τ

1274 707 1504 748 redemptionem
1518 719 1601 742 tuam
1609 718 1693 751 potes
1701 712 1851 752 perdere:
1880 709 2033 745 Adhibitis
2047 735 2056 750 ,
2077 711 2164 744 haud

1276 758 1520 800 Redemptionem
1530 758 1700 802 dtss‘derme.
1730 761 1781 794 Ex
1796 759 1920 804 quibus
1931 759 2022 794 vides
2034 784 2045 800 ,
2071 759 2163 803 quod

1277 817 1343 840 non
1355 807 1418 847 soli
1429 809 1552 843 milites
1563 820 1619 846 aut
1640 810 1812 845 Praefidum
1833 810 2025 850 officiales,
2051 810 2106 844 sed
2129 810 2164 844 δε

1277 857 1342 900 ipse
1352 856 1506 903 Paganus
1532 859 1679 904 Populus
1700 861 1828 895 nostros
1852 861 2048 897 Conventus
2059 871 2162 905 quan-

1277 907 1384 952 doque
1398 908 1597 944 invaderent.
1624 910 1727 959 Quod
1740 912 1845 954 ipsum
1857 908 1958 945 hodie
1979 911 2106 944 faciunt
2129 910 2164 944 δε

1277 955 1416 992 haeretici
1437 957 1569 1002 Populi.
1607 959 1720 1006 Pergit
1740 962 1919 1006 Septimius
1941 974 1948 993 :
1977 960 2122 1002 Postremo
2137 958 2170 1001 fi

1275 1007 1403 1050 colligere
1422 1010 1554 1042 interdiu
1575 1022 1631 1042 non
1646 1019 1733 1053 potes
1753 1036 1764 1054 ‚
1801 1011 1895 1045 habes
1919 1011 2031 1046 nollem
2055 1035 2066 1052 ‚
2101 1013 2164 1044 luce

1276 1056 1385 1098 Christi
1397 1057 1542 1101 luminosa
1553 1060 1702 1094 adversus
1716 1073 1788 1094 eam.
1817 1061 1921 1108 Qod
1934 1061 2084 1095 nosturni
2109 1061 2164 1094 seu

1277 1107 1465 1141 antelucani
1493 1107 1689 1142 Conventus
1709 1111 1831 1144 fuerint
1851 1111 1996 1154 antiquis
2008 1109 2167 1144 Christia-

1279 1157 1328 1190 nis
1338 1157 1515 1192 familiares
1527 1181 1538 1197 ,
1564 1157 1662 1192 docet
1674 1158 1779 1192 Plinii
1791 1159 1934 1194 Secundi
1960 1161 2084 1194 famosa
2103 1160 2168 1194 Re·

1278 1207 1355 1242 latio
1367 1206 1407 1241 ad
1419 1207 1656 1251 Imperatorem
1668 1208 1861 1252 Trajanum.
1901 1206 2083 1243 Christiani
2100 1206 2168 1243 Po-

1277 1257 1345 1301 puli
1360 1257 1570 1291 numerofitas
1582 1282 1592 1297 ,
1619 1259 1654 1291 ὅ(
1666 1258 1770 1301 major
1780 1258 1860 1292 hinc
1871 1258 1951 1292 inde
1971 1256 2110 1293 libertas
2122 1259 2170 1293 vi*-

1277 1307 1394 1342 dentur
1405 1305 1570 1342 induxisse
1582 1307 1776 1342 Conventus
1797 1308 1941 1342 diurnos.
1978 1309 2028 1342 Hi
2050 1308 2172 1342 sollvi⁴

1278 1358 1397 1391 dentur
1407 1357 1558 1402 Septimii
1566 1367 1713 1401 tempore
1723 1359 1869 1403 viguisse.
1895 1357 2008 1403 Pergit
2018 1358 2146 1393 Dostor
2159 1370 2168 1390 :

1279 1413 1352 1440 Non
1357 1415 1445 1450 potes
1456 1405 1618 1450 discurrere
1624 1415 1681 1449 per
1692 1407 1819 1452 singulos
1833 1432 1843 1448 ,
1862 1406 1902 1451 fit
1913 1407 1968 1441 tibi
1980 1409 2015 1442 Θ
2024 1414 2058 1441 in
2070 1409 2168 1441 tribus

1279 1456 1413 1500 Ecclefia.
1441 1458 1549 1490 Melius
1560 1456 1598 1497 est
1610 1466 1644 1491 ut
1653 1458 1758 1491 turbas
1771 1468 1842 1491 tuas
1864 1459 2027 1500 aliquando
2046 1469 2104 1491 non
2123 1463 2172 1491 vt·

1279 1508 1375 1547 deas,
1400 1508 1492 1549 quam
1504 1508 1642 1540 addicas.
1681 1508 1813 1552 Utique
1835 1508 1945 1541 Militi
1966 1517 2022 1542 aut
2039 1507 2170 1542 Prae'fidi

1281 1569 1335 1601 per
1345 1558 1451 1600 pastas
1463 1557 1642 1600 pensiones.
1670 1557 1782 1592 Verba
1795 1582 1806 1598 ,
1825 1557 1865 1600 fit
1884 1558 1941 1591 tibi
1964 1559 2000 1592 ὁ*
2017 1563 2051 1591 in
2069 1557 2169 1592 tribus

1280 1605 1429 1647 Ecclefia,
1455 1607 1755 1642 contineterrorem
1769 1633 1779 1648 ‚
1804 1607 1902 1643 latius
1922 1608 2108 1651 expositum
2131 1607 2169 1641 in

1281 1655 1384 1690 Libro
1395 1655 1436 1690 ad
1447 1656 1631 1692 castitatem
1639 1657 1872 1692 exhortatorio.
1902 1658 1992 1692 Eum
2013 1659 2072 1692 suo
2090 1658 2175 1692 loco
2185 1653 2289 1692 carmi

1281 1705 1454 1741 elucidavi.
1481 1706 1559 1740 Post
1582 1707 1674 1751 plura
1694 1709 1870 1751 Septimius
1881 1707 2074 1742 concludit:
2090 1708 2170 1750 ’.ραι

1281 1755 1489 1790 Paracletum
1502 1765 1677 1798 receperunt
1687 1781 1698 1798 ‚
1708 1769 1802 1799 neque
1804 1757 1913 1800 fugere
1922 1755 2170 1799 perficutionetn5

1283 1816 1376 1847 neque
1397 1806 1542 1839 redimere
1567 1815 1716 1839 noverunt
1736 1831 1748 1847 ,
1775 1805 1918 1840 habentes
1937 1804 2034 1850 ipsum
2054 1805 2175 1849 qaiprb

1283 1854 1367 1887 nobis
1377 1859 1457 1894 erit,
1476 1853 1551 1896 ficut
1560 1856 1705 1889 locuturus
1715 1862 1748 1889 in
1765 1862 1994 1901 interrogatione
2015 1880 2026 1896 ‚
2052 1863 2099 1889 ita
2113 1857 2174 1896 ‚iu-⁴

1283 1913 1413 1938 vaturus
1435 1910 1469 1937 in
1493 1905 1627 1945 Pafflone.
1665 1905 1841 1940 Profitetur
1870 1906 1992 1950 dogma
2011 1904 2078 1940 hoc
2099 1915 2171 1939 non

1285 1955 1378 1989 suiffe
1388 1953 1431 1988 ab
1440 1953 1539 1988 initio
1551 1978 1562 1995 ‚
1588 1954 1642 1988 sed
1652 1955 1714 1989 este
1724 1963 1851 1990 novum
1864 1955 2100 1990 Montanistici
2111 1954 2171 1989 Pa-

1284 2002 1608 2038 racletilnstitutum.
1636 2004 1736 2039 Etita
1747 2003 1978 2049 Apostolicam
1999 2007 2033 2040 δε
2046 2006 2171 2040 irrefraa

1284 2052 1430 2099 gabilem
1443 2077 1454 2093 ‚
1480 2064 1578 2098 quam
1600 2053 1820 2089 Orthodoxus
1842 2056 1941 2090 toties
1963 2055 2110 2091 laudavit
2135 2057 2171 2090 &

1284 2104 1425 2138 firmavit
1437 2103 1479 2138 de
1489 2103 1728 2148 posterioritate
1741 2105 2121 2150 Praescriptionem‚soede
2131 2115 2170 2140 ac

1283 2151 1398 2188 misere
1407 2154 1639 2197 praevaricatur.

1332 2204 1508 2247 Septimius
1528 2203 1754 2240 Tertullianus
1774 2206 1810 2240 in
1832 2206 1950 2241 eodem
1974 2205 2077 2241 Libro
2099 2205 2173 2239 scri-
2187 2220 2259 2256 Cap.
2276 2224 2304 2253 ς,

1284 2254 1334 2288 bit
1345 2253 1386 2288 de
1396 2255 1504 2287 saneto
1516 2254 1665 2298 Martyre
1686 2256 1816 2290 Rutilio
1837 2269 1845 2288 :
1872 2258 2008 2290 Rutilius
2027 2251 2174 2300 sanliiffiss'

1283 2316 1349 2337 mus
1361 2305 1476 2343 Martyr
1489 2304 1553 2336 cum
1563 2310 1648 2337 toties
1653 2304 1774 2349 fugiffet
1795 2304 2030 2349 Persicutt'onem
2050 2308 2088 2340 de
2113 2307 2171 2340 ioco

1283 2360 1315 2387 in
1338 2354 1450 2394 Iocum,
1477 2360 1570 2387 etiam
1583 2357 1767 2396 periculum,
1794 2365 1827 2389 ut
1843 2356 1976 2398 putabat
1998 2380 2009 2396 ‚
2035 2363 2174 2390 nummis

1284 2404 1446 2447 redemiffet
1457 2427 1468 2443 ,
1487 2403 1552 2446 post
1573 2413 1668 2437 totam
1688 2403 1881 2448 securitatem
1898 2431 1908 2447 ‚
1936 2418 2027 2448 quam
2032 2405 2090 2447 fibi
2103 2414 2172 2448 pro-

1282 2453 1428 2497 spexerat
1438 2478 1448 2494 ‚
1474 2464 1513 2486 ex
1525 2459 1676 2496 inopinato
1695 2454 1898 2498 apprehensus
1911 2480 1921 2495 ,
1943 2457 1978 2489 (5
1989 2455 2112 2497 Praefia'i
2123 2453 2172 2488 nib-¹

1284 2505 1366 2537 latus
1378 2528 1389 2544 ,
1415 2510 1570 2538 tormentis
1582 2505 1734 2547 disfipatus
1746 2530 1757 2545 ‚
1782 2507 1866 2538 credo
1873 2514 1929 2547 pro
1941 2506 2029 2549 fi‘gae
2047 2506 2169 2550 castiga-

1280 2560 1383 2601 'tione3
1410 2553 1516 2587 debinc
1534 2554 1653 2597 ignibus
1678 2556 1770 2589 datus
1792 2580 1801 2595 ‚
1836 2557 1994 2596 Passionem
2014 2566 2104 2597 quam
2125 2562 2175 2590 ‘vi-⁴

1284 2613 1368 2637 rarat
1388 2627 1399 2643 ‚
1423 2601 1631 2646 misericordia·
1655 2609 1712 2638 Dei
1734 2607 1844 2639 retulit.
1882 2605 2103 2650 Nequaquam
2128 2614 2176 2640 ex

1285 2655 1368 2698 fugae
1387 2653 1606 2698 castigatione
1625 2654 1659 2688 id
1679 2656 1807 2690 factum
1823 2654 1868 2689 est
1890 2681 1901 2697 ‚
1928 2655 1981 2689 sed
2003 2667 2045 2689 ex
2069 2655 2162 2690 Divi-

1287 2715 1327 2738 na
1346 2702 1550 2747 dignatione.
1587 2705 1638 2737 Ita
1658 2705 1769 2738 censet
1794 2706 1947 2740 Romana
1971 2705 2112 2740 Ecclesia
2134 2705 2170 2738 in

1286 2755 1350 2787 suis
1359 2753 1550 2786 sannorum
1562 2752 1725 2788 Tabulis:
1754 2755 1879 2787 sandius
1893 2757 2027 2788 Rutilius
2039 2759 2150 2794 Μανίαν
2160 2778 2170 2793 ,
2192 2754 2214 2771 ²*
2228 2746 2305 2781 ‘³¹¹8'

1288 2815 1351 2837 cum
1357 2801 1473 2846 saepius
1484 2805 1522 2836 de
1531 2805 1587 2836 Ioco
1596 2810 1628 2836 in
1637 2806 1729 2837 locum
1735 2803 2087 2850 perftcutionemfugff’t
2100 2828 2110 2843 ,
2137 2805 2171 2837 et

1284 2855 1448 2896 periculum
1461 2855 1611 2886 interdum
1620 2861 1712 2887 etiam
1720 2861 1848 2896 pecum'a
1859 2856 2019 2898 redemiffet
2028 2879 2038 2894 ,
2059 2865 2096 2886 ex
2109 2860 2171 2885 ino-

1285 2906 1391 2946 pinate
1411 2904 1574 2945 aliquando
1585 2903 1785 2947 deprehensus
1796 2929 1808 2945 ,
1834 2906 1868 2938 (9
1892 2903 2014 2946 Praefidi
2031 2903 2146 2936 oblatus
2159 2928 2170 2943 ‚

1290 2960 1444 2986 tormentis
1457 2954 1599 2995 plurimis
1609 2962 1763 2988 cruciatur.
1795 2955 1921 2988 Demum
1943 2953 2060 2998 ignibus
2071 2955 2168 2985 tradi-

1289 3014 1338 3036 tus
1351 3028 1361 3044 ‚
1388 3009 1498 3047 egregio
1519 3007 1660 3042 Martyrio
1682 3015 1842 3037 coronatur.
1882 3005 1961 3037 Haec
1983 3002 2078 3037 verba
2096 3004 2171 3037 sunt

1289 3053 1460 3087 manifeste
1481 3053 1647 3098 desumpta
1667 3066 1708 3088 ex
1733 3055 1901 3097 Septimio.
1935 3052 2060 3087 Verum
2082 3052 2172 3096 Apo-

1289 3103 1404 3137 stolica
1426 3103 1523 3137 Sedes
1540 3104 1609 3147 ejus
1632 3103 1905 3138 Montanisticam
1930 3103 2099 3136 censuram
2121 3114 2173 3136 ex-

1291 3154 1430 3197 punxit,
1457 3153 1599 3198 ideoque
1620 3155 1655 3188 &
1674 3153 1883 3198 improbavit.
1912 3153 2081 3186 Dominus
2104 3153 2189 3193 Caef,

1290 3205 1337 3237 sar
1349 3203 1535 3237 cardinalis
1548 3204 1709 3238 BatonIus
1718 3204 1783 3237 suis
1792 3203 1832 3237 ad
1845 3203 1954 3236 Sacras
1964 3202 2039 3236 istas
2057 3202 2174 3236 Tabu-
2191 3198 2346 3238 mapsa..-

1292 3254 1338 3287 las
1349 3252 1489 3287 Scholiis
1501 3255 1640 3288 affirmat
1651 3254 1747 3287 istum
1755 3252 1936 3287 redimendi
1946 3252 2084 3286 modum
2094 3263 2174 3287 tunc

1294 3304 1387 3337 fuisse
1410 3310 1527 3337 noviter
1546 3311 1703 3338 inventum
1722 3329 1734 3344 ‚
1769 3303 1910 3345 ideoque
1927 3302 1946 3335 a
1970 3303 2176 3337 Montanista

1293 3354 1505 3388 Tertulliano
1526 3354 1723 3388 damnatum.
1760 3352 1834 3397 Ego
1857 3352 1952 3388 credo
1976 3353 2069 3387 fuiffe
2089 3364 2177 3386 vetu-

1294 3403 1389 3437 stum.
1421 3404 1517 3437 Certe
1528 3404 1548 3436 fi
1563 3414 1668 3436 novus
1677 3402 1784 3436 fuisset
1796 3426 1806 3442 ,
1833 3402 2062 3437 Tertullianus
2072 3404 2178 3447 ipsum

1294 3453 1349 3488 fibi
1363 3454 1603 3489 familiarissima
1614 3452 1865 3488 Posterioritatis
1878 3452 2119 3498 Praescriptione
2130 3453 2179 3485 in-

2045 3502 2174 3536 vafiffet.
