<?xml version="1.0" encoding="UTF-8"?>
<!DOCTYPE html PUBLIC "-//W3C//DTD XHTML 1.0 Transitional//EN"
    "http://www.w3.org/TR/xhtml1/DTD/xhtml1-transitional.dtd">
<html xmlns="http://www.w3.org/1999/xhtml" xml:lang="en" lang="en">
 <head>
  <title>
</title>
<meta http-equiv="Content-Type" content="text/html;charset=utf-8" />
  <meta name='ocr-system' content='tesseract 3.04.00' />
  <meta name='ocr-capabilities' content='ocr_page ocr_carea ocr_par ocr_line ocrx_word'/>
</head>
<body>
  <div class='ocr_page' id='page_1' title='image "./operaomniastudio01lupuuoft_0419.png"; bbox 0 0 2346 3776; ppageno 0'>
   <div class='ocr_carea' id='block_1_1' title="bbox 674 84 1698 141">
    <p class='ocr_par' dir='ltr' id='par_1_1' title="bbox 674 84 1698 141">
     <span class='ocr_line' id='line_1_1' title="bbox 674 84 1698 141; baseline 0.004 -13"><span class='ocrx_word' id='word_1_1' title='bbox 674 84 977 141; x_wconf 65' lang='lat' dir='ltr'>Scaurus,</span> <span class='ocrx_word' id='word_1_2' title='bbox 1015 98 1077 128; x_wconf 73' lang='lat' dir='ltr'>nr</span> <span class='ocrx_word' id='word_1_3' title='bbox 1112 96 1285 128; x_wconf 71' lang='lat' dir='ltr'>Nous</span> <span class='ocrx_word' id='word_1_4' title='bbox 1321 96 1698 132; x_wconf 73' lang='lat' dir='ltr'>ntusrRAn.</span> 
     </span>
    </p>
   </div>
   <div class='ocr_carea' id='block_1_2' title="bbox 279 165 1154 365">
    <p class='ocr_par' dir='ltr' id='par_1_2' title="bbox 279 165 1154 365">
     <span class='ocr_line' id='line_1_2' title="bbox 279 165 1154 213; baseline -0.002 -9"><span class='ocrx_word' id='word_1_5' title='bbox 279 170 425 204; x_wconf 77' lang='lat' dir='ltr'>divimus</span> <span class='ocrx_word' id='word_1_6' title='bbox 434 168 475 204; x_wconf 85' lang='lat' dir='ltr'>ab</span> <span class='ocrx_word' id='word_1_7' title='bbox 497 169 567 213; x_wconf 90' lang='lat' dir='ltr'>ipso</span> <span class='ocrx_word' id='word_1_8' title='bbox 580 165 747 211; x_wconf 84' lang='lat' dir='ltr'>Apostolo</span> <span class='ocrx_word' id='word_1_9' title='bbox 768 169 879 203; x_wconf 82' lang='lat' dir='ltr'>vocati</span> <span class='ocrx_word' id='word_1_10' title='bbox 899 167 1070 207; x_wconf 81' lang='lat' dir='ltr'>stultitiam</span> <span class='ocrx_word' id='word_1_11' title='bbox 1082 179 1154 212; x_wconf 80' lang='lat' dir='ltr'>prae·</span> 
     </span>
     <span class='ocr_line' id='line_1_3' title="bbox 281 218 1152 262; baseline -0.002 -8"><span class='ocrx_word' id='word_1_12' title='bbox 281 219 459 255; x_wconf 86' lang='lat' dir='ltr'>dicationis</span> <span class='ocrx_word' id='word_1_13' title='bbox 479 244 491 260; x_wconf 89' lang='lat'><strong>,</strong></span> <span class='ocrx_word' id='word_1_14' title='bbox 525 219 561 253; x_wconf 86' lang='lat'>&amp;</span> <span class='ocrx_word' id='word_1_15' title='bbox 579 218 675 252; x_wconf 88' lang='lat' dir='ltr'>omni</span> <span class='ocrx_word' id='word_1_16' title='bbox 701 218 858 262; x_wconf 83' lang='lat' dir='ltr'>sapientia</span> <span class='ocrx_word' id='word_1_17' title='bbox 884 218 1060 262; x_wconf 75' lang='lat' dir='ltr'>sapientius</span> <span class='ocrx_word' id='word_1_18' title='bbox 1086 219 1152 253; x_wconf 93' lang='lat' dir='ltr'>Dei</span> 
     </span>
     <span class='ocr_line' id='line_1_4' title="bbox 280 266 1152 312; baseline 0 -8"><span class='ocrx_word' id='word_1_19' title='bbox 280 270 417 304; x_wconf 84' lang='lat' dir='ltr'>stultum</span> <span class='ocrx_word' id='word_1_20' title='bbox 436 282 444 302; x_wconf 94' lang='lat'><strong>:</strong></span> <span class='ocrx_word' id='word_1_21' title='bbox 471 266 594 303; x_wconf 87' lang='lat' dir='ltr'>Noluit</span> <span class='ocrx_word' id='word_1_22' title='bbox 618 266 840 306; x_wconf 84' lang='lat' dir='ltr'>nihilominus</span> <span class='ocrx_word' id='word_1_23' title='bbox 860 268 949 303; x_wconf 90' lang='lat' dir='ltr'>idem</span> <span class='ocrx_word' id='word_1_24' title='bbox 971 268 1152 312; x_wconf 82' lang='lat' dir='ltr'>Apostolus</span> 
     </span>
     <span class='ocr_line' id='line_1_5' title="bbox 279 317 1153 365; baseline 0 -10"><span class='ocrx_word' id='word_1_25' title='bbox 279 321 429 365; x_wconf 87' lang='lat' dir='ltr'>gentium</span> <span class='ocrx_word' id='word_1_26' title='bbox 441 341 453 358; x_wconf 87' lang='lat'><strong><em>‚</em></strong></span> <span class='ocrx_word' id='word_1_27' title='bbox 479 317 699 361; x_wconf 88' lang='lat' dir='ltr'>quibusdatus</span> <span class='ocrx_word' id='word_1_28' title='bbox 708 319 913 364; x_wconf 71' lang='lat' dir='ltr'>singulariter</span> <span class='ocrx_word' id='word_1_29' title='bbox 923 318 1050 353; x_wconf 70' lang='lat' dir='ltr'>Dostor</span> <span class='ocrx_word' id='word_1_30' title='bbox 1064 342 1076 360; x_wconf 88' lang='lat'>,</span> <span class='ocrx_word' id='word_1_31' title='bbox 1099 331 1153 355; x_wconf 81' lang='lat' dir='ltr'>au·</span> 
     </span>
    </p>
   </div>
   <div class='ocr_carea' id='block_1_3' title="bbox 207 365 1151 414">
    <p class='ocr_par' dir='ltr' id='par_1_3' title="bbox 207 365 1151 414">
     <span class='ocr_line' id='line_1_6' title="bbox 207 365 1151 414; baseline 0.002 -12"><span class='ocrx_word' id='word_1_32' title='bbox 207 386 209 388; x_wconf 97' lang='lat'>·</span> <span class='ocrx_word' id='word_1_33' title='bbox 278 378 330 406; x_wconf 69' lang='lat' dir='ltr'>&#39;res</span> <span class='ocrx_word' id='word_1_34' title='bbox 348 367 513 403; x_wconf 85' lang='lat' dir='ltr'>offendere</span> <span class='ocrx_word' id='word_1_35' title='bbox 525 365 582 403; x_wconf 84' lang='lat' dir='ltr'>aut</span> <span class='ocrx_word' id='word_1_36' title='bbox 594 379 720 403; x_wconf 89' lang='lat' dir='ltr'>mentes</span> <span class='ocrx_word' id='word_1_37' title='bbox 742 368 958 404; x_wconf 79' lang='lat' dir='ltr'>scandalizare</span> <span class='ocrx_word' id='word_1_38' title='bbox 971 392 982 408; x_wconf 89' lang='lat'>‚</span> <span class='ocrx_word' id='word_1_39' title='bbox 1009 370 1151 414; x_wconf 86' lang='lat' dir='ltr'>ideoque</span> 
     </span>
    </p>
   </div>
   <div class='ocr_carea' id='block_1_4' title="bbox 91 823 255 939">
    <p class='ocr_par' dir='ltr' id='par_1_4' title="bbox 91 823 255 939">
     <span class='ocr_line' id='line_1_7' title="bbox 91 823 255 860; baseline -0.012 -6"><span class='ocrx_word' id='word_1_40' title='bbox 91 831 93 833; x_wconf 78' lang='grc'>’</span> <span class='ocrx_word' id='word_1_41' title='bbox 102 823 255 860; x_wconf 81' lang='lat' dir='ltr'>1..3.Conc.</span> 
     </span>
     <span class='ocr_line' id='line_1_8' title="bbox 100 864 200 903; baseline -0.03 -9"><span class='ocrx_word' id='word_1_42' title='bbox 100 864 200 903; x_wconf 81' lang='lat' dir='ltr'>Ephel.</span> 
     </span>
     <span class='ocr_line' id='line_1_9' title="bbox 102 913 179 939; baseline 0 0"><span class='ocrx_word' id='word_1_43' title='bbox 102 913 146 939; x_wconf 73' lang='lat'>03</span> <span class='ocrx_word' id='word_1_44' title='bbox 154 915 164 939; x_wconf 88' lang='lat'>5</span> <span class='ocrx_word' id='word_1_45' title='bbox 171 925 179 932; x_wconf 88' lang='lat'><strong>·</strong></span> 
     </span>
    </p>
   </div>
   <div class='ocr_carea' id='block_1_5' title="bbox 95 962 217 1022">
    <p class='ocr_par' dir='ltr' id='par_1_5' title="bbox 95 962 217 1022">
     <span class='ocr_line' id='line_1_10' title="bbox 95 962 217 1022; baseline -0.041 -7"><span class='ocrx_word' id='word_1_46' title='bbox 95 962 217 1022; x_wconf 39' lang='lat' dir='ltr'>xpm.</span> 
     </span>
    </p>
   </div>
   <div class='ocr_carea' id='block_1_6' title="bbox 273 418 1153 865">
    <p class='ocr_par' dir='ltr' id='par_1_6' title="bbox 273 418 1153 865">
     <span class='ocr_line' id='line_1_11' title="bbox 275 418 1153 467; baseline -0.001 -12"><span class='ocrx_word' id='word_1_47' title='bbox 275 418 442 462; x_wconf 84' lang='lat' dir='ltr'>duplicem</span> <span class='ocrx_word' id='word_1_48' title='bbox 454 418 715 467; x_wconf 73' lang='lat' dir='ltr'>moderationem</span> <span class='ocrx_word' id='word_1_49' title='bbox 726 419 876 462; x_wconf 85' lang='lat' dir='ltr'>adposuit</span> <span class='ocrx_word' id='word_1_50' title='bbox 888 418 987 453; x_wconf 89' lang='lat' dir='ltr'>verbo</span> <span class='ocrx_word' id='word_1_51' title='bbox 996 420 1055 454; x_wconf 88' lang='lat' dir='ltr'>suo</span> <span class='ocrx_word' id='word_1_52' title='bbox 1066 445 1077 461; x_wconf 89' lang='lat'>‚</span> <span class='ocrx_word' id='word_1_53' title='bbox 1104 419 1153 454; x_wconf 69' lang='lat' dir='ltr'>di÷</span> 
     </span>
     <span class='ocr_line' id='line_1_12' title="bbox 275 468 1148 510; baseline 0.001 -7"><span class='ocrx_word' id='word_1_54' title='bbox 275 479 354 503; x_wconf 89' lang='lat' dir='ltr'>cens</span> <span class='ocrx_word' id='word_1_55' title='bbox 373 494 384 510; x_wconf 89' lang='lat'>,</span> <span class='ocrx_word' id='word_1_56' title='bbox 412 480 481 502; x_wconf 91' lang='lat' dir='ltr'>non</span> <span class='ocrx_word' id='word_1_57' title='bbox 502 472 600 508; x_wconf 83' lang='lat' dir='ltr'>Deum</span> <span class='ocrx_word' id='word_1_58' title='bbox 620 494 631 510; x_wconf 91' lang='lat'>‚</span> <span class='ocrx_word' id='word_1_59' title='bbox 658 469 712 503; x_wconf 90' lang='lat' dir='ltr'>sed</span> <span class='ocrx_word' id='word_1_60' title='bbox 732 468 884 509; x_wconf 85' lang='lat' dir='ltr'>Christum</span> <span class='ocrx_word' id='word_1_61' title='bbox 898 494 909 510; x_wconf 95' lang='lat'>‚</span> <span class='ocrx_word' id='word_1_62' title='bbox 934 470 983 503; x_wconf 91' lang='lat' dir='ltr'>uti</span> <span class='ocrx_word' id='word_1_63' title='bbox 1005 469 1041 502; x_wconf 91' lang='lat' dir='ltr'>in</span> <span class='ocrx_word' id='word_1_64' title='bbox 1062 469 1148 507; x_wconf 83' lang='lat' dir='ltr'>libro</span> 
     </span>
     <span class='ocr_line' id='line_1_13' title="bbox 274 518 1152 564; baseline 0.001 -12"><span class='ocrx_word' id='word_1_65' title='bbox 274 529 391 553; x_wconf 88' lang='lat' dir='ltr'>contra</span> <span class='ocrx_word' id='word_1_66' title='bbox 411 519 592 558; x_wconf 84' lang='lat' dir='ltr'>sermonem</span> <span class='ocrx_word' id='word_1_67' title='bbox 616 518 819 554; x_wconf 85' lang='lat' dir='ltr'>Arianorum</span> <span class='ocrx_word' id='word_1_68' title='bbox 838 520 974 554; x_wconf 64' lang='lat' dir='ltr'>Sanctus</span> <span class='ocrx_word' id='word_1_69' title='bbox 994 519 1152 564; x_wconf 85' lang='lat' dir='ltr'>Augusti.-</span> 
     </span>
     <span class='ocr_line' id='line_1_14' title="bbox 274 568 1150 614; baseline 0.001 -12"><span class='ocrx_word' id='word_1_70' title='bbox 274 580 338 603; x_wconf 83' lang='lat' dir='ltr'>nus</span> <span class='ocrx_word' id='word_1_71' title='bbox 351 568 518 614; x_wconf 79' lang='lat' dir='ltr'>loquitur,</span> <span class='ocrx_word' id='word_1_72' title='bbox 545 571 674 612; x_wconf 75' lang='lat' dir='ltr'>duplicis</span> <span class='ocrx_word' id='word_1_73' title='bbox 679 568 857 612; x_wconf 76' lang='lat' dir='ltr'>substantiae</span> <span class='ocrx_word' id='word_1_74' title='bbox 861 576 1037 613; x_wconf 77' lang='lat' dir='ltr'>gigantem,</span> <span class='ocrx_word' id='word_1_75' title='bbox 1064 581 1150 603; x_wconf 86' lang='lat' dir='ltr'>mor-</span> 
     </span>
     <span class='ocr_line' id='line_1_15' title="bbox 274 617 1148 664; baseline 0.001 -11"><span class='ocrx_word' id='word_1_76' title='bbox 274 629 371 653; x_wconf 88' lang='lat' dir='ltr'>tuum</span> <span class='ocrx_word' id='word_1_77' title='bbox 382 617 401 661; x_wconf 58' lang='lat'>‚⁴</span> <span class='ocrx_word' id='word_1_78' title='bbox 419 619 518 664; x_wconf 88' lang='lat' dir='ltr'>idque</span> <span class='ocrx_word' id='word_1_79' title='bbox 523 618 686 663; x_wconf 67' lang='lat' dir='ltr'>ficundt&#39;am</span> <span class='ocrx_word' id='word_1_80' title='bbox 698 621 869 661; x_wconf 79' lang='lat' dir='ltr'>Scripturas</span> <span class='ocrx_word' id='word_1_81' title='bbox 883 644 894 659; x_wconf 91' lang='lat'><strong><em>,</em></strong></span> <span class='ocrx_word' id='word_1_82' title='bbox 920 620 953 653; x_wconf 87' lang='lat' dir='ltr'>id</span> <span class='ocrx_word' id='word_1_83' title='bbox 961 620 1006 653; x_wconf 88' lang='lat' dir='ltr'>est</span> <span class='ocrx_word' id='word_1_84' title='bbox 1019 626 1041 659; x_wconf 73' lang='lat'>,&#39;</span> <span class='ocrx_word' id='word_1_85' title='bbox 1055 619 1148 662; x_wconf 82' lang='lat' dir='ltr'>juxta</span> 
     </span>
     <span class='ocr_line' id='line_1_16' title="bbox 274 667 1149 713; baseline 0 -10"><span class='ocrx_word' id='word_1_86' title='bbox 274 669 485 708; x_wconf 86' lang='lat' dir='ltr'>vetustiffima</span> <span class='ocrx_word' id='word_1_87' title='bbox 512 669 669 710; x_wconf 81' lang='lat' dir='ltr'>vaticinia</span> <span class='ocrx_word' id='word_1_88' title='bbox 699 670 852 704; x_wconf 89' lang='lat' dir='ltr'>omniurn</span> <span class='ocrx_word' id='word_1_89' title='bbox 890 667 1149 713; x_wconf 83' lang='lat' dir='ltr'>Prophetarum.</span> 
     </span>
     <span class='ocr_line' id='line_1_17' title="bbox 273 718 1149 764; baseline -0.001 -10"><span class='ocrx_word' id='word_1_90' title='bbox 273 718 398 754; x_wconf 88' lang='lat' dir='ltr'>Noluit</span> <span class='ocrx_word' id='word_1_91' title='bbox 407 720 519 756; x_wconf 87' lang='lat' dir='ltr'>audire</span> <span class='ocrx_word' id='word_1_92' title='bbox 529 719 696 762; x_wconf 82' lang='lat' dir='ltr'>novorum</span> <span class='ocrx_word' id='word_1_93' title='bbox 706 719 901 764; x_wconf 86' lang='lat' dir='ltr'>dogmatum</span> <span class='ocrx_word' id='word_1_94' title='bbox 913 719 1128 757; x_wconf 84' lang='lat' dir='ltr'>adnuntiator</span> <span class='ocrx_word' id='word_1_95' title='bbox 1138 743 1149 760; x_wconf 92' lang='lat'>‚</span> 
     </span>
     <span class='ocr_line' id='line_1_18' title="bbox 273 768 1150 814; baseline -0.001 -10"><span class='ocrx_word' id='word_1_96' title='bbox 273 781 337 804; x_wconf 86' lang='lat' dir='ltr'>nec</span> <span class='ocrx_word' id='word_1_97' title='bbox 348 769 452 804; x_wconf 88' lang='lat' dir='ltr'>videri</span> <span class='ocrx_word' id='word_1_98' title='bbox 473 781 550 804; x_wconf 91' lang='lat' dir='ltr'>cum</span> <span class='ocrx_word' id='word_1_99' title='bbox 569 768 778 808; x_wconf 70' lang='lat' dir='ltr'>Cretensibus</span> <span class='ocrx_word' id='word_1_100' title='bbox 798 770 919 814; x_wconf 78' lang='lat' dir='ltr'>semper</span> <span class='ocrx_word' id='word_1_101' title='bbox 936 769 1150 810; x_wconf 79' lang='lat' dir='ltr'>mendacibus</span> 
     </span>
     <span class='ocr_line' id='line_1_19' title="bbox 278 819 1150 865; baseline 0 -12"><span class='ocrx_word' id='word_1_102' title='bbox 278 819 439 854; x_wconf 85' lang='lat' dir='ltr'>insanire.</span> <span class='ocrx_word' id='word_1_103' title='bbox 466 819 597 854; x_wconf 88' lang='lat' dir='ltr'>Eodem</span> <span class='ocrx_word' id='word_1_104' title='bbox 617 820 720 865; x_wconf 89' lang='lat' dir='ltr'>igitur</span> <span class='ocrx_word' id='word_1_105' title='bbox 747 819 850 854; x_wconf 88' lang='lat' dir='ltr'>modo</span> <span class='ocrx_word' id='word_1_106' title='bbox 871 819 1015 862; x_wconf 85' lang='lat' dir='ltr'>Joannes</span> <span class='ocrx_word' id='word_1_107' title='bbox 1027 819 1150 861; x_wconf 76' lang='lat' dir='ltr'>Antio·</span> 
     </span>
    </p>
   </div>
   <div class='ocr_carea' id='block_1_7' title="bbox 251 868 1148 913">
    <p class='ocr_par' dir='ltr' id='par_1_7' title="bbox 251 868 1148 913">
     <span class='ocr_line' id='line_1_20' title="bbox 251 868 1148 913; baseline -0.001 -8"><span class='ocrx_word' id='word_1_108' title='bbox 251 902 257 905; x_wconf 89' lang='lat'>.</span> <span class='ocrx_word' id='word_1_109' title='bbox 276 868 403 904; x_wconf 87' lang='lat' dir='ltr'>chenus</span> <span class='ocrx_word' id='word_1_110' title='bbox 427 869 610 913; x_wconf 85' lang='lat' dir='ltr'>Episcopus</span> <span class='ocrx_word' id='word_1_111' title='bbox 627 893 639 910; x_wconf 87' lang='lat'><strong>,</strong></span> <span class='ocrx_word' id='word_1_112' title='bbox 667 869 716 913; x_wconf 82' lang='lat' dir='ltr'>uti</span> <span class='ocrx_word' id='word_1_113' title='bbox 728 870 773 904; x_wconf 74' lang='lat' dir='ltr'>&#39;in</span> <span class='ocrx_word' id='word_1_114' title='bbox 793 870 911 910; x_wconf 80' lang='lat' dir='ltr'>litteris</span> <span class='ocrx_word' id='word_1_115' title='bbox 930 869 971 907; x_wconf 81' lang='lat' dir='ltr'>ad</span> <span class='ocrx_word' id='word_1_116' title='bbox 985 868 1148 911; x_wconf 77' lang='lat' dir='ltr'>Acacium</span> 
     </span>
    </p>
   </div>
   <div class='ocr_carea' id='block_1_8' title="bbox 275 918 1148 1015">
    <p class='ocr_par' dir='ltr' id='par_1_8' title="bbox 275 918 1148 1015">
     <span class='ocr_line' id='line_1_21' title="bbox 275 918 1148 964; baseline 0 -11"><span class='ocrx_word' id='word_1_117' title='bbox 275 919 447 953; x_wconf 79' lang='lat' dir='ltr'>Meletinae</span> <span class='ocrx_word' id='word_1_118' title='bbox 473 918 675 963; x_wconf 85' lang='lat' dir='ltr'>Episcopum</span> <span class='ocrx_word' id='word_1_119' title='bbox 694 944 705 961; x_wconf 91' lang='lat'>‚</span> <span class='ocrx_word' id='word_1_120' title='bbox 734 919 926 964; x_wconf 81' lang='lat' dir='ltr'>Eulogium</span> <span class='ocrx_word' id='word_1_121' title='bbox 944 920 1038 963; x_wconf 85' lang='lat' dir='ltr'>suum</span> <span class='ocrx_word' id='word_1_122' title='bbox 1060 919 1148 962; x_wconf 66' lang='lat' dir='ltr'>Pres-⁴</span> 
     </span>
     <span class='ocr_line' id='line_1_22' title="bbox 278 968 1147 1015; baseline 0.001 -13"><span class='ocrx_word' id='word_1_123' title='bbox 278 968 433 1012; x_wconf 79' lang='lat' dir='ltr'>byterum</span> <span class='ocrx_word' id='word_1_124' title='bbox 456 980 494 1011; x_wconf 86' lang='lat' dir='ltr'>ac</span> <span class='ocrx_word' id='word_1_125' title='bbox 506 969 543 1010; x_wconf 83' lang='lat' dir='ltr'>in</span> <span class='ocrx_word' id='word_1_126' title='bbox 555 968 662 1015; x_wconf 86' lang='lat' dir='ltr'>Regia</span> <span class='ocrx_word' id='word_1_127' title='bbox 674 969 755 1010; x_wconf 81' lang='lat' dir='ltr'>urbe</span> <span class='ocrx_word' id='word_1_128' title='bbox 765 968 1011 1014; x_wconf 55' lang='lat' dir='ltr'>,Apocrifarium</span> <span class='ocrx_word' id='word_1_129' title='bbox 1021 994 1032 1010; x_wconf 89' lang='lat'>‚</span> <span class='ocrx_word' id='word_1_130' title='bbox 1044 985 1049 993; x_wconf 51' lang='lat'><em>*</em></span> <span class='ocrx_word' id='word_1_131' title='bbox 1061 970 1097 1004; x_wconf 73' lang='grc' dir='ltr'>ἀ</span> <span class='ocrx_word' id='word_1_132' title='bbox 1107 969 1147 1003; x_wconf 87' lang='lat' dir='ltr'>ad</span> 
     </span>
    </p>
   </div>
   <div class='ocr_carea' id='block_1_9' title="bbox 242 1019 1150 1064">
    <p class='ocr_par' dir='ltr' id='par_1_9' title="bbox 242 1019 1150 1064">
     <span class='ocr_line' id='line_1_23' title="bbox 242 1019 1150 1064; baseline -0.002 -10"><span class='ocrx_word' id='word_1_133' title='bbox 242 1057 244 1059; x_wconf 67' lang='grc'><strong>,</strong></span> <span class='ocrx_word' id='word_1_134' title='bbox 272 1019 459 1054; x_wconf 77' lang='lat' dir='ltr'>Succeffum</span> <span class='ocrx_word' id='word_1_135' title='bbox 472 1020 673 1064; x_wconf 84' lang='lat' dir='ltr'>Episcopum</span> <span class='ocrx_word' id='word_1_136' title='bbox 686 1020 925 1063; x_wconf 75' lang='lat' dir='ltr'>Dio-Caesaraeae</span> <span class='ocrx_word' id='word_1_137' title='bbox 934 1021 1070 1055; x_wconf 71' lang='lat' dir='ltr'>San&#39;stus</span> <span class='ocrx_word' id='word_1_138' title='bbox 1081 1019 1150 1062; x_wconf 87' lang='lat' dir='ltr'>Cy-</span> 
     </span>
    </p>
   </div>
   <div class='ocr_carea' id='block_1_10' title="bbox 91 2460 251 2537">
    <p class='ocr_par' dir='ltr' id='par_1_10' title="bbox 91 2460 251 2537">
     <span class='ocr_line' id='line_1_24' title="bbox 92 2460 248 2490; baseline -0.013 0"><span class='ocrx_word' id='word_1_139' title='bbox 92 2462 122 2490; x_wconf 73' lang='lat' dir='ltr'>L.</span> <span class='ocrx_word' id='word_1_140' title='bbox 130 2471 139 2488; x_wconf 75' lang='grc' dir='ltr'>ι</span> <span class='ocrx_word' id='word_1_141' title='bbox 146 2460 248 2489; x_wconf 76' lang='grc' dir='ltr'>,(ῒοης.</span> 
     </span>
     <span class='ocr_line' id='line_1_25' title="bbox 91 2497 251 2537; baseline -0.038 -5"><span class='ocrx_word' id='word_1_142' title='bbox 91 2497 251 2537; x_wconf 50' lang='lat' dir='ltr'>Epheson</span> 
     </span>
    </p>
   </div>
   <div class='ocr_carea' id='block_1_11' title="bbox 91 3115 212 3153">
    <p class='ocr_par' dir='ltr' id='par_1_11' title="bbox 91 3115 212 3153">
     <span class='ocr_line' id='line_1_26' title="bbox 91 3115 212 3153; baseline -0.017 -8"><span class='ocrx_word' id='word_1_143' title='bbox 91 3115 212 3153; x_wconf 56' lang='lat' dir='ltr'>Cap-119.</span> 
     </span>
    </p>
   </div>
   <div class='ocr_carea' id='block_1_12' title="bbox 92 3342 229 3383">
    <p class='ocr_par' dir='ltr' id='par_1_12' title="bbox 92 3342 229 3383">
     <span class='ocr_line' id='line_1_27' title="bbox 92 3342 229 3383; baseline -0.015 -7"><span class='ocrx_word' id='word_1_144' title='bbox 92 3342 156 3376; x_wconf 60' lang='lat'>121.</span> <span class='ocrx_word' id='word_1_145' title='bbox 172 3355 229 3383; x_wconf 85' lang='lat' dir='ltr'>c.3.</span> 
     </span>
    </p>
   </div>
   <div class='ocr_carea' id='block_1_13' title="bbox 271 1068 1149 1265">
    <p class='ocr_par' dir='ltr' id='par_1_13' title="bbox 271 1068 1149 1265">
     <span class='ocr_line' id='line_1_28' title="bbox 272 1068 1149 1115; baseline -0.001 -12"><span class='ocrx_word' id='word_1_146' title='bbox 272 1069 368 1103; x_wconf 75' lang='lat' dir='ltr'>xillus</span> <span class='ocrx_word' id='word_1_147' title='bbox 384 1068 518 1110; x_wconf 84' lang='lat' dir='ltr'>scribit,</span> <span class='ocrx_word' id='word_1_148' title='bbox 544 1069 586 1107; x_wconf 77' lang='lat' dir='ltr'>ab</span> <span class='ocrx_word' id='word_1_149' title='bbox 615 1070 711 1113; x_wconf 81' lang='lat' dir='ltr'>omni</span> <span class='ocrx_word' id='word_1_150' title='bbox 732 1069 880 1114; x_wconf 57' lang='lat' dir='ltr'>Ariana,</span> <span class='ocrx_word' id='word_1_151' title='bbox 908 1068 1149 1115; x_wconf 85' lang='lat' dir='ltr'>Apollinaristi·</span> 
     </span>
     <span class='ocr_line' id='line_1_29' title="bbox 272 1119 1148 1165; baseline -0.001 -12"><span class='ocrx_word' id='word_1_152' title='bbox 272 1130 341 1160; x_wconf 78' lang='lat' dir='ltr'>cae,</span> <span class='ocrx_word' id='word_1_153' title='bbox 366 1130 405 1154; x_wconf 90' lang='lat' dir='ltr'>ac</span> <span class='ocrx_word' id='word_1_154' title='bbox 426 1119 647 1161; x_wconf 83' lang='lat' dir='ltr'>Eunomianae</span> <span class='ocrx_word' id='word_1_155' title='bbox 664 1120 807 1165; x_wconf 71' lang='lat' dir='ltr'>perfidiae</span> <span class='ocrx_word' id='word_1_156' title='bbox 827 1145 839 1161; x_wconf 93' lang='lat'>,</span> <span class='ocrx_word' id='word_1_157' title='bbox 866 1119 991 1156; x_wconf 87' lang='lat' dir='ltr'>Christi</span> <span class='ocrx_word' id='word_1_158' title='bbox 1005 1119 1148 1155; x_wconf 87' lang='lat' dir='ltr'>Domini</span> 
     </span>
     <span class='ocr_line' id='line_1_30' title="bbox 272 1167 1149 1215; baseline -0.001 -12"><span class='ocrx_word' id='word_1_159' title='bbox 272 1178 405 1204; x_wconf 80' lang='lat' dir='ltr'>naturas</span> <span class='ocrx_word' id='word_1_160' title='bbox 413 1169 651 1209; x_wconf 83' lang='lat' dir='ltr'>confundentis</span> <span class='ocrx_word' id='word_1_161' title='bbox 659 1167 671 1212; x_wconf 78' lang='lat'>,&#39;</span> <span class='ocrx_word' id='word_1_162' title='bbox 696 1182 734 1205; x_wconf 87' lang='lat' dir='ltr'>ac</span> <span class='ocrx_word' id='word_1_163' title='bbox 746 1171 849 1215; x_wconf 85' lang='lat' dir='ltr'>ipsam</span> <span class='ocrx_word' id='word_1_164' title='bbox 867 1171 1037 1205; x_wconf 89' lang='lat' dir='ltr'>Deitatem</span> <span class='ocrx_word' id='word_1_165' title='bbox 1046 1170 1149 1204; x_wconf 87' lang='lat' dir='ltr'>cruci·</span> 
     </span>
     <span class='ocr_line' id='line_1_31' title="bbox 271 1219 1148 1265; baseline 0.002 -13"><span class='ocrx_word' id='word_1_166' title='bbox 271 1219 407 1264; x_wconf 85' lang='lat' dir='ltr'>figentis</span> <span class='ocrx_word' id='word_1_167' title='bbox 428 1244 440 1260; x_wconf 94' lang='lat'>‚</span> <span class='ocrx_word' id='word_1_168' title='bbox 466 1220 649 1264; x_wconf 86' lang='lat' dir='ltr'>suspicione</span> <span class='ocrx_word' id='word_1_169' title='bbox 666 1244 678 1260; x_wconf 93' lang='lat'><em>‚</em></span> <span class='ocrx_word' id='word_1_170' title='bbox 702 1221 736 1255; x_wconf 77' lang='grc' dir='ltr'>δε</span> <span class='ocrx_word' id='word_1_171' title='bbox 755 1232 827 1265; x_wconf 84' lang='lat' dir='ltr'>qua:</span> <span class='ocrx_word' id='word_1_172' title='bbox 848 1220 926 1255; x_wconf 78' lang='lat' dir='ltr'>inde</span> <span class='ocrx_word' id='word_1_173' title='bbox 947 1220 1035 1254; x_wconf 88' lang='lat' dir='ltr'>nasci</span> <span class='ocrx_word' id='word_1_174' title='bbox 1058 1228 1148 1263; x_wconf 89' lang='lat' dir='ltr'>pote-</span> 
     </span>
    </p>
   </div>
   <div class='ocr_carea' id='block_1_14' title="bbox 1928 90 2029 149">
    <p class='ocr_par' dir='ltr' id='par_1_14' title="bbox 1928 90 2029 149">
     <span class='ocr_line' id='line_1_32' title="bbox 1928 90 2029 149; baseline 0 -11"><span class='ocrx_word' id='word_1_175' title='bbox 1928 90 2029 149; x_wconf 76' lang='lat'>381⁴</span> 
     </span>
    </p>
   </div>
   <div class='ocr_carea' id='block_1_15' title="bbox 1214 166 2102 1163">
    <p class='ocr_par' dir='ltr' id='par_1_15' title="bbox 1214 166 2102 1163">
     <span class='ocr_line' id='line_1_33' title="bbox 1218 166 2100 216; baseline 0.002 -14"><span class='ocrx_word' id='word_1_176' title='bbox 1218 167 1315 202; x_wconf 88' lang='lat' dir='ltr'>tutari</span> <span class='ocrx_word' id='word_1_177' title='bbox 1338 166 1464 208; x_wconf 89' lang='lat' dir='ltr'>voluit,</span> <span class='ocrx_word' id='word_1_178' title='bbox 1489 176 1588 212; x_wconf 87' lang='lat' dir='ltr'>atque</span> <span class='ocrx_word' id='word_1_179' title='bbox 1609 168 1656 203; x_wconf 92' lang='lat' dir='ltr'>ita</span> <span class='ocrx_word' id='word_1_180' title='bbox 1677 180 1746 203; x_wconf 88' lang='lat' dir='ltr'>non</span> <span class='ocrx_word' id='word_1_181' title='bbox 1771 171 1906 216; x_wconf 86' lang='lat' dir='ltr'>Deum,</span> <span class='ocrx_word' id='word_1_182' title='bbox 1932 174 1988 209; x_wconf 88' lang='lat' dir='ltr'>sed</span> <span class='ocrx_word' id='word_1_183' title='bbox 2001 174 2100 212; x_wconf 64' lang='lat' dir='ltr'>Chri.</span> 
     </span>
     <span class='ocr_line' id='line_1_34' title="bbox 1219 216 2098 267; baseline 0.01 -16"><span class='ocrx_word' id='word_1_184' title='bbox 1219 218 1304 251; x_wconf 88' lang='lat' dir='ltr'>stum</span> <span class='ocrx_word' id='word_1_185' title='bbox 1330 216 1439 258; x_wconf 86' lang='lat' dir='ltr'>dicere</span> <span class='ocrx_word' id='word_1_186' title='bbox 1466 228 1583 259; x_wconf 76' lang='lat' dir='ltr'>natum</span> <span class='ocrx_word' id='word_1_187' title='bbox 1610 242 1622 258; x_wconf 93' lang='lat'>,</span> <span class='ocrx_word' id='word_1_188' title='bbox 1652 220 1846 257; x_wconf 88' lang='lat' dir='ltr'>crucifixum</span> <span class='ocrx_word' id='word_1_189' title='bbox 1869 247 1880 264; x_wconf 92' lang='lat'>‚</span> <span class='ocrx_word' id='word_1_190' title='bbox 1906 235 2098 267; x_wconf 83' lang='lat' dir='ltr'>mortuum,</span> 
     </span>
     <span class='ocr_line' id='line_1_35' title="bbox 1219 266 2098 318; baseline 0.011 -18"><span class='ocrx_word' id='word_1_191' title='bbox 1219 267 1380 312; x_wconf 88' lang='lat' dir='ltr'>sepultum</span> <span class='ocrx_word' id='word_1_192' title='bbox 1391 287 1399 300; x_wconf 39' lang='lat' dir='ltr'>v.</span> <span class='ocrx_word' id='word_1_193' title='bbox 1428 266 1500 307; x_wconf 75' lang='lat' dir='ltr'>Aut</span> <span class='ocrx_word' id='word_1_194' title='bbox 1512 269 1619 305; x_wconf 73' lang='lat' dir='ltr'>forsan</span> <span class='ocrx_word' id='word_1_195' title='bbox 1638 268 1672 306; x_wconf 87' lang='lat' dir='ltr'>in</span> <span class='ocrx_word' id='word_1_196' title='bbox 1686 270 1935 315; x_wconf 49' lang='lat' dir='ltr'>omnia‘Cyrilli</span> <span class='ocrx_word' id='word_1_197' title='bbox 1952 276 2098 318; x_wconf 84' lang='lat' dir='ltr'>capitula</span> 
     </span>
     <span class='ocr_line' id='line_1_36' title="bbox 1217 317 2098 365; baseline 0.009 -14"><span class='ocrx_word' id='word_1_198' title='bbox 1217 317 1419 362; x_wconf 76' lang='lat' dir='ltr'>&amp;dogmata</span> <span class='ocrx_word' id='word_1_199' title='bbox 1437 318 1524 362; x_wconf 72' lang='lat' dir='ltr'>quasi</span> <span class='ocrx_word' id='word_1_200' title='bbox 1544 319 1646 353; x_wconf 64' lang='lat' dir='ltr'>vistus</span> <span class='ocrx_word' id='word_1_201' title='bbox 1669 319 1863 362; x_wconf 77' lang='lat' dir='ltr'>descendere</span> <span class='ocrx_word' id='word_1_202' title='bbox 1881 324 1991 358; x_wconf 84' lang='lat' dir='ltr'>noluit</span> <span class='ocrx_word' id='word_1_203' title='bbox 2004 349 2015 365; x_wconf 86' lang='lat'>‚</span> <span class='ocrx_word' id='word_1_204' title='bbox 2042 325 2098 359; x_wconf 84' lang='lat' dir='ltr'>sed.</span> 
     </span>
     <span class='ocr_line' id='line_1_37' title="bbox 1218 368 2098 414; baseline 0.006 -11"><span class='ocrx_word' id='word_1_205' title='bbox 1218 368 1333 403; x_wconf 83' lang='lat' dir='ltr'>&amp;vice</span> <span class='ocrx_word' id='word_1_206' title='bbox 1343 369 1434 408; x_wconf 71' lang='lat' dir='ltr'>versa</span> <span class='ocrx_word' id='word_1_207' title='bbox 1446 369 1552 412; x_wconf 84' lang='lat' dir='ltr'>ipsum</span> <span class='ocrx_word' id='word_1_208' title='bbox 1575 379 1694 414; x_wconf 88' lang='lat' dir='ltr'>eogere</span> <span class='ocrx_word' id='word_1_209' title='bbox 1715 369 1758 405; x_wconf 91' lang='lat' dir='ltr'>ad</span> <span class='ocrx_word' id='word_1_210' title='bbox 1768 370 1895 412; x_wconf 89' lang='lat' dir='ltr'>aliquid</span> <span class='ocrx_word' id='word_1_211' title='bbox 1919 374 1966 412; x_wconf 82' lang='lat' dir='ltr'>sui</span> <span class='ocrx_word' id='word_1_212' title='bbox 1979 374 2098 412; x_wconf 81' lang='lat' dir='ltr'>admit-</span> 
     </span>
     <span class='ocr_line' id='line_1_38' title="bbox 1217 418 2097 465; baseline 0.008 -15"><span class='ocrx_word' id='word_1_213' title='bbox 1217 418 1354 452; x_wconf 90' lang='lat' dir='ltr'>tendum</span> <span class='ocrx_word' id='word_1_214' title='bbox 1366 442 1373 449; x_wconf 95' lang='lat'><strong>.</strong></span> <span class='ocrx_word' id='word_1_215' title='bbox 1402 418 1458 454; x_wconf 92' lang='lat' dir='ltr'>Ut</span> <span class='ocrx_word' id='word_1_216' title='bbox 1470 429 1506 460; x_wconf 86' lang='lat' dir='ltr'>ut</span> <span class='ocrx_word' id='word_1_217' title='bbox 1518 419 1577 460; x_wconf 84' lang='lat' dir='ltr'>fit,</span> <span class='ocrx_word' id='word_1_218' title='bbox 1603 419 1753 455; x_wconf 66' lang='lat' dir='ltr'>Ecclesiae</span> <span class='ocrx_word' id='word_1_219' title='bbox 1772 420 1896 465; x_wconf 89' lang='lat' dir='ltr'>dogma</span> <span class='ocrx_word' id='word_1_220' title='bbox 1922 422 2040 463; x_wconf 84' lang='lat' dir='ltr'>sartum</span> <span class='ocrx_word' id='word_1_221' title='bbox 2051 433 2097 459; x_wconf 82' lang='lat' dir='ltr'>te·</span> 
     </span>
     <span class='ocr_line' id='line_1_39' title="bbox 1217 468 2097 509; baseline 0.007 -8"><span class='ocrx_word' id='word_1_222' title='bbox 1217 469 1304 502; x_wconf 69' lang='lat' dir='ltr'>stum</span> <span class='ocrx_word' id='word_1_223' title='bbox 1323 468 1470 503; x_wconf 85' lang='lat' dir='ltr'>servabat</span> <span class='ocrx_word' id='word_1_224' title='bbox 1481 493 1493 509; x_wconf 89' lang='lat'>‚</span> <span class='ocrx_word' id='word_1_225' title='bbox 1518 469 1601 504; x_wconf 89' lang='lat' dir='ltr'>&amp;de</span> <span class='ocrx_word' id='word_1_226' title='bbox 1613 469 1680 504; x_wconf 91' lang='lat' dir='ltr'>sola</span> <span class='ocrx_word' id='word_1_227' title='bbox 1703 482 1785 505; x_wconf 90' lang='lat' dir='ltr'>voce</span> <span class='ocrx_word' id='word_1_228' title='bbox 1794 471 2019 509; x_wconf 85' lang='lat' dir='ltr'>contendebat</span> <span class='ocrx_word' id='word_1_229' title='bbox 2037 473 2097 508; x_wconf 85' lang='lat' dir='ltr'>ista.</span> 
     </span>
     <span class='ocr_line' id='line_1_40' title="bbox 1217 518 2096 565; baseline 0.007 -14"><span class='ocrx_word' id='word_1_230' title='bbox 1217 518 1351 562; x_wconf 83' lang='lat' dir='ltr'>quaestio</span> <span class='ocrx_word' id='word_1_231' title='bbox 1364 542 1375 558; x_wconf 90' lang='lat'>,</span> <span class='ocrx_word' id='word_1_232' title='bbox 1402 518 1541 563; x_wconf 79' lang='lat' dir='ltr'>ideoque</span> <span class='ocrx_word' id='word_1_233' title='bbox 1559 519 1773 556; x_wconf 82' lang='lat' dir='ltr'>diffimulavit</span> <span class='ocrx_word' id='word_1_234' title='bbox 1795 521 1830 555; x_wconf 90' lang='lat'>&amp;</span> <span class='ocrx_word' id='word_1_235' title='bbox 1853 520 2013 564; x_wconf 89' lang='lat' dir='ltr'>postulata</span> <span class='ocrx_word' id='word_1_236' title='bbox 2026 522 2096 565; x_wconf 85' lang='lat' dir='ltr'>Cy-</span> 
     </span>
     <span class='ocr_line' id='line_1_41' title="bbox 1215 567 2098 611; baseline 0.007 -11"><span class='ocrx_word' id='word_1_237' title='bbox 1215 568 1307 601; x_wconf 87' lang='lat' dir='ltr'>rillus</span> <span class='ocrx_word' id='word_1_238' title='bbox 1327 567 1474 602; x_wconf 83' lang='lat' dir='ltr'>admifit.</span> <span class='ocrx_word' id='word_1_239' title='bbox 1500 568 1633 611; x_wconf 78' lang='lat' dir='ltr'>Exinde</span> <span class='ocrx_word' id='word_1_240' title='bbox 1653 580 1764 605; x_wconf 88' lang='lat' dir='ltr'>tamen</span> <span class='ocrx_word' id='word_1_241' title='bbox 1787 571 1912 605; x_wconf 70' lang='lat' dir='ltr'>avariis</span> <span class='ocrx_word' id='word_1_242' title='bbox 1931 571 2098 606; x_wconf 82' lang='lat' dir='ltr'>contradi-</span> 
     </span>
     <span class='ocr_line' id='line_1_42' title="bbox 1216 618 2098 665; baseline 0.005 -14"><span class='ocrx_word' id='word_1_243' title='bbox 1216 619 1343 657; x_wconf 65' lang='lat' dir='ltr'>§tiones</span> <span class='ocrx_word' id='word_1_244' title='bbox 1353 620 1456 661; x_wconf 78' lang='lat' dir='ltr'>passus</span> <span class='ocrx_word' id='word_1_245' title='bbox 1466 618 1534 659; x_wconf 90' lang='lat' dir='ltr'>est,</span> <span class='ocrx_word' id='word_1_246' title='bbox 1559 620 1647 662; x_wconf 88' lang='lat' dir='ltr'>quafi</span> <span class='ocrx_word' id='word_1_247' title='bbox 1668 621 1726 663; x_wconf 89' lang='lat' dir='ltr'>qui</span> <span class='ocrx_word' id='word_1_248' title='bbox 1750 621 1840 665; x_wconf 88' lang='lat' dir='ltr'>pacis</span> <span class='ocrx_word' id='word_1_249' title='bbox 1859 622 1955 656; x_wconf 87' lang='lat' dir='ltr'>causa</span> <span class='ocrx_word' id='word_1_250' title='bbox 1968 619 2098 665; x_wconf 83' lang='lat' dir='ltr'>Epheli-</span> 
     </span>
     <span class='ocr_line' id='line_1_43' title="bbox 1215 667 2097 715; baseline 0.006 -14"><span class='ocrx_word' id='word_1_251' title='bbox 1215 679 1293 709; x_wconf 81' lang='lat' dir='ltr'>narn</span> <span class='ocrx_word' id='word_1_252' title='bbox 1312 667 1412 710; x_wconf 74' lang='lat' dir='ltr'>fidem</span> <span class='ocrx_word' id='word_1_253' title='bbox 1423 669 1457 712; x_wconf 74' lang='grc' dir='ltr'>ὃς</span> <span class='ocrx_word' id='word_1_254' title='bbox 1467 669 1522 704; x_wconf 87' lang='lat' dir='ltr'>sua</span> <span class='ocrx_word' id='word_1_255' title='bbox 1534 668 1688 714; x_wconf 86' lang='lat' dir='ltr'>Capitula</span> <span class='ocrx_word' id='word_1_256' title='bbox 1711 671 1934 714; x_wconf 83' lang='lat' dir='ltr'>praevaricator</span> <span class='ocrx_word' id='word_1_257' title='bbox 1945 671 2097 715; x_wconf 85' lang='lat' dir='ltr'>proderet</span> 
     </span>
     <span class='ocr_line' id='line_1_44' title="bbox 1214 717 2097 765; baseline 0.005 -14"><span class='ocrx_word' id='word_1_258' title='bbox 1214 729 1253 755; x_wconf 83' lang='lat' dir='ltr'>ac</span> <span class='ocrx_word' id='word_1_259' title='bbox 1276 717 1453 759; x_wconf 83' lang='lat' dir='ltr'>venderet,</span> <span class='ocrx_word' id='word_1_260' title='bbox 1479 728 1579 761; x_wconf 87' lang='lat' dir='ltr'>atque</span> <span class='ocrx_word' id='word_1_261' title='bbox 1601 719 1645 754; x_wconf 91' lang='lat' dir='ltr'>ita</span> <span class='ocrx_word' id='word_1_262' title='bbox 1659 720 1694 753; x_wconf 72' lang='grc' dir='ltr'>ὅ(</span> <span class='ocrx_word' id='word_1_263' title='bbox 1707 731 1767 763; x_wconf 88' lang='lat' dir='ltr'>pro</span> <span class='ocrx_word' id='word_1_264' title='bbox 1786 721 1863 755; x_wconf 87' lang='lat' dir='ltr'>se&amp;</span> <span class='ocrx_word' id='word_1_265' title='bbox 1886 732 1945 765; x_wconf 88' lang='lat' dir='ltr'>pro</span> <span class='ocrx_word' id='word_1_266' title='bbox 1967 721 2097 764; x_wconf 80' lang='lat' dir='ltr'>Ioanne</span> 
     </span>
     <span class='ocr_line' id='line_1_45' title="bbox 1215 768 2100 815; baseline 0.005 -14"><span class='ocrx_word' id='word_1_267' title='bbox 1215 768 1401 812; x_wconf 85' lang='lat' dir='ltr'>compulsus</span> <span class='ocrx_word' id='word_1_268' title='bbox 1413 769 1476 803; x_wconf 82' lang='lat' dir='ltr'>suit</span> <span class='ocrx_word' id='word_1_269' title='bbox 1487 768 1528 805; x_wconf 87' lang='lat' dir='ltr'>ad</span> <span class='ocrx_word' id='word_1_270' title='bbox 1538 768 1644 813; x_wconf 89' lang='lat' dir='ltr'>plures</span> <span class='ocrx_word' id='word_1_271' title='bbox 1658 769 1838 813; x_wconf 81' lang='lat' dir='ltr'>Episcopos</span> <span class='ocrx_word' id='word_1_272' title='bbox 1858 771 1994 805; x_wconf 86' lang='lat' dir='ltr'>scribere</span> <span class='ocrx_word' id='word_1_273' title='bbox 2006 771 2100 815; x_wconf 77' lang='lat' dir='ltr'>Apo·</span> 
     </span>
     <span class='ocr_line' id='line_1_46' title="bbox 1214 817 2100 868; baseline 0.006 -18"><span class='ocrx_word' id='word_1_274' title='bbox 1214 817 1337 862; x_wconf 85' lang='lat' dir='ltr'>logias.</span> <span class='ocrx_word' id='word_1_275' title='bbox 1364 818 1445 861; x_wconf 79' lang='lat' dir='ltr'>Ejus</span> <span class='ocrx_word' id='word_1_276' title='bbox 1457 819 1536 855; x_wconf 90' lang='lat' dir='ltr'>item</span> <span class='ocrx_word' id='word_1_277' title='bbox 1559 819 1672 868; x_wconf 84' lang='lat' dir='ltr'>postea</span> <span class='ocrx_word' id='word_1_278' title='bbox 1694 819 1886 865; x_wconf 79' lang='lat' dir='ltr'>apologiam</span> <span class='ocrx_word' id='word_1_279' title='bbox 1906 831 2002 865; x_wconf 86' lang='lat' dir='ltr'>agere</span> <span class='ocrx_word' id='word_1_280' title='bbox 2023 832 2100 855; x_wconf 83' lang='lat' dir='ltr'>coa-</span> 
     </span>
     <span class='ocr_line' id='line_1_47' title="bbox 1214 867 2101 913; baseline 0.002 -11"><span class='ocrx_word' id='word_1_281' title='bbox 1214 869 1283 903; x_wconf 73' lang='lat' dir='ltr'>ssus</span> <span class='ocrx_word' id='word_1_282' title='bbox 1311 868 1356 903; x_wconf 87' lang='lat' dir='ltr'>est</span> <span class='ocrx_word' id='word_1_283' title='bbox 1380 869 1551 913; x_wconf 83' lang='lat' dir='ltr'>Hypatius</span> <span class='ocrx_word' id='word_1_284' title='bbox 1582 867 1760 913; x_wconf 80' lang='lat' dir='ltr'>Ephesinus</span> <span class='ocrx_word' id='word_1_285' title='bbox 1794 868 1814 902; x_wconf 73' lang='grc'>.’</span> <span class='ocrx_word' id='word_1_286' title='bbox 1841 870 1886 908; x_wconf 89' lang='lat' dir='ltr'>Et</span> <span class='ocrx_word' id='word_1_287' title='bbox 1916 869 1997 911; x_wconf 85' lang='lat' dir='ltr'>hinc</span> <span class='ocrx_word' id='word_1_288' title='bbox 2027 879 2101 904; x_wconf 84' lang='lat' dir='ltr'>tan·¹</span> 
     </span>
     <span class='ocr_line' id='line_1_48' title="bbox 1214 918 2102 965; baseline 0 -12"><span class='ocrx_word' id='word_1_289' title='bbox 1214 918 1290 954; x_wconf 89' lang='lat' dir='ltr'>dem</span> <span class='ocrx_word' id='word_1_290' title='bbox 1311 919 1446 953; x_wconf 85' lang='lat' dir='ltr'>evanuit</span> <span class='ocrx_word' id='word_1_291' title='bbox 1467 919 1528 954; x_wconf 89' lang='lat' dir='ltr'>ista</span> <span class='ocrx_word' id='word_1_292' title='bbox 1547 918 1742 965; x_wconf 85' lang='lat' dir='ltr'>Theologia</span> <span class='ocrx_word' id='word_1_293' title='bbox 1763 919 1919 965; x_wconf 84' lang='lat' dir='ltr'>Joannis:</span> <span class='ocrx_word' id='word_1_294' title='bbox 1945 919 2016 963; x_wconf 87' lang='lat' dir='ltr'>Jam</span> <span class='ocrx_word' id='word_1_295' title='bbox 2037 920 2102 963; x_wconf 84' lang='lat' dir='ltr'>pri-</span> 
     </span>
     <span class='ocr_line' id='line_1_49' title="bbox 1214 967 2099 1012; baseline 0.001 -10"><span class='ocrx_word' id='word_1_296' title='bbox 1214 967 1288 1002; x_wconf 92' lang='lat' dir='ltr'>dem</span> <span class='ocrx_word' id='word_1_297' title='bbox 1311 970 1423 1003; x_wconf 89' lang='lat' dir='ltr'>omnis</span> <span class='ocrx_word' id='word_1_298' title='bbox 1445 969 1504 1003; x_wconf 91' lang='lat' dir='ltr'>sub</span> <span class='ocrx_word' id='word_1_299' title='bbox 1525 969 1613 1004; x_wconf 86' lang='lat' dir='ltr'>coelo</span> <span class='ocrx_word' id='word_1_300' title='bbox 1638 969 1780 1005; x_wconf 83' lang='lat' dir='ltr'>Ecclesia</span> <span class='ocrx_word' id='word_1_301' title='bbox 1801 970 1929 1012; x_wconf 89' lang='lat' dir='ltr'>quasvis</span> <span class='ocrx_word' id='word_1_302' title='bbox 1945 968 2099 1004; x_wconf 71' lang='lat' dir='ltr'>humanas</span> 
     </span>
     <span class='ocr_line' id='line_1_50' title="bbox 1215 1018 2095 1060; baseline 0.001 -9"><span class='ocrx_word' id='word_1_303' title='bbox 1215 1019 1418 1059; x_wconf 83' lang='lat' dir='ltr'>infirmitatis</span> <span class='ocrx_word' id='word_1_304' title='bbox 1432 1030 1530 1054; x_wconf 89' lang='lat' dir='ltr'>voces</span> <span class='ocrx_word' id='word_1_305' title='bbox 1542 1031 1610 1053; x_wconf 93' lang='lat' dir='ltr'>non</span> <span class='ocrx_word' id='word_1_306' title='bbox 1622 1020 1753 1054; x_wconf 75' lang='lat' dir='ltr'>tantum</span> <span class='ocrx_word' id='word_1_307' title='bbox 1760 1019 1802 1054; x_wconf 92' lang='lat' dir='ltr'>de</span> <span class='ocrx_word' id='word_1_308' title='bbox 1814 1031 1896 1055; x_wconf 88' lang='lat' dir='ltr'>voce</span> <span class='ocrx_word' id='word_1_309' title='bbox 1909 1044 1919 1060; x_wconf 88' lang='lat'>,</span> <span class='ocrx_word' id='word_1_310' title='bbox 1944 1018 2095 1060; x_wconf 77' lang='lat' dir='ltr'>Christus,</span> 
     </span>
     <span class='ocr_line' id='line_1_51' title="bbox 1215 1066 2099 1113; baseline 0.002 -12"><span class='ocrx_word' id='word_1_311' title='bbox 1215 1068 1269 1108; x_wconf 82' lang='lat' dir='ltr'>sed</span> <span class='ocrx_word' id='word_1_312' title='bbox 1281 1069 1315 1102; x_wconf 90' lang='lat'>&amp;</span> <span class='ocrx_word' id='word_1_313' title='bbox 1327 1066 1369 1102; x_wconf 93' lang='lat' dir='ltr'>de</span> <span class='ocrx_word' id='word_1_314' title='bbox 1387 1079 1489 1110; x_wconf 87' lang='lat' dir='ltr'>voce,</span> <span class='ocrx_word' id='word_1_315' title='bbox 1513 1073 1594 1103; x_wconf 85' lang='lat' dir='ltr'>Deus</span> <span class='ocrx_word' id='word_1_316' title='bbox 1605 1094 1617 1110; x_wconf 92' lang='lat'>,</span> <span class='ocrx_word' id='word_1_317' title='bbox 1642 1069 1792 1104; x_wconf 85' lang='lat' dir='ltr'>adfirmat</span> <span class='ocrx_word' id='word_1_318' title='bbox 1803 1094 1814 1110; x_wconf 93' lang='lat'>,</span> <span class='ocrx_word' id='word_1_319' title='bbox 1839 1069 1939 1113; x_wconf 86' lang='lat' dir='ltr'>idque</span> <span class='ocrx_word' id='word_1_320' title='bbox 1951 1080 1993 1104; x_wconf 84' lang='lat' dir='ltr'>ex</span> <span class='ocrx_word' id='word_1_321' title='bbox 2004 1069 2099 1113; x_wconf 87' lang='lat' dir='ltr'>phra-</span> 
     </span>
     <span class='ocr_line' id='line_1_52' title="bbox 1214 1117 2098 1163; baseline 0.001 -12"><span class='ocrx_word' id='word_1_322' title='bbox 1214 1118 1236 1151; x_wconf 87' lang='lat' dir='ltr'>fi</span> <span class='ocrx_word' id='word_1_323' title='bbox 1259 1118 1378 1161; x_wconf 86' lang='lat' dir='ltr'>&amp;lege</span> <span class='ocrx_word' id='word_1_324' title='bbox 1388 1117 1628 1162; x_wconf 75' lang='lat' dir='ltr'>‚Apostolorum</span> <span class='ocrx_word' id='word_1_325' title='bbox 1642 1142 1653 1159; x_wconf 91' lang='lat'>,</span> <span class='ocrx_word' id='word_1_326' title='bbox 1678 1120 1736 1163; x_wconf 90' lang='lat' dir='ltr'>qui</span> <span class='ocrx_word' id='word_1_327' title='bbox 1759 1120 1948 1154; x_wconf 87' lang='lat' dir='ltr'>scandalum</span> <span class='ocrx_word' id='word_1_328' title='bbox 1968 1120 2098 1160; x_wconf 90' lang='lat' dir='ltr'>crucis,</span> 
     </span>
    </p>
   </div>
   <div class='ocr_carea' id='block_1_16' title="bbox 1188 1168 2097 1212">
    <p class='ocr_par' dir='ltr' id='par_1_16' title="bbox 1188 1168 2097 1212">
     <span class='ocr_line' id='line_1_53' title="bbox 1188 1168 2097 1212; baseline -0.001 -9"><span class='ocrx_word' id='word_1_329' title='bbox 1188 1179 1191 1185; x_wconf 72' lang='grc'>’</span> <span class='ocrx_word' id='word_1_330' title='bbox 1213 1168 1385 1212; x_wconf 89' lang='lat' dir='ltr'>quomodo</span> <span class='ocrx_word' id='word_1_331' title='bbox 1407 1170 1532 1212; x_wconf 85' lang='lat' dir='ltr'>semper</span> <span class='ocrx_word' id='word_1_332' title='bbox 1552 1170 1588 1203; x_wconf 89' lang='lat' dir='ltr'>in</span> <span class='ocrx_word' id='word_1_333' title='bbox 1608 1168 1708 1205; x_wconf 87' lang='lat' dir='ltr'>corde</span> <span class='ocrx_word' id='word_1_334' title='bbox 1728 1169 1762 1203; x_wconf 90' lang='lat'>&amp;</span> <span class='ocrx_word' id='word_1_335' title='bbox 1781 1170 1915 1209; x_wconf 87' lang='lat' dir='ltr'>fronte,</span> <span class='ocrx_word' id='word_1_336' title='bbox 1941 1170 1987 1203; x_wconf 86' lang='lat' dir='ltr'>ita</span> <span class='ocrx_word' id='word_1_337' title='bbox 2010 1169 2043 1202; x_wconf 91' lang='lat'>&amp;</span> <span class='ocrx_word' id='word_1_338' title='bbox 2058 1170 2097 1202; x_wconf 86' lang='lat' dir='ltr'>in</span> 
     </span>
    </p>
   </div>
   <div class='ocr_carea' id='block_1_17' title="bbox 1213 1217 2097 1263">
    <p class='ocr_par' dir='ltr' id='par_1_17' title="bbox 1213 1217 2097 1263">
     <span class='ocr_line' id='line_1_54' title="bbox 1213 1217 2097 1263; baseline 0 -11"><span class='ocrx_word' id='word_1_339' title='bbox 1213 1229 1271 1252; x_wconf 90' lang='lat' dir='ltr'>ore</span> <span class='ocrx_word' id='word_1_340' title='bbox 1290 1219 1439 1262; x_wconf 76' lang='lat' dir='ltr'>portari,</span> <span class='ocrx_word' id='word_1_341' title='bbox 1462 1230 1500 1261; x_wconf 79' lang='lat' dir='ltr'>ac</span> <span class='ocrx_word' id='word_1_342' title='bbox 1516 1231 1588 1260; x_wconf 86' lang='lat' dir='ltr'>non</span> <span class='ocrx_word' id='word_1_343' title='bbox 1608 1219 1754 1263; x_wconf 76' lang='lat' dir='ltr'>erubesci</span> <span class='ocrx_word' id='word_1_344' title='bbox 1774 1219 1886 1255; x_wconf 70' lang='lat' dir='ltr'>averis</span> <span class='ocrx_word' id='word_1_345' title='bbox 1897 1217 2097 1261; x_wconf 67' lang='lat' dir='ltr'>Christianis</span> 
     </span>
    </p>
   </div>
   <div class='ocr_carea' id='block_1_18' title="bbox 272 1267 1417 1338">
    <p class='ocr_par' dir='ltr' id='par_1_18' title="bbox 272 1267 1417 1338">
     <span class='ocr_line' id='line_1_55' title="bbox 272 1267 1417 1338; baseline 0 -36"><span class='ocrx_word' id='word_1_346' title='bbox 272 1278 325 1308; x_wconf 80' lang='lat' dir='ltr'>rat</span> <span class='ocrx_word' id='word_1_347' title='bbox 336 1293 348 1310; x_wconf 92' lang='lat'>,</span> <span class='ocrx_word' id='word_1_348' title='bbox 374 1270 502 1322; x_wconf 79' lang='lat' dir='ltr'>piarum</span> <span class='ocrx_word' id='word_1_349' title='bbox 513 1270 641 1307; x_wconf 87' lang='lat' dir='ltr'>aurium</span> <span class='ocrx_word' id='word_1_350' title='bbox 659 1270 840 1315; x_wconf 73' lang='lat' dir='ltr'>offensione</span> <span class='ocrx_word' id='word_1_351' title='bbox 850 1271 915 1315; x_wconf 85' lang='lat' dir='ltr'>sese</span> <span class='ocrx_word' id='word_1_352' title='bbox 935 1269 1165 1338; x_wconf 48' lang='lat' dir='ltr'>removere&amp;l</span> <span class='ocrx_word' id='word_1_353' title='bbox 1211 1267 1398 1305; x_wconf 88' lang='lat' dir='ltr'>docuerunt</span> <span class='ocrx_word' id='word_1_354' title='bbox 1409 1294 1417 1301; x_wconf 84' lang='grc'><strong>.</strong></span> 
     </span>
    </p>
   </div>
   <div class='ocr_carea' id='block_1_19' title="bbox 654 1481 1719 1555">
    <p class='ocr_par' dir='ltr' id='par_1_19' title="bbox 654 1481 1719 1555">
     <span class='ocr_line' id='line_1_56' title="bbox 654 1481 1719 1555; baseline 0 -28"><span class='ocrx_word' id='word_1_355' title='bbox 654 1485 940 1555; x_wconf 64' lang='lat' dir='ltr'>qurum</span> <span class='ocrx_word' id='word_1_356' title='bbox 974 1481 1013 1526; x_wconf 90' lang='lat' dir='ltr'>S.</span> <span class='ocrx_word' id='word_1_357' title='bbox 1049 1482 1303 1532; x_wconf 82' lang='lat' dir='ltr'>CYRILLI</span> <span class='ocrx_word' id='word_1_358' title='bbox 1338 1482 1719 1535; x_wconf 68' lang='lat' dir='ltr'>Car&gt;1rutum‚</span> 
     </span>
    </p>
   </div>
   <div class='ocr_carea' id='block_1_20' title="bbox 267 1615 2108 1891">
    <p class='ocr_par' dir='ltr' id='par_1_20' title="bbox 267 1615 2108 1827">
     <span class='ocr_line' id='line_1_57' title="bbox 376 1615 2107 1685; baseline 0 -18"><span class='ocrx_word' id='word_1_359' title='bbox 376 1624 398 1673; x_wconf 88' lang='lat' dir='ltr'>I</span> <span class='ocrx_word' id='word_1_360' title='bbox 431 1620 533 1685; x_wconf 86' lang='lat' dir='ltr'>quis</span> <span class='ocrx_word' id='word_1_361' title='bbox 568 1617 716 1667; x_wconf 89' lang='lat' dir='ltr'>dicere</span> <span class='ocrx_word' id='word_1_362' title='bbox 750 1617 880 1666; x_wconf 86' lang='lat' dir='ltr'>audet</span> <span class='ocrx_word' id='word_1_363' title='bbox 917 1617 1138 1673; x_wconf 87' lang='lat' dir='ltr'>Christum</span> <span class='ocrx_word' id='word_1_364' title='bbox 1174 1634 1262 1666; x_wconf 90' lang='lat' dir='ltr'>non</span> <span class='ocrx_word' id='word_1_365' title='bbox 1307 1615 1388 1666; x_wconf 81' lang='lat' dir='ltr'>effe</span> <span class='ocrx_word' id='word_1_366' title='bbox 1423 1635 1575 1667; x_wconf 89' lang='lat' dir='ltr'>verum</span> <span class='ocrx_word' id='word_1_367' title='bbox 1611 1621 1758 1667; x_wconf 90' lang='lat' dir='ltr'>Deum</span> <span class='ocrx_word' id='word_1_368' title='bbox 1793 1655 1807 1678; x_wconf 85' lang='lat'>,</span> <span class='ocrx_word' id='word_1_369' title='bbox 1857 1617 1929 1667; x_wconf 91' lang='lat' dir='ltr'>sed</span> <span class='ocrx_word' id='word_1_370' title='bbox 1962 1621 2107 1669; x_wconf 60' lang='lat' dir='ltr'>homi-&gt;</span> 
     </span>
     <span class='ocr_line' id='line_1_58' title="bbox 267 1620 2108 1776; baseline 0.001 -40"><span class='ocrx_word' id='word_1_371' title='bbox 267 1620 373 1776; x_wconf 80' lang='lat' dir='ltr'>S</span> <span class='ocrx_word' id='word_1_372' title='bbox 410 1706 510 1737; x_wconf 90' lang='lat' dir='ltr'>nem</span> <span class='ocrx_word' id='word_1_373' title='bbox 546 1687 720 1738; x_wconf 71' lang='lat' dir='ltr'>tantum</span> <span class='ocrx_word' id='word_1_374' title='bbox 755 1686 965 1743; x_wconf 83' lang='lat' dir='ltr'>deiferum</span> <span class='ocrx_word' id='word_1_375' title='bbox 1000 1709 1013 1746; x_wconf 84' lang='lat'>3</span> <span class='ocrx_word' id='word_1_376' title='bbox 1050 1686 1204 1755; x_wconf 70' lang='lat' dir='ltr'>utpote</span> <span class='ocrx_word' id='word_1_377' title='bbox 1242 1704 1375 1736; x_wconf 90' lang='lat' dir='ltr'>unum</span> <span class='ocrx_word' id='word_1_378' title='bbox 1412 1689 1740 1756; x_wconf 83' lang='lat' dir='ltr'>naturalemque</span> <span class='ocrx_word' id='word_1_379' title='bbox 1775 1687 1913 1737; x_wconf 88' lang='lat' dir='ltr'>filium</span> <span class='ocrx_word' id='word_1_380' title='bbox 1949 1726 1963 1750; x_wconf 85' lang='lat'>‚</span> <span class='ocrx_word' id='word_1_381' title='bbox 1996 1707 2108 1757; x_wconf 65' lang='lat' dir='ltr'>qua-</span> 
     </span>
     <span class='ocr_line' id='line_1_59' title="bbox 413 1757 2107 1827; baseline 0.001 -20"><span class='ocrx_word' id='word_1_382' title='bbox 413 1774 539 1807; x_wconf 88' lang='lat' dir='ltr'>tenus</span> <span class='ocrx_word' id='word_1_383' title='bbox 587 1760 793 1807; x_wconf 91' lang='lat' dir='ltr'>nimirum</span> <span class='ocrx_word' id='word_1_384' title='bbox 841 1757 1034 1807; x_wconf 89' lang='lat' dir='ltr'>Verbum</span> <span class='ocrx_word' id='word_1_385' title='bbox 1081 1774 1185 1805; x_wconf 91' lang='lat' dir='ltr'>caro</span> <span class='ocrx_word' id='word_1_386' title='bbox 1222 1757 1381 1806; x_wconf 56' lang='lat' dir='ltr'>sardium</span> <span class='ocrx_word' id='word_1_387' title='bbox 1415 1761 1536 1816; x_wconf 79' lang='lat' dir='ltr'>carni</span> <span class='ocrx_word' id='word_1_388' title='bbox 1589 1763 1633 1813; x_wconf 85' lang='lat'>&amp;</span> <span class='ocrx_word' id='word_1_389' title='bbox 1682 1757 1877 1823; x_wconf 87' lang='lat' dir='ltr'>sanguini</span> <span class='ocrx_word' id='word_1_390' title='bbox 1924 1759 2107 1827; x_wconf 83' lang='lat' dir='ltr'>perinde</span> 
     </span>
    </p>

    <p class='ocr_par' dir='ltr' id='par_1_21' title="bbox 267 1827 1928 1891">
     <span class='ocr_line' id='line_1_60' title="bbox 267 1827 1928 1891; baseline -0.002 -12"><span class='ocrx_word' id='word_1_391' title='bbox 267 1847 320 1885; x_wconf 84' lang='lat' dir='ltr'>ac</span> <span class='ocrx_word' id='word_1_392' title='bbox 356 1847 437 1878; x_wconf 90' lang='lat' dir='ltr'>nos</span> <span class='ocrx_word' id='word_1_393' title='bbox 473 1831 816 1882; x_wconf 71' lang='lat' dir='ltr'>,communicavit</span> <span class='ocrx_word' id='word_1_394' title='bbox 852 1865 866 1891; x_wconf 81' lang='grc'>,</span> <span class='ocrx_word' id='word_1_395' title='bbox 903 1830 1136 1884; x_wconf 81' lang='lat' dir='ltr'>anathema</span> <span class='ocrx_word' id='word_1_396' title='bbox 1172 1827 1223 1877; x_wconf 89' lang='lat' dir='ltr'>fit</span> <span class='ocrx_word' id='word_1_397' title='bbox 1254 1866 1267 1876; x_wconf 90' lang='lat'><em>.</em></span> <span class='ocrx_word' id='word_1_398' title='bbox 1926 1833 1928 1835; x_wconf 82' lang='grc'><strong>’</strong></span> 
     </span>
    </p>
   </div>
   <div class='ocr_carea' id='block_1_21' title="bbox 665 1972 1705 2040">
    <p class='ocr_par' dir='ltr' id='par_1_22' title="bbox 665 1972 1705 2040">
     <span class='ocr_line' id='line_1_61' title="bbox 665 1972 1705 2040; baseline -0.001 -21"><span class='ocrx_word' id='word_1_399' title='bbox 665 1975 945 2040; x_wconf 54' lang='lat' dir='ltr'>Qut-rum</span> <span class='ocrx_word' id='word_1_400' title='bbox 979 1972 1288 2020; x_wconf 67' lang='lat' dir='ltr'>Nsss&#39;roan</span> <span class='ocrx_word' id='word_1_401' title='bbox 1331 1974 1705 2025; x_wconf 60' lang='lat' dir='ltr'>Camarum.</span> 
     </span>
    </p>
   </div>
   <div class='ocr_carea' id='block_1_22' title="bbox 265 2109 2104 2274">
    <p class='ocr_par' dir='ltr' id='par_1_23' title="bbox 265 2109 2104 2274">
     <span class='ocr_line' id='line_1_62' title="bbox 374 2109 2104 2181; baseline 0.001 -23"><span class='ocrx_word' id='word_1_402' title='bbox 374 2115 395 2159; x_wconf 94' lang='lat' dir='ltr'>I</span> <span class='ocrx_word' id='word_1_403' title='bbox 429 2112 530 2178; x_wconf 87' lang='lat' dir='ltr'>quis</span> <span class='ocrx_word' id='word_1_404' title='bbox 567 2129 700 2161; x_wconf 90' lang='lat' dir='ltr'>unum</span> <span class='ocrx_word' id='word_1_405' title='bbox 735 2111 817 2161; x_wconf 85' lang='lat' dir='ltr'>effe</span> <span class='ocrx_word' id='word_1_406' title='bbox 862 2112 957 2181; x_wconf 93' lang='lat' dir='ltr'>post</span> <span class='ocrx_word' id='word_1_407' title='bbox 991 2109 1319 2180; x_wconf 86' lang='lat' dir='ltr'>affumptionem</span> <span class='ocrx_word' id='word_1_408' title='bbox 1367 2112 1558 2161; x_wconf 87' lang='lat' dir='ltr'>hominis</span> <span class='ocrx_word' id='word_1_409' title='bbox 1607 2111 1862 2160; x_wconf 86' lang='lat' dir='ltr'>naturaliter</span> <span class='ocrx_word' id='word_1_410' title='bbox 1908 2114 1998 2166; x_wconf 88' lang='lat' dir='ltr'>Dei</span> <span class='ocrx_word' id='word_1_411' title='bbox 2032 2114 2104 2167; x_wconf 44' lang='grc' dir='ltr'>Εἰς·</span> 
     </span>
     <span class='ocr_line' id='line_1_63' title="bbox 265 2119 1879 2274; baseline 0.001 -45"><span class='ocrx_word' id='word_1_412' title='bbox 265 2119 371 2274; x_wconf 81' lang='lat' dir='ltr'>S</span> <span class='ocrx_word' id='word_1_413' title='bbox 408 2182 515 2236; x_wconf 89' lang='lat' dir='ltr'>lium</span> <span class='ocrx_word' id='word_1_414' title='bbox 551 2183 683 2238; x_wconf 85' lang='lat' dir='ltr'>audet</span> <span class='ocrx_word' id='word_1_415' title='bbox 717 2182 863 2237; x_wconf 88' lang='lat' dir='ltr'>dicere</span> <span class='ocrx_word' id='word_1_416' title='bbox 897 2219 912 2250; x_wconf 51' lang='lat'>2</span> <span class='ocrx_word' id='word_1_417' title='bbox 949 2181 1050 2231; x_wconf 75' lang='lat' dir='ltr'>cum</span> <span class='ocrx_word' id='word_1_418' title='bbox 1086 2182 1138 2232; x_wconf 87' lang='lat' dir='ltr'>fit</span> <span class='ocrx_word' id='word_1_419' title='bbox 1175 2183 1432 2236; x_wconf 86' lang='lat' dir='ltr'>Emmanuel</span> <span class='ocrx_word' id='word_1_420' title='bbox 1466 2219 1480 2248; x_wconf 58' lang='lat'>2</span> <span class='ocrx_word' id='word_1_421' title='bbox 1529 2181 1762 2231; x_wconf 86' lang='lat' dir='ltr'>anathema</span> <span class='ocrx_word' id='word_1_422' title='bbox 1798 2181 1879 2230; x_wconf 85' lang='lat' dir='ltr'>fit.</span> 
     </span>
    </p>
   </div>
   <div class='ocr_carea' id='block_1_23' title="bbox 482 2323 2100 2416">
    <p class='ocr_par' dir='ltr' id='par_1_24' title="bbox 482 2323 2100 2416">
     <span class='ocr_line' id='line_1_64' title="bbox 482 2323 2100 2376; baseline 0.001 -18"><span class='ocrx_word' id='word_1_423' title='bbox 482 2331 508 2376; x_wconf 80' lang='lat' dir='ltr'>S</span> <span class='ocrx_word' id='word_1_424' title='bbox 521 2331 561 2375; x_wconf 84' lang='lat' dir='ltr'>C</span> <span class='ocrx_word' id='word_1_425' title='bbox 573 2329 618 2373; x_wconf 81' lang='lat' dir='ltr'>H</span> <span class='ocrx_word' id='word_1_426' title='bbox 629 2329 676 2374; x_wconf 81' lang='lat' dir='ltr'>O</span> <span class='ocrx_word' id='word_1_427' title='bbox 690 2327 725 2372; x_wconf 85' lang='lat' dir='ltr'>L</span> <span class='ocrx_word' id='word_1_428' title='bbox 739 2329 759 2373; x_wconf 84' lang='grc' dir='ltr'>Ῑ</span> <span class='ocrx_word' id='word_1_429' title='bbox 773 2329 819 2374; x_wconf 86' lang='lat' dir='ltr'>O</span> <span class='ocrx_word' id='word_1_430' title='bbox 832 2327 882 2376; x_wconf 85' lang='lat' dir='ltr'>N</span> <span class='ocrx_word' id='word_1_431' title='bbox 895 2360 907 2374; x_wconf 43' lang='grc' dir='ltr'><strong><em>φ</em></strong></span> <span class='ocrx_word' id='word_1_432' title='bbox 1265 2325 1413 2362; x_wconf 87' lang='lat' dir='ltr'>Damnat</span> <span class='ocrx_word' id='word_1_433' title='bbox 1424 2324 1641 2359; x_wconf 86' lang='lat' dir='ltr'>conformiter</span> <span class='ocrx_word' id='word_1_434' title='bbox 1651 2323 1691 2358; x_wconf 90' lang='lat' dir='ltr'>ad</span> <span class='ocrx_word' id='word_1_435' title='bbox 1701 2325 1746 2358; x_wconf 88' lang='lat' dir='ltr'>D.</span> <span class='ocrx_word' id='word_1_436' title='bbox 1761 2323 1988 2369; x_wconf 88' lang='lat' dir='ltr'>Augustinum</span> <span class='ocrx_word' id='word_1_437' title='bbox 2002 2347 2013 2365; x_wconf 91' lang='lat'><strong>,</strong></span> <span class='ocrx_word' id='word_1_438' title='bbox 2039 2325 2100 2370; x_wconf 85' lang='lat' dir='ltr'>qui</span> 
     </span>
     <span class='ocr_line' id='line_1_65' title="bbox 807 2374 2099 2416; baseline 0 -8"><span class='ocrx_word' id='word_1_439' title='bbox 807 2375 810 2378; x_wconf 70' lang='grc'>’</span> <span class='ocrx_word' id='word_1_440' title='bbox 1216 2374 1257 2411; x_wconf 86' lang='lat' dir='ltr'>de</span> <span class='ocrx_word' id='word_1_441' title='bbox 1279 2386 1362 2408; x_wconf 88' lang='lat' dir='ltr'>voce</span> <span class='ocrx_word' id='word_1_442' title='bbox 1374 2399 1384 2415; x_wconf 91' lang='lat'>,</span> <span class='ocrx_word' id='word_1_443' title='bbox 1412 2379 1503 2408; x_wconf 87' lang='lat' dir='ltr'>Homo</span> <span class='ocrx_word' id='word_1_444' title='bbox 1526 2375 1689 2408; x_wconf 79' lang='lat' dir='ltr'>dominicus</span> <span class='ocrx_word' id='word_1_445' title='bbox 1701 2400 1711 2416; x_wconf 93' lang='lat'><strong>,</strong></span> <span class='ocrx_word' id='word_1_446' title='bbox 1738 2375 1850 2409; x_wconf 77' lang='lat' dir='ltr'>usitata</span> <span class='ocrx_word' id='word_1_447' title='bbox 1871 2375 1888 2408; x_wconf 73' lang='lat' dir='ltr'>a</span> <span class='ocrx_word' id='word_1_448' title='bbox 1902 2376 1935 2409; x_wconf 90' lang='lat' dir='ltr'>se</span> <span class='ocrx_word' id='word_1_449' title='bbox 1958 2375 1992 2409; x_wconf 91' lang='lat' dir='ltr'>in</span> <span class='ocrx_word' id='word_1_450' title='bbox 2007 2374 2099 2409; x_wconf 84' lang='lat' dir='ltr'>libris</span> 
     </span>
    </p>
   </div>
   <div class='ocr_carea' id='block_1_24' title="bbox 385 2422 2097 2467">
    <p class='ocr_par' dir='ltr' id='par_1_25' title="bbox 385 2422 2097 2467">
     <span class='ocr_line' id='line_1_66' title="bbox 385 2422 2097 2467; baseline 0.001 -10"><span class='ocrx_word' id='word_1_451' title='bbox 385 2425 505 2458; x_wconf 89' lang='lat' dir='ltr'>Estorii</span> <span class='ocrx_word' id='word_1_452' title='bbox 529 2425 657 2458; x_wconf 90' lang='lat' dir='ltr'>sensum</span> <span class='ocrx_word' id='word_1_453' title='bbox 685 2424 825 2467; x_wconf 87' lang='lat' dir='ltr'>exponit</span> <span class='ocrx_word' id='word_1_454' title='bbox 846 2424 979 2456; x_wconf 63' lang='lat' dir='ltr'>Sandlus</span> <span class='ocrx_word' id='word_1_455' title='bbox 1004 2422 1154 2465; x_wconf 86' lang='lat' dir='ltr'>Cyrillus</span> <span class='ocrx_word' id='word_1_456' title='bbox 1215 2425 1256 2458; x_wconf 89' lang='lat' dir='ltr'>de</span> <span class='ocrx_word' id='word_1_457' title='bbox 1268 2426 1415 2462; x_wconf 83' lang='lat' dir='ltr'>sermone</span> <span class='ocrx_word' id='word_1_458' title='bbox 1441 2424 1630 2462; x_wconf 88' lang='lat' dir='ltr'>Dominiin</span> <span class='ocrx_word' id='word_1_459' title='bbox 1655 2434 1790 2466; x_wconf 86' lang='lat' dir='ltr'>monte,</span> <span class='ocrx_word' id='word_1_460' title='bbox 1817 2424 1927 2459; x_wconf 89' lang='lat' dir='ltr'>scribit</span> <span class='ocrx_word' id='word_1_461' title='bbox 1955 2425 2097 2458; x_wconf 88' lang='lat' dir='ltr'>inlibris</span> 
     </span>
    </p>
   </div>
   <div class='ocr_carea' id='block_1_25' title="bbox 266 2473 1150 2716">
    <p class='ocr_par' dir='ltr' id='par_1_26' title="bbox 266 2473 1150 2716">
     <span class='ocr_line' id='line_1_67' title="bbox 401 2473 1150 2518; baseline 0.001 -12"><span class='ocrx_word' id='word_1_462' title='bbox 401 2474 434 2506; x_wconf 89' lang='lat' dir='ltr'>in</span> <span class='ocrx_word' id='word_1_463' title='bbox 448 2474 565 2508; x_wconf 88' lang='lat' dir='ltr'>litteris</span> <span class='ocrx_word' id='word_1_464' title='bbox 584 2473 627 2507; x_wconf 88' lang='lat' dir='ltr'>ad</span> <span class='ocrx_word' id='word_1_465' title='bbox 648 2474 754 2516; x_wconf 89' lang='lat' dir='ltr'>ipsum</span> <span class='ocrx_word' id='word_1_466' title='bbox 773 2498 784 2513; x_wconf 92' lang='lat'>‚</span> <span class='ocrx_word' id='word_1_467' title='bbox 805 2482 913 2518; x_wconf 73' lang='lat' dir='ltr'>&#39;agens</span> <span class='ocrx_word' id='word_1_468' title='bbox 935 2473 976 2507; x_wconf 92' lang='lat' dir='ltr'>de</span> <span class='ocrx_word' id='word_1_469' title='bbox 999 2473 1150 2510; x_wconf 82' lang='lat' dir='ltr'>fidelibus</span> 
     </span>
     <span class='ocr_line' id='line_1_68' title="bbox 270 2522 1149 2567; baseline 0 -11"><span class='ocrx_word' id='word_1_470' title='bbox 270 2524 312 2557; x_wconf 82' lang='lat' dir='ltr'>ab</span> <span class='ocrx_word' id='word_1_471' title='bbox 325 2524 384 2557; x_wconf 85' lang='lat' dir='ltr'>illo</span> <span class='ocrx_word' id='word_1_472' title='bbox 403 2523 559 2558; x_wconf 62' lang='lat' dir='ltr'>sedudtis:</span> <span class='ocrx_word' id='word_1_473' title='bbox 587 2527 635 2556; x_wconf 87' lang='grc' dir='ltr'><strong>Εό</strong></span> <span class='ocrx_word' id='word_1_474' title='bbox 646 2525 757 2562; x_wconf 81' lang='lat' dir='ltr'>malum</span> <span class='ocrx_word' id='word_1_475' title='bbox 767 2523 819 2556; x_wconf 89' lang='lat' dir='ltr'>boc</span> <span class='ocrx_word' id='word_1_476' title='bbox 834 2524 986 2564; x_wconf 69' lang='lat' dir='ltr'>paulatim</span> <span class='ocrx_word' id='word_1_477' title='bbox 1002 2522 1149 2567; x_wconf 59' lang='lat' dir='ltr'>serpendo</span> 
     </span>
     <span class='ocr_line' id='line_1_69' title="bbox 266 2573 1148 2616; baseline 0 -9"><span class='ocrx_word' id='word_1_478' title='bbox 266 2580 410 2616; x_wconf 81' lang='lat' dir='ltr'>pervenit</span> <span class='ocrx_word' id='word_1_479' title='bbox 438 2598 448 2613; x_wconf 89' lang='lat'>,</span> <span class='ocrx_word' id='word_1_480' title='bbox 485 2584 518 2607; x_wconf 86' lang='lat' dir='ltr'>ut</span> <span class='ocrx_word' id='word_1_481' title='bbox 546 2573 697 2614; x_wconf 82' lang='lat' dir='ltr'>Christum</span> <span class='ocrx_word' id='word_1_482' title='bbox 723 2575 856 2611; x_wconf 81' lang='lat' dir='ltr'>nonnulli</span> <span class='ocrx_word' id='word_1_483' title='bbox 879 2577 975 2606; x_wconf 89' lang='lat' dir='ltr'>Deum</span> <span class='ocrx_word' id='word_1_484' title='bbox 999 2575 1148 2615; x_wconf 68' lang='lat' dir='ltr'>appellari</span> 
     </span>
     <span class='ocr_line' id='line_1_70' title="bbox 270 2623 1148 2668; baseline 0.001 -11"><span class='ocrx_word' id='word_1_485' title='bbox 270 2626 348 2667; x_wconf 62' lang='lat' dir='ltr'>‹egri›</span> <span class='ocrx_word' id='word_1_486' title='bbox 368 2629 531 2665; x_wconf 69' lang='lat' dir='ltr'>patiantur</span> <span class='ocrx_word' id='word_1_487' title='bbox 544 2649 555 2664; x_wconf 91' lang='lat'>,</span> <span class='ocrx_word' id='word_1_488' title='bbox 577 2623 634 2667; x_wconf 84' lang='lat' dir='ltr'>sed</span> <span class='ocrx_word' id='word_1_489' title='bbox 645 2625 745 2665; x_wconf 73' lang='lat' dir='ltr'>potius</span> <span class='ocrx_word' id='word_1_490' title='bbox 760 2626 946 2657; x_wconf 68' lang='lat' dir='ltr'>Divinitatir</span> <span class='ocrx_word' id='word_1_491' title='bbox 957 2635 1101 2668; x_wconf 82' lang='lat' dir='ltr'>organum</span> <span class='ocrx_word' id='word_1_492' title='bbox 1115 2626 1148 2658; x_wconf 65' lang='lat'>(5</span> 
     </span>
     <span class='ocr_line' id='line_1_71' title="bbox 270 2673 1146 2716; baseline 0.001 -11"><span class='ocrx_word' id='word_1_493' title='bbox 270 2673 494 2713; x_wconf 79' lang='lat' dir='ltr'>instrumentum</span> <span class='ocrx_word' id='word_1_494' title='bbox 507 2699 518 2715; x_wconf 84' lang='lat'><strong>,</strong></span> <span class='ocrx_word' id='word_1_495' title='bbox 542 2674 744 2716; x_wconf 81' lang='lat' dir='ltr'>hominemque</span> <span class='ocrx_word' id='word_1_496' title='bbox 758 2673 915 2715; x_wconf 82' lang='lat' dir='ltr'>Deiferum</span> <span class='ocrx_word' id='word_1_497' title='bbox 927 2698 937 2714; x_wconf 93' lang='lat'>‚</span> <span class='ocrx_word' id='word_1_498' title='bbox 963 2675 997 2707; x_wconf 52' lang='grc' dir='ltr'>(Ὗ</span> <span class='ocrx_word' id='word_1_499' title='bbox 1019 2675 1082 2707; x_wconf 85' lang='lat' dir='ltr'>alia</span> <span class='ocrx_word' id='word_1_500' title='bbox 1098 2674 1146 2709; x_wconf 86' lang='lat' dir='ltr'>his</span> 
     </span>
    </p>
   </div>
   <div class='ocr_carea' id='block_1_26' title="bbox 1195 2474 2097 2717">
    <p class='ocr_par' dir='ltr' id='par_1_27' title="bbox 1195 2474 2097 2717">
     <span class='ocr_line' id='line_1_72' title="bbox 1215 2474 2097 2516; baseline -0.002 -7"><span class='ocrx_word' id='word_1_501' title='bbox 1215 2474 1523 2512; x_wconf 79' lang='lat' dir='ltr'>RetraCtationum:</span> <span class='ocrx_word' id='word_1_502' title='bbox 1551 2478 1624 2508; x_wconf 90' lang='lat' dir='ltr'>Non</span> <span class='ocrx_word' id='word_1_503' title='bbox 1644 2476 1732 2508; x_wconf 67' lang='lat' dir='ltr'>video</span> <span class='ocrx_word' id='word_1_504' title='bbox 1756 2497 1767 2516; x_wconf 88' lang='lat'><strong>,</strong></span> <span class='ocrx_word' id='word_1_505' title='bbox 1792 2484 1893 2509; x_wconf 85' lang='lat' dir='ltr'>utrum</span> <span class='ocrx_word' id='word_1_506' title='bbox 1913 2475 1991 2508; x_wconf 64' lang='lat' dir='ltr'>rec‘Je*</span> <span class='ocrx_word' id='word_1_507' title='bbox 2014 2477 2097 2508; x_wconf 77' lang='lat' dir='ltr'>dica-</span> 
     </span>
     <span class='ocr_line' id='line_1_73' title="bbox 1212 2524 2095 2567; baseline 0 -10"><span class='ocrx_word' id='word_1_508' title='bbox 1212 2534 1261 2558; x_wconf 84' lang='lat' dir='ltr'>tur</span> <span class='ocrx_word' id='word_1_509' title='bbox 1282 2525 1430 2565; x_wconf 91' lang='lat' dir='ltr'>HOMO</span> <span class='ocrx_word' id='word_1_510' title='bbox 1458 2524 1741 2560; x_wconf 80' lang='lat' dir='ltr'>DOMINICUS</span> <span class='ocrx_word' id='word_1_511' title='bbox 1767 2549 1778 2564; x_wconf 85' lang='lat'><strong>,</strong></span> <span class='ocrx_word' id='word_1_512' title='bbox 1805 2530 1858 2567; x_wconf 84' lang='lat' dir='ltr'>qui</span> <span class='ocrx_word' id='word_1_513' title='bbox 1890 2524 1927 2564; x_wconf 86' lang='lat' dir='ltr'>est</span> <span class='ocrx_word' id='word_1_514' title='bbox 1947 2526 2095 2557; x_wconf 80' lang='lat' dir='ltr'>medlator</span> 
     </span>
     <span class='ocr_line' id='line_1_74' title="bbox 1213 2572 2093 2619; baseline 0 -12"><span class='ocrx_word' id='word_1_515' title='bbox 1213 2576 1315 2608; x_wconf 75' lang='lat' dir='ltr'>Dei&amp;</span> <span class='ocrx_word' id='word_1_516' title='bbox 1335 2574 1491 2617; x_wconf 70' lang='lat' dir='ltr'>vhominum</span> <span class='ocrx_word' id='word_1_517' title='bbox 1506 2574 1588 2607; x_wconf 87' lang='lat' dir='ltr'>bomo</span> <span class='ocrx_word' id='word_1_518' title='bbox 1599 2573 1736 2615; x_wconf 67' lang='lat' dir='ltr'>Christus</span> <span class='ocrx_word' id='word_1_519' title='bbox 1752 2572 1873 2619; x_wconf 71' lang='lat' dir='ltr'>jesui-3</span> <span class='ocrx_word' id='word_1_520' title='bbox 1900 2576 1963 2607; x_wconf 69' lang='lat' dir='ltr'>cum</span> <span class='ocrx_word' id='word_1_521' title='bbox 1976 2574 2015 2615; x_wconf 83' lang='lat' dir='ltr'>fit</span> <span class='ocrx_word' id='word_1_522' title='bbox 2037 2581 2093 2607; x_wconf 82' lang='lat' dir='ltr'>uti-</span> 
     </span>
     <span class='ocr_line' id='line_1_75' title="bbox 1195 2619 2093 2676; baseline -0.001 -19"><span class='ocrx_word' id='word_1_523' title='bbox 1195 2619 1198 2676; x_wconf 48' lang='grc' dir='ltr'>Ι</span> <span class='ocrx_word' id='word_1_524' title='bbox 1211 2637 1267 2667; x_wconf 82' lang='lat' dir='ltr'>que</span> <span class='ocrx_word' id='word_1_525' title='bbox 1280 2629 1426 2657; x_wconf 79' lang='lat' dir='ltr'>Dominus</span> <span class='ocrx_word' id='word_1_526' title='bbox 1439 2650 1445 2656; x_wconf 91' lang='lat'><strong>.</strong></span> <span class='ocrx_word' id='word_1_527' title='bbox 1474 2623 1752 2661; x_wconf 81' lang='lat' dir='ltr'>DOMINICUS</span> <span class='ocrx_word' id='word_1_528' title='bbox 1772 2631 1852 2657; x_wconf 77' lang='lat' dir='ltr'>enim</span> <span class='ocrx_word' id='word_1_529' title='bbox 1864 2624 2014 2657; x_wconf 89' lang='lat' dir='ltr'>HOMO</span> <span class='ocrx_word' id='word_1_530' title='bbox 2022 2629 2093 2666; x_wconf 76' lang='lat' dir='ltr'>quis</span> 
     </span>
     <span class='ocr_line' id='line_1_76' title="bbox 1210 2672 2093 2717; baseline -0.003 -8"><span class='ocrx_word' id='word_1_531' title='bbox 1210 2681 1243 2709; x_wconf 76' lang='lat' dir='ltr'>in</span> <span class='ocrx_word' id='word_1_532' title='bbox 1265 2678 1331 2717; x_wconf 81' lang='lat' dir='ltr'>ejus</span> <span class='ocrx_word' id='word_1_533' title='bbox 1345 2674 1473 2716; x_wconf 81' lang='lat' dir='ltr'>familia</span> <span class='ocrx_word' id='word_1_534' title='bbox 1496 2686 1554 2708; x_wconf 89' lang='lat' dir='ltr'>non</span> <span class='ocrx_word' id='word_1_535' title='bbox 1572 2673 1665 2715; x_wconf 83' lang='lat' dir='ltr'>potest</span> <span class='ocrx_word' id='word_1_536' title='bbox 1687 2674 1746 2706; x_wconf 78' lang='lat' dir='ltr'>dlct&#39;</span> <span class='ocrx_word' id='word_1_537' title='bbox 1773 2675 1786 2707; x_wconf 84' lang='lat'>?</span> <span class='ocrx_word' id='word_1_538' title='bbox 1822 2676 1868 2707; x_wconf 80' lang='lat' dir='ltr'>Et</span> <span class='ocrx_word' id='word_1_539' title='bbox 1889 2672 1941 2705; x_wconf 87' lang='lat' dir='ltr'>hoc</span> <span class='ocrx_word' id='word_1_540' title='bbox 1971 2676 2093 2715; x_wconf 81' lang='lat' dir='ltr'>quidem</span> 
     </span>
    </p>
   </div>
   <div class='ocr_carea' id='block_1_27' title="bbox 2112 2508 2252 2547">
    <p class='ocr_par' dir='ltr' id='par_1_28' title="bbox 2112 2508 2252 2547">
     <span class='ocr_line' id='line_1_77' title="bbox 2112 2508 2252 2547; baseline 0 -8"><span class='ocrx_word' id='word_1_541' title='bbox 2112 2508 2252 2547; x_wconf 75' lang='lat' dir='ltr'>L1.c.‘r5,</span> 
     </span>
    </p>
   </div>
   <div class='ocr_carea' id='block_1_28' title="bbox 156 2721 2092 2818">
    <p class='ocr_par' dir='ltr' id='par_1_29' title="bbox 156 2721 2092 2818">
     <span class='ocr_line' id='line_1_78' title="bbox 269 2721 2092 2770; baseline 0 -14"><span class='ocrx_word' id='word_1_542' title='bbox 269 2730 435 2766; x_wconf 80' lang='lat' dir='ltr'>ineptiora.</span> <span class='ocrx_word' id='word_1_543' title='bbox 466 2726 509 2759; x_wconf 89' lang='lat' dir='ltr'>Et</span> <span class='ocrx_word' id='word_1_544' title='bbox 533 2724 566 2758; x_wconf 90' lang='lat' dir='ltr'>in</span> <span class='ocrx_word' id='word_1_545' title='bbox 587 2724 651 2760; x_wconf 83' lang='lat' dir='ltr'>alia</span> <span class='ocrx_word' id='word_1_546' title='bbox 672 2724 713 2758; x_wconf 86' lang='lat' dir='ltr'>ad</span> <span class='ocrx_word' id='word_1_547' title='bbox 734 2723 878 2758; x_wconf 89' lang='lat' dir='ltr'>eundem</span> <span class='ocrx_word' id='word_1_548' title='bbox 893 2723 1062 2767; x_wconf 81' lang='lat' dir='ltr'>Epistola:</span> <span class='ocrx_word' id='word_1_549' title='bbox 1088 2726 1150 2759; x_wconf 70' lang='lat' dir='ltr'>sed</span> <span class='ocrx_word' id='word_1_550' title='bbox 1210 2735 1243 2759; x_wconf 87' lang='lat' dir='ltr'>ut</span> <span class='ocrx_word' id='word_1_551' title='bbox 1267 2727 1395 2758; x_wconf 80' lang='lat' dir='ltr'>dicerem</span> <span class='ocrx_word' id='word_1_552' title='bbox 1417 2747 1427 2764; x_wconf 88' lang='lat'><strong>,</strong></span> <span class='ocrx_word' id='word_1_553' title='bbox 1449 2725 1534 2765; x_wconf 77' lang='lat' dir='ltr'>apud</span> <span class='ocrx_word' id='word_1_554' title='bbox 1554 2721 1696 2765; x_wconf 86' lang='lat' dir='ltr'>quosdam</span> <span class='ocrx_word' id='word_1_555' title='bbox 1726 2724 1783 2770; x_wconf 83' lang='lat' dir='ltr'>legi</span> <span class='ocrx_word' id='word_1_556' title='bbox 1803 2722 1958 2755; x_wconf 80' lang='lat' dir='ltr'>catholicos</span> <span class='ocrx_word' id='word_1_557' title='bbox 1979 2723 2092 2756; x_wconf 64' lang='lat' dir='ltr'>tralla-</span> 
     </span>
     <span class='ocr_line' id='line_1_79' title="bbox 156 2773 1144 2818; baseline 0.001 -12"><span class='ocrx_word' id='word_1_558' title='bbox 156 2783 182 2801; x_wconf 63' lang='grc' dir='ltr'>α-</span> <span class='ocrx_word' id='word_1_559' title='bbox 206 2789 212 2797; x_wconf 85' lang='grc'><em>·</em></span> <span class='ocrx_word' id='word_1_560' title='bbox 270 2785 363 2816; x_wconf 82' lang='lat' dir='ltr'>neque</span> <span class='ocrx_word' id='word_1_561' title='bbox 385 2777 441 2809; x_wconf 80' lang='lat' dir='ltr'>Dei</span> <span class='ocrx_word' id='word_1_562' title='bbox 453 2775 580 2813; x_wconf 80' lang='lat' dir='ltr'>Verbum</span> <span class='ocrx_word' id='word_1_563' title='bbox 591 2781 622 2807; x_wconf 81' lang='lat' dir='ltr'>in</span> <span class='ocrx_word' id='word_1_564' title='bbox 639 2773 736 2817; x_wconf 81' lang='lat' dir='ltr'>sacrae</span> <span class='ocrx_word' id='word_1_565' title='bbox 747 2778 880 2818; x_wconf 66' lang='lat' dir='ltr'>Virginis</span> <span class='ocrx_word' id='word_1_566' title='bbox 894 2775 973 2810; x_wconf 81' lang='lat' dir='ltr'>Filio</span> <span class='ocrx_word' id='word_1_567' title='bbox 997 2776 1092 2808; x_wconf 84' lang='lat' dir='ltr'>veluti</span> <span class='ocrx_word' id='word_1_568' title='bbox 1112 2781 1144 2807; x_wconf 85' lang='lat' dir='ltr'>in</span> 
     </span>
    </p>
   </div>
   <div class='ocr_carea' id='block_1_29' title="bbox 261 2823 1145 3521">
    <p class='ocr_par' dir='ltr' id='par_1_30' title="bbox 261 2823 1145 3521">
     <span class='ocr_line' id='line_1_80' title="bbox 267 2823 1145 2867; baseline 0.001 -12"><span class='ocrx_word' id='word_1_569' title='bbox 267 2829 412 2856; x_wconf 77' lang='lat' dir='ltr'>communi</span> <span class='ocrx_word' id='word_1_570' title='bbox 421 2826 550 2867; x_wconf 81' lang='lat' dir='ltr'>quodam</span> <span class='ocrx_word' id='word_1_571' title='bbox 571 2824 685 2858; x_wconf 79' lang='lat' dir='ltr'>homine</span> <span class='ocrx_word' id='word_1_572' title='bbox 705 2823 880 2867; x_wconf 71' lang='lat' dir='ltr'>inhabitasse</span> <span class='ocrx_word' id='word_1_573' title='bbox 900 2826 996 2859; x_wconf 81' lang='lat' dir='ltr'>dlcere</span> <span class='ocrx_word' id='word_1_574' title='bbox 1012 2824 1070 2865; x_wconf 83' lang='lat' dir='ltr'>fas</span> <span class='ocrx_word' id='word_1_575' title='bbox 1081 2823 1119 2865; x_wconf 88' lang='lat' dir='ltr'>est</span> <span class='ocrx_word' id='word_1_576' title='bbox 1134 2850 1145 2866; x_wconf 89' lang='lat'>,</span> 
     </span>
     <span class='ocr_line' id='line_1_81' title="bbox 267 2873 1142 2918; baseline 0.003 -13"><span class='ocrx_word' id='word_1_577' title='bbox 267 2885 305 2906; x_wconf 80' lang='lat' dir='ltr'>ne</span> <span class='ocrx_word' id='word_1_578' title='bbox 326 2873 383 2907; x_wconf 85' lang='lat' dir='ltr'>hac</span> <span class='ocrx_word' id='word_1_579' title='bbox 404 2881 521 2911; x_wconf 77' lang='lat' dir='ltr'>ratione</span> <span class='ocrx_word' id='word_1_580' title='bbox 543 2874 677 2912; x_wconf 78' lang='lat' dir='ltr'>cbristus</span> <span class='ocrx_word' id='word_1_581' title='bbox 701 2873 806 2915; x_wconf 80' lang='lat' dir='ltr'>Delfer</span> <span class='ocrx_word' id='word_1_582' title='bbox 826 2874 909 2908; x_wconf 83' lang='lat' dir='ltr'>bomo</span> <span class='ocrx_word' id='word_1_583' title='bbox 930 2875 1116 2918; x_wconf 73' lang='lat' dir='ltr'>intelligatur</span> <span class='ocrx_word' id='word_1_584' title='bbox 1136 2900 1142 2911; x_wconf 57' lang='lat'>2</span> 
     </span>
     <span class='ocr_line' id='line_1_82' title="bbox 268 2923 1143 2964; baseline 0.003 -9"><span class='ocrx_word' id='word_1_585' title='bbox 268 2928 356 2956; x_wconf 84' lang='lat' dir='ltr'>Nam</span> <span class='ocrx_word' id='word_1_586' title='bbox 366 2925 434 2957; x_wconf 58' lang='lat' dir='ltr'>licet</span> <span class='ocrx_word' id='word_1_587' title='bbox 447 2925 573 2959; x_wconf 84' lang='lat' dir='ltr'>Verbum</span> <span class='ocrx_word' id='word_1_588' title='bbox 590 2931 622 2957; x_wconf 88' lang='lat' dir='ltr'>in</span> <span class='ocrx_word' id='word_1_589' title='bbox 640 2923 723 2957; x_wconf 76' lang='lat' dir='ltr'>nobi:</span> <span class='ocrx_word' id='word_1_590' title='bbox 736 2923 885 2957; x_wconf 76' lang='lat' dir='ltr'>habitarit</span> <span class='ocrx_word' id='word_1_591' title='bbox 899 2948 909 2964; x_wconf 92' lang='lat'>,</span> <span class='ocrx_word' id='word_1_592' title='bbox 936 2933 1073 2957; x_wconf 85' lang='lat' dir='ltr'>attamen</span> <span class='ocrx_word' id='word_1_593' title='bbox 1086 2936 1143 2958; x_wconf 90' lang='lat' dir='ltr'>non</span> 
     </span>
     <span class='ocr_line' id='line_1_83' title="bbox 266 2973 1145 3015; baseline -0.002 -9"><span class='ocrx_word' id='word_1_594' title='bbox 266 2979 311 3006; x_wconf 81' lang='lat' dir='ltr'>ita</span> <span class='ocrx_word' id='word_1_595' title='bbox 335 2979 369 3006; x_wconf 79' lang='lat' dir='ltr'>in</span> <span class='ocrx_word' id='word_1_596' title='bbox 392 2975 440 3007; x_wconf 84' lang='lat' dir='ltr'>illo</span> <span class='ocrx_word' id='word_1_597' title='bbox 451 2974 628 3015; x_wconf 72' lang='lat' dir='ltr'>habitavit,</span> <span class='ocrx_word' id='word_1_598' title='bbox 654 2983 688 3007; x_wconf 82' lang='lat' dir='ltr'>ut</span> <span class='ocrx_word' id='word_1_599' title='bbox 711 2980 744 3007; x_wconf 80' lang='lat' dir='ltr'>in</span> <span class='ocrx_word' id='word_1_600' title='bbox 765 2974 883 3010; x_wconf 57' lang='lat' dir='ltr'>Sandis</span> <span class='ocrx_word' id='word_1_601' title='bbox 905 2973 1078 3008; x_wconf 74' lang='lat' dir='ltr'>inhabitare</span> <span class='ocrx_word' id='word_1_602' title='bbox 1099 2976 1145 3007; x_wconf 60' lang='lat' dir='ltr'>di,</span> 
     </span>
     <span class='ocr_line' id='line_1_84' title="bbox 265 3024 1143 3066; baseline 0.003 -11"><span class='ocrx_word' id='word_1_603' title='bbox 265 3031 342 3066; x_wconf 65' lang='lat' dir='ltr'>fitur</span> <span class='ocrx_word' id='word_1_604' title='bbox 361 3049 368 3055; x_wconf 86' lang='lat'><strong>.</strong></span> <span class='ocrx_word' id='word_1_605' title='bbox 397 3025 567 3062; x_wconf 88' lang='lat' dir='ltr'>Nestorius</span> <span class='ocrx_word' id='word_1_606' title='bbox 587 3025 698 3062; x_wconf 84' lang='lat' dir='ltr'>enim,</span> <span class='ocrx_word' id='word_1_607' title='bbox 726 3033 763 3057; x_wconf 86' lang='lat' dir='ltr'>ut</span> <span class='ocrx_word' id='word_1_608' title='bbox 785 3024 871 3058; x_wconf 89' lang='lat' dir='ltr'>idem</span> <span class='ocrx_word' id='word_1_609' title='bbox 884 3025 1012 3062; x_wconf 60' lang='lat' dir='ltr'>Dostor</span> <span class='ocrx_word' id='word_1_610' title='bbox 1033 3024 1143 3058; x_wconf 89' lang='lat' dir='ltr'>scribit</span> 
     </span>
     <span class='ocr_line' id='line_1_85' title="bbox 266 3073 1142 3115; baseline 0.001 -8"><span class='ocrx_word' id='word_1_611' title='bbox 266 3073 307 3109; x_wconf 90' lang='lat' dir='ltr'>ad</span> <span class='ocrx_word' id='word_1_612' title='bbox 321 3075 393 3107; x_wconf 89' lang='lat' dir='ltr'>suos</span> <span class='ocrx_word' id='word_1_613' title='bbox 406 3073 615 3114; x_wconf 85' lang='lat' dir='ltr'>Monachos,</span> <span class='ocrx_word' id='word_1_614' title='bbox 643 3073 811 3108; x_wconf 86' lang='lat' dir='ltr'>Christum</span> <span class='ocrx_word' id='word_1_615' title='bbox 823 3074 1012 3112; x_wconf 86' lang='lat' dir='ltr'>Dominum</span> <span class='ocrx_word' id='word_1_616' title='bbox 1035 3074 1142 3115; x_wconf 86' lang='lat' dir='ltr'>dixit,</span> 
     </span>
     <span class='ocr_line' id='line_1_86' title="bbox 267 3122 1141 3167; baseline 0.001 -10"><span class='ocrx_word' id='word_1_617' title='bbox 267 3135 336 3157; x_wconf 89' lang='lat' dir='ltr'>non</span> <span class='ocrx_word' id='word_1_618' title='bbox 369 3125 480 3159; x_wconf 86' lang='lat' dir='ltr'>Deum</span> <span class='ocrx_word' id='word_1_619' title='bbox 517 3124 590 3158; x_wconf 76' lang='lat' dir='ltr'>vere</span> <span class='ocrx_word' id='word_1_620' title='bbox 616 3125 823 3162; x_wconf 84' lang='lat' dir='ltr'>incarnatum</span> <span class='ocrx_word' id='word_1_621' title='bbox 851 3149 862 3167; x_wconf 82' lang='grc'>,</span> <span class='ocrx_word' id='word_1_622' title='bbox 889 3124 943 3158; x_wconf 87' lang='lat' dir='ltr'>sed</span> <span class='ocrx_word' id='word_1_623' title='bbox 969 3122 1141 3161; x_wconf 85' lang='lat' dir='ltr'>hominem</span> 
     </span>
     <span class='ocr_line' id='line_1_87' title="bbox 264 3172 1142 3218; baseline 0.001 -11"><span class='ocrx_word' id='word_1_624' title='bbox 264 3174 438 3213; x_wconf 85' lang='lat' dir='ltr'>dumtaxat</span> <span class='ocrx_word' id='word_1_625' title='bbox 448 3175 620 3213; x_wconf 88' lang='lat' dir='ltr'>Deiferum</span> <span class='ocrx_word' id='word_1_626' title='bbox 632 3199 642 3215; x_wconf 89' lang='lat'>‚</span> <span class='ocrx_word' id='word_1_627' title='bbox 670 3173 703 3207; x_wconf 88' lang='lat' dir='ltr'>id</span> <span class='ocrx_word' id='word_1_628' title='bbox 716 3172 760 3206; x_wconf 87' lang='lat' dir='ltr'>est</span> <span class='ocrx_word' id='word_1_629' title='bbox 773 3197 783 3212; x_wconf 88' lang='lat'><strong>,</strong></span> <span class='ocrx_word' id='word_1_630' title='bbox 810 3185 973 3218; x_wconf 86' lang='lat' dir='ltr'>organum</span> <span class='ocrx_word' id='word_1_631' title='bbox 983 3175 1017 3208; x_wconf 79' lang='grc' dir='ltr'>ἃ.-</span> <span class='ocrx_word' id='word_1_632' title='bbox 1028 3174 1142 3208; x_wconf 87' lang='lat' dir='ltr'>instru-</span> 
     </span>
     <span class='ocr_line' id='line_1_88' title="bbox 261 3222 1140 3268; baseline 0.002 -10"><span class='ocrx_word' id='word_1_633' title='bbox 261 3234 416 3258; x_wconf 88' lang='lat' dir='ltr'>mentum</span> <span class='ocrx_word' id='word_1_634' title='bbox 442 3249 452 3265; x_wconf 90' lang='lat'>,</span> <span class='ocrx_word' id='word_1_635' title='bbox 480 3225 575 3268; x_wconf 90' lang='lat' dir='ltr'>quale</span> <span class='ocrx_word' id='word_1_636' title='bbox 594 3225 628 3259; x_wconf 74' lang='grc' dir='ltr'>ὃ(</span> <span class='ocrx_word' id='word_1_637' title='bbox 651 3222 790 3266; x_wconf 84' lang='lat' dir='ltr'>Moyses</span> <span class='ocrx_word' id='word_1_638' title='bbox 807 3225 870 3262; x_wconf 88' lang='lat' dir='ltr'>fuit</span> <span class='ocrx_word' id='word_1_639' title='bbox 891 3249 902 3265; x_wconf 86' lang='lat'>‚</span> <span class='ocrx_word' id='word_1_640' title='bbox 928 3223 1140 3268; x_wconf 23' lang='lat' dir='ltr'>adipatranda</span> 
     </span>
     <span class='ocr_line' id='line_1_89' title="bbox 267 3274 1141 3321; baseline 0.002 -14"><span class='ocrx_word' id='word_1_641' title='bbox 267 3275 419 3308; x_wconf 88' lang='lat' dir='ltr'>miracula</span> <span class='ocrx_word' id='word_1_642' title='bbox 441 3274 459 3311; x_wconf 67' lang='lat' dir='ltr'>a</span> <span class='ocrx_word' id='word_1_643' title='bbox 482 3275 559 3310; x_wconf 79' lang='lat' dir='ltr'>Deo</span> <span class='ocrx_word' id='word_1_644' title='bbox 581 3274 787 3321; x_wconf 84' lang='lat' dir='ltr'>adsumptum</span> <span class='ocrx_word' id='word_1_645' title='bbox 809 3275 843 3311; x_wconf 75' lang='grc' dir='ltr'>δε</span> <span class='ocrx_word' id='word_1_646' title='bbox 863 3275 1069 3321; x_wconf 86' lang='lat' dir='ltr'>usurpatum.</span> <span class='ocrx_word' id='word_1_647' title='bbox 1098 3275 1141 3321; x_wconf 82' lang='lat' dir='ltr'>Et</span> 
     </span>
     <span class='ocr_line' id='line_1_90' title="bbox 264 3323 1139 3367; baseline 0.002 -12"><span class='ocrx_word' id='word_1_648' title='bbox 264 3323 302 3356; x_wconf 69' lang='lat' dir='ltr'>&#39;in</span> <span class='ocrx_word' id='word_1_649' title='bbox 324 3323 412 3358; x_wconf 89' lang='lat' dir='ltr'>libris</span> <span class='ocrx_word' id='word_1_650' title='bbox 433 3324 584 3361; x_wconf 72' lang='lat' dir='ltr'>adversus</span> <span class='ocrx_word' id='word_1_651' title='bbox 595 3323 806 3359; x_wconf 81' lang='lat' dir='ltr'>Nestorium:</span> <span class='ocrx_word' id='word_1_652' title='bbox 834 3323 973 3367; x_wconf 81' lang='lat' dir='ltr'>Subjicit</span> <span class='ocrx_word' id='word_1_653' title='bbox 986 3323 1139 3366; x_wconf 78' lang='lat' dir='ltr'>Nestorius</span> 
     </span>
     <span class='ocr_line' id='line_1_91' title="bbox 266 3372 1140 3418; baseline 0 -11"><span class='ocrx_word' id='word_1_654' title='bbox 266 3372 417 3413; x_wconf 73' lang='lat' dir='ltr'>Christum</span> <span class='ocrx_word' id='word_1_655' title='bbox 439 3387 498 3409; x_wconf 84' lang='lat' dir='ltr'>non</span> <span class='ocrx_word' id='word_1_656' title='bbox 523 3378 619 3409; x_wconf 86' lang='lat' dir='ltr'>Deum</span> <span class='ocrx_word' id='word_1_657' title='bbox 642 3386 748 3413; x_wconf 69' lang='lat' dir='ltr'>verum</span> <span class='ocrx_word' id='word_1_658' title='bbox 771 3396 781 3414; x_wconf 92' lang='lat'>‚</span> <span class='ocrx_word' id='word_1_659' title='bbox 801 3372 1140 3418; x_wconf 71' lang='lat' dir='ltr'>sed-Deiferumpotius</span> 
     </span>
     <span class='ocr_line' id='line_1_92' title="bbox 263 3421 1143 3472; baseline 0.006 -18"><span class='ocrx_word' id='word_1_660' title='bbox 263 3421 412 3470; x_wconf 62' lang='lat' dir='ltr'>bominem</span> <span class='ocrx_word' id='word_1_661' title='bbox 423 3425 531 3472; x_wconf 48' lang='lat' dir='ltr'>fulffe„</span> <span class='ocrx_word' id='word_1_662' title='bbox 559 3426 658 3460; x_wconf 88' lang='lat' dir='ltr'>Hanc</span> <span class='ocrx_word' id='word_1_663' title='bbox 682 3427 791 3469; x_wconf 85' lang='lat' dir='ltr'>itaque</span> <span class='ocrx_word' id='word_1_664' title='bbox 811 3423 1046 3469; x_wconf 82' lang='lat' dir='ltr'>blasphemiam</span> <span class='ocrx_word' id='word_1_665' title='bbox 1066 3437 1143 3460; x_wconf 88' lang='lat' dir='ltr'>ana·</span> 
     </span>
     <span class='ocr_line' id='line_1_93' title="bbox 266 3472 734 3521; baseline 0 -14"><span class='ocrx_word' id='word_1_666' title='bbox 266 3472 556 3521; x_wconf 49' lang='lat' dir='ltr'>thematefflamnat</span> <span class='ocrx_word' id='word_1_667' title='bbox 569 3476 716 3519; x_wconf 88' lang='lat' dir='ltr'>Cyrillus</span> <span class='ocrx_word' id='word_1_668' title='bbox 729 3500 734 3506; x_wconf 97' lang='lat'>.</span> 
     </span>
    </p>
   </div>
   <div class='ocr_carea' id='block_1_30' title="bbox 1204 2772 2225 3559">
    <p class='ocr_par' dir='ltr' id='par_1_31' title="bbox 1204 2772 2225 3559">
     <span class='ocr_line' id='line_1_94' title="bbox 1207 2772 2090 2815; baseline -0.003 -6"><span class='ocrx_word' id='word_1_669' title='bbox 1207 2785 1285 2809; x_wconf 85' lang='lat' dir='ltr'>tores</span> <span class='ocrx_word' id='word_1_670' title='bbox 1310 2779 1490 2811; x_wconf 78' lang='lat' dir='ltr'>Divinorum</span> <span class='ocrx_word' id='word_1_671' title='bbox 1511 2774 1702 2814; x_wconf 84' lang='lat' dir='ltr'>Eloquiorum</span> <span class='ocrx_word' id='word_1_672' title='bbox 1730 2798 1737 2804; x_wconf 93' lang='lat'>.</span> <span class='ocrx_word' id='word_1_673' title='bbox 1763 2773 1824 2809; x_wconf 81' lang='lat' dir='ltr'>Sed</span> <span class='ocrx_word' id='word_1_674' title='bbox 1842 2772 2014 2815; x_wconf 65' lang='lat' dir='ltr'>ubicumque</span> <span class='ocrx_word' id='word_1_675' title='bbox 2039 2772 2090 2806; x_wconf 85' lang='lat' dir='ltr'>hoc</span> 
     </span>
     <span class='ocr_line' id='line_1_95' title="bbox 1208 2821 2090 2867; baseline -0.002 -9"><span class='ocrx_word' id='word_1_676' title='bbox 1208 2826 1275 2858; x_wconf 74' lang='lat' dir='ltr'>dixi</span> <span class='ocrx_word' id='word_1_677' title='bbox 1297 2851 1307 2866; x_wconf 94' lang='lat'>,</span> <span class='ocrx_word' id='word_1_678' title='bbox 1343 2824 1447 2867; x_wconf 73' lang='lat' dir='ltr'>dixisse</span> <span class='ocrx_word' id='word_1_679' title='bbox 1471 2834 1516 2859; x_wconf 86' lang='lat' dir='ltr'>me</span> <span class='ocrx_word' id='word_1_680' title='bbox 1538 2821 1642 2856; x_wconf 82' lang='lat' dir='ltr'>nollem</span> <span class='ocrx_word' id='word_1_681' title='bbox 1666 2849 1673 2855; x_wconf 88' lang='lat'><em>.</em></span> <span class='ocrx_word' id='word_1_682' title='bbox 1713 2822 1842 2861; x_wconf 84' lang='lat' dir='ltr'>Eodem</span> <span class='ocrx_word' id='word_1_683' title='bbox 1866 2822 1969 2856; x_wconf 89' lang='lat' dir='ltr'>modo</span> <span class='ocrx_word' id='word_1_684' title='bbox 1995 2829 2090 2858; x_wconf 85' lang='lat' dir='ltr'>Homo</span> 
     </span>
     <span class='ocr_line' id='line_1_96' title="bbox 1208 2871 2090 2918; baseline -0.002 -9"><span class='ocrx_word' id='word_1_685' title='bbox 1208 2875 1333 2916; x_wconf 73' lang='lat' dir='ltr'>Deifer,</span> <span class='ocrx_word' id='word_1_686' title='bbox 1355 2875 1480 2918; x_wconf 63' lang='lat' dir='ltr'>‚quisin</span> <span class='ocrx_word' id='word_1_687' title='bbox 1494 2872 1558 2909; x_wconf 89' lang='lat' dir='ltr'>Dei</span> <span class='ocrx_word' id='word_1_688' title='bbox 1580 2873 1706 2910; x_wconf 84' lang='lat' dir='ltr'>familia</span> <span class='ocrx_word' id='word_1_689' title='bbox 1717 2872 1784 2907; x_wconf 88' lang='lat' dir='ltr'>dici</span> <span class='ocrx_word' id='word_1_690' title='bbox 1807 2883 1876 2907; x_wconf 89' lang='lat' dir='ltr'>non</span> <span class='ocrx_word' id='word_1_691' title='bbox 1889 2871 2005 2916; x_wconf 87' lang='lat' dir='ltr'>poffit?</span> <span class='ocrx_word' id='word_1_692' title='bbox 2033 2873 2090 2907; x_wconf 90' lang='lat' dir='ltr'>Et-</span> 
     </span>
     <span class='ocr_line' id='line_1_97' title="bbox 1206 2921 2089 2967; baseline -0.001 -9"><span class='ocrx_word' id='word_1_693' title='bbox 1206 2926 1296 2959; x_wconf 91' lang='lat' dir='ltr'>enim</span> <span class='ocrx_word' id='word_1_694' title='bbox 1321 2925 1475 2962; x_wconf 73' lang='lat' dir='ltr'>Sanstum</span> <span class='ocrx_word' id='word_1_695' title='bbox 1496 2922 1670 2967; x_wconf 77' lang='lat' dir='ltr'>ignatium</span> <span class='ocrx_word' id='word_1_696' title='bbox 1685 2923 1868 2966; x_wconf 80' lang='lat' dir='ltr'>Martyrem</span> <span class='ocrx_word' id='word_1_697' title='bbox 1892 2924 1927 2958; x_wconf 87' lang='lat'>&amp;</span> <span class='ocrx_word' id='word_1_698' title='bbox 1953 2921 2089 2965; x_wconf 90' lang='lat' dir='ltr'>Episco-</span> 
     </span>
     <span class='ocr_line' id='line_1_98' title="bbox 1208 2968 2220 3019; baseline -0.005 -10"><span class='ocrx_word' id='word_1_699' title='bbox 1208 2987 1285 3019; x_wconf 87' lang='lat' dir='ltr'>pum</span> <span class='ocrx_word' id='word_1_700' title='bbox 1308 2973 1606 3011; x_wconf 86' lang='lat' dir='ltr'>Antiochenumin</span> <span class='ocrx_word' id='word_1_701' title='bbox 1628 2974 1740 3007; x_wconf 70' lang='lat' dir='ltr'>ostava</span> <span class='ocrx_word' id='word_1_702' title='bbox 1766 2972 1903 3016; x_wconf 88' lang='lat' dir='ltr'>Synodo</span> <span class='ocrx_word' id='word_1_703' title='bbox 1931 2973 2089 3015; x_wconf 63' lang='lat' dir='ltr'>Deiferum</span> <span class='ocrx_word' id='word_1_704' title='bbox 2109 2968 2170 3001; x_wconf 70' lang='lat' dir='ltr'>Ast·</span> <span class='ocrx_word' id='word_1_705' title='bbox 2194 2982 2220 3002; x_wconf 83' lang='lat'>1-</span> 
     </span>
     <span class='ocr_line' id='line_1_99' title="bbox 1208 3022 2087 3067; baseline -0.002 -9"><span class='ocrx_word' id='word_1_706' title='bbox 1208 3035 1326 3059; x_wconf 88' lang='lat' dir='ltr'>vocant</span> <span class='ocrx_word' id='word_1_707' title='bbox 1350 3023 1502 3061; x_wconf 82' lang='lat' dir='ltr'>Thomas</span> <span class='ocrx_word' id='word_1_708' title='bbox 1523 3022 1709 3065; x_wconf 90' lang='lat' dir='ltr'>Tyriorum</span> <span class='ocrx_word' id='word_1_709' title='bbox 1721 3022 1939 3067; x_wconf 85' lang='lat' dir='ltr'>Metropolita</span> <span class='ocrx_word' id='word_1_710' title='bbox 1955 3047 1967 3063; x_wconf 89' lang='lat'>‚</span> <span class='ocrx_word' id='word_1_711' title='bbox 1993 3022 2087 3058; x_wconf 86' lang='lat' dir='ltr'>sedis-</span> 
     </span>
     <span class='ocr_line' id='line_1_100' title="bbox 1204 3072 2225 3123; baseline -0.001 -16"><span class='ocrx_word' id='word_1_712' title='bbox 1204 3086 1267 3117; x_wconf 89' lang='lat' dir='ltr'>que</span> <span class='ocrx_word' id='word_1_713' title='bbox 1289 3073 1508 3109; x_wconf 85' lang='lat' dir='ltr'>Antiochenae</span> <span class='ocrx_word' id='word_1_714' title='bbox 1519 3072 1673 3108; x_wconf 86' lang='lat' dir='ltr'>Vicarius</span> <span class='ocrx_word' id='word_1_715' title='bbox 1693 3073 1728 3106; x_wconf 69' lang='grc' dir='ltr'>ὅς</span> <span class='ocrx_word' id='word_1_716' title='bbox 1750 3073 1914 3118; x_wconf 84' lang='lat' dir='ltr'>Legatus,</span> <span class='ocrx_word' id='word_1_717' title='bbox 1941 3085 1979 3107; x_wconf 91' lang='lat' dir='ltr'>ac</span> <span class='ocrx_word' id='word_1_718' title='bbox 1990 3073 2082 3107; x_wconf 88' lang='lat' dir='ltr'>Elias</span> <span class='ocrx_word' id='word_1_719' title='bbox 2108 3087 2135 3114; x_wconf 74' lang='lat' dir='ltr'>p,</span> <span class='ocrx_word' id='word_1_720' title='bbox 2156 3096 2225 3123; x_wconf 83' lang='lat'><strong>199·</strong></span> 
     </span>
     <span class='ocr_line' id='line_1_101' title="bbox 1207 3121 2085 3168; baseline -0.001 -11"><span class='ocrx_word' id='word_1_721' title='bbox 1207 3125 1397 3168; x_wconf 79' lang='lat' dir='ltr'>Presbyter,</span> <span class='ocrx_word' id='word_1_722' title='bbox 1424 3123 1630 3168; x_wconf 89' lang='lat' dir='ltr'>Legatusque</span> <span class='ocrx_word' id='word_1_723' title='bbox 1651 3123 1685 3157; x_wconf 90' lang='lat'>&amp;</span> <span class='ocrx_word' id='word_1_724' title='bbox 1710 3123 1879 3165; x_wconf 89' lang='lat' dir='ltr'>Syncellus</span> <span class='ocrx_word' id='word_1_725' title='bbox 1901 3121 2085 3157; x_wconf 76' lang='lat' dir='ltr'>Theodosii</span> 
     </span>
     <span class='ocr_line' id='line_1_102' title="bbox 1208 3172 2088 3220; baseline -0.002 -11"><span class='ocrx_word' id='word_1_726' title='bbox 1208 3173 1400 3220; x_wconf 73' lang='lat' dir='ltr'>Patriarchae</span> <span class='ocrx_word' id='word_1_727' title='bbox 1426 3173 1743 3215; x_wconf 87' lang='lat' dir='ltr'>Hierosolymitani.</span> <span class='ocrx_word' id='word_1_728' title='bbox 1774 3172 1915 3209; x_wconf 85' lang='lat' dir='ltr'>Causam</span> <span class='ocrx_word' id='word_1_729' title='bbox 1929 3173 1985 3207; x_wconf 88' lang='lat' dir='ltr'>dat</span> <span class='ocrx_word' id='word_1_730' title='bbox 1997 3172 2088 3207; x_wconf 86' lang='lat' dir='ltr'>Ana·</span> 
     </span>
     <span class='ocr_line' id='line_1_103' title="bbox 1206 3219 2086 3265; baseline -0.003 -7"><span class='ocrx_word' id='word_1_731' title='bbox 1206 3224 1313 3259; x_wconf 82' lang='lat' dir='ltr'>stafius</span> <span class='ocrx_word' id='word_1_732' title='bbox 1326 3219 1602 3258; x_wconf 85' lang='lat' dir='ltr'>Bibliothecarius</span> <span class='ocrx_word' id='word_1_733' title='bbox 1630 3223 1663 3255; x_wconf 90' lang='lat' dir='ltr'>in</span> <span class='ocrx_word' id='word_1_734' title='bbox 1676 3221 1812 3261; x_wconf 81' lang='lat' dir='ltr'>scholiis</span> <span class='ocrx_word' id='word_1_735' title='bbox 1822 3223 1862 3258; x_wconf 87' lang='lat' dir='ltr'>ad</span> <span class='ocrx_word' id='word_1_736' title='bbox 1887 3222 2009 3258; x_wconf 61' lang='lat' dir='ltr'>dislum</span> <span class='ocrx_word' id='word_1_737' title='bbox 2027 3223 2086 3265; x_wconf 88' lang='lat' dir='ltr'>Sy-</span> 
     </span>
     <span class='ocr_line' id='line_1_104' title="bbox 1210 3273 2083 3320; baseline -0.008 -10"><span class='ocrx_word' id='word_1_738' title='bbox 1210 3274 1289 3310; x_wconf 86' lang='lat' dir='ltr'>nodi</span> <span class='ocrx_word' id='word_1_739' title='bbox 1300 3274 1410 3312; x_wconf 88' lang='lat' dir='ltr'>locum</span> <span class='ocrx_word' id='word_1_740' title='bbox 1422 3287 1433 3312; x_wconf 89' lang='lat'>.·</span> <span class='ocrx_word' id='word_1_741' title='bbox 1460 3273 1600 3308; x_wconf 77' lang='lat' dir='ltr'>Tradunt</span> <span class='ocrx_word' id='word_1_742' title='bbox 1611 3275 1710 3310; x_wconf 73' lang='lat' dir='ltr'>Graeci</span> <span class='ocrx_word' id='word_1_743' title='bbox 1720 3296 1731 3315; x_wconf 89' lang='lat'>‚</span> <span class='ocrx_word' id='word_1_744' title='bbox 1752 3274 1832 3315; x_wconf 83' lang='lat' dir='ltr'>quod</span> <span class='ocrx_word' id='word_1_745' title='bbox 1841 3284 1928 3320; x_wconf 82' lang='lat' dir='ltr'>quem</span> <span class='ocrx_word' id='word_1_746' title='bbox 1939 3275 2083 3304; x_wconf 68' lang='lat' dir='ltr'>Dominus</span> 
     </span>
     <span class='ocr_line' id='line_1_105' title="bbox 1207 3321 2085 3364; baseline -0.001 -7"><span class='ocrx_word' id='word_1_747' title='bbox 1207 3325 1384 3362; x_wconf 78' lang='lat' dir='ltr'>advocatum</span> <span class='ocrx_word' id='word_1_748' title='bbox 1390 3323 1500 3364; x_wconf 70' lang='lat' dir='ltr'>statutt</span> <span class='ocrx_word' id='word_1_749' title='bbox 1510 3328 1542 3356; x_wconf 75' lang='lat' dir='ltr'>in</span> <span class='ocrx_word' id='word_1_750' title='bbox 1563 3323 1660 3361; x_wconf 69' lang='lat' dir='ltr'>medlo</span> <span class='ocrx_word' id='word_1_751' title='bbox 1672 3347 1683 3363; x_wconf 89' lang='lat'>‚</span> <span class='ocrx_word' id='word_1_752' title='bbox 1708 3324 1808 3356; x_wconf 80' lang='lat' dir='ltr'>dicens</span> <span class='ocrx_word' id='word_1_753' title='bbox 1822 3347 1832 3363; x_wconf 88' lang='lat'>‚</span> <span class='ocrx_word' id='word_1_754' title='bbox 1860 3322 1949 3357; x_wconf 74' lang='lat' dir='ltr'>lel</span> <span class='ocrx_word' id='word_1_755' title='bbox 1970 3321 2085 3356; x_wconf 91' lang='lat' dir='ltr'>CON-</span> 
     </span>
     <span class='ocr_line' id='line_1_106' title="bbox 1208 3370 2083 3413; baseline -0.006 -5"><span class='ocrx_word' id='word_1_756' title='bbox 1208 3375 1345 3408; x_wconf 88' lang='lat' dir='ltr'>VERSI</span> <span class='ocrx_word' id='word_1_757' title='bbox 1366 3373 1596 3412; x_wconf 82' lang='lat' dir='ltr'>FUERlTlS</span> <span class='ocrx_word' id='word_1_758' title='bbox 1605 3397 1615 3413; x_wconf 91' lang='lat'><em>,</em></span> <span class='ocrx_word' id='word_1_759' title='bbox 1643 3373 1712 3408; x_wconf 83' lang='lat' dir='ltr'>ET</span> <span class='ocrx_word' id='word_1_760' title='bbox 1725 3370 2021 3407; x_wconf 83' lang='lat' dir='ltr'>EFFICIAMINI</span> <span class='ocrx_word' id='word_1_761' title='bbox 2033 3371 2083 3404; x_wconf 81' lang='lat'>81-</span> 
     </span>
     <span class='ocr_line' id='line_1_107' title="bbox 1208 3420 2082 3466; baseline -0.008 -7"><span class='ocrx_word' id='word_1_762' title='bbox 1208 3424 1320 3459; x_wconf 87' lang='lat' dir='ltr'>CUT</span> <span class='ocrx_word' id='word_1_763' title='bbox 1343 3424 1431 3458; x_wconf 71' lang='lat' dir='ltr'>HIC</span> <span class='ocrx_word' id='word_1_764' title='bbox 1452 3422 1748 3463; x_wconf 81' lang='lat' dir='ltr'>PARVULUS,</span> <span class='ocrx_word' id='word_1_765' title='bbox 1774 3422 1823 3463; x_wconf 81' lang='lat' dir='ltr'>iste</span> <span class='ocrx_word' id='word_1_766' title='bbox 1849 3420 2082 3466; x_wconf 81' lang='lat' dir='ltr'>Ignatiusfuit,</span> 
     </span>
     <span class='ocr_line' id='line_1_108' title="bbox 1207 3471 2081 3516; baseline -0.009 -6"><span class='ocrx_word' id='word_1_767' title='bbox 1207 3476 1239 3510; x_wconf 67' lang='lat' dir='ltr'>et</span> <span class='ocrx_word' id='word_1_768' title='bbox 1261 3476 1365 3509; x_wconf 78' lang='lat' dir='ltr'>idcirco</span> <span class='ocrx_word' id='word_1_769' title='bbox 1391 3473 1469 3509; x_wconf 88' lang='lat' dir='ltr'>bunc</span> <span class='ocrx_word' id='word_1_770' title='bbox 1488 3472 1750 3511; x_wconf 85' lang='lat' dir='ltr'>DEIFERUM</span> <span class='ocrx_word' id='word_1_771' title='bbox 1776 3478 1967 3516; x_wconf 84' lang='lat' dir='ltr'>nuncupant.</span> <span class='ocrx_word' id='word_1_772' title='bbox 1995 3471 2081 3509; x_wconf 70' lang='lat' dir='ltr'>Unde</span> 
     </span>
     <span class='ocr_line' id='line_1_109' title="bbox 1978 3531 2030 3559; baseline -0.019 0"><span class='ocrx_word' id='word_1_773' title='bbox 1978 3531 2030 3559; x_wconf 65' lang='lat'>7¹60</span> 
     </span>
    </p>
   </div>
  </div>
 </body>
</html>
